3150 5000
546 225 678 292 268
1565 245 1901 293 mmmvs

544 409 620 475 cf.
685 408 859 475 Pers.
917 408 1053 476 Sat.
1103 409 1165 474 4.
1219 409 1290 478 6:
1359 416 1721 488 „commota
1766 409 1971 475 feruet
2015 375 2345 495 plebecula
2391 407 2589 473 bile.”
2646 444 2725 455 —
2778 403 2915 482 „In-

542 517 921 600 quietiores”
971 517 1148 584 dedit
1194 514 1536 602 Gelenius3
1584 521 1653 582 in
1700 516 1784 583 V.
1832 523 1931 582 est
1979 515 2383 596 „iustiores-'⁹

633 728 693 795 6.
749 731 807 797 1.
858 732 1168 819 Aegyptii
1214 752 1442 798 uenere
1487 730 1846 817 complures
1860 777 1877 810 ,
1924 751 2127 819 genus
2174 730 2513 794 hominum
2562 731 2917 794 controuer-

539 857 683 902 sum
731 845 796 904 et
834 838 1249 905 adsuetudine
1284 838 1649 924 perplexius
1684 837 1988 926 litigandi
2024 856 2273 922 semper
2318 825 2927 901 laetissimum.'’

629 940 926 1032 Corrige‚
975 945 1028 1010 si
1075 948 1316 1031 placet,
1365 943 1440 1010 le
1458 947 1914 1010 uissimum.
1962 941 2272 1029 Perplexe
2317 939 2624 1030 litigandi
2670 959 2917 1005 consue·

536 1050 757 1116 tudine
803 1049 924 1118 fide
969 1051 1220 1139 indigni
1237 1099 1253 1130 ‚
1300 1051 1556 1117 fallaces
1604 1060 1667 1116 et
1715 1051 2046 1118 mendaces
2093 1050 2246 1116 facti
2292 1054 2490 1115 erant.

595 1249 689 1318 “’7.
742 1249 845 1316 10.
898 1253 1040 1332 „Ab
1080 1252 1340 1320 australi
1381 1253 1573 1342 plaga
1614 1254 1693 1320 ad
1732 1252 2176 1320 famulandum
2218 1255 2310 1318 rei
2344 1251 2670 1318 Romanae
2720 1253 2921 1314 semet

533 1357 936 1424 offerentibus
998 1357 1248 1424 Mauris
1269 1407 1284 1438 ‚
1349 1361 1428 1426 ab
1474 1360 1768 1446 aquilone
1830 1367 1893 1425 et
1950 1359 2318 1447 regionibus
2364 1357 2516 1423 solis
2537 1407 2555 1441 ‚
2604 1375 2717 1442 per
2766 1373 2919 1439 quas

531 1465 607 1527 in
660 1484 866 1530 mare
910 1463 1141 1531 Phasis
1184 1468 1530 1551 accipitur,
1579 1465 1958 1553 Bosporanis
2003 1465 2270 1550 aliisque
2316 1463 2583 1530 antehac
2629 1461 2918 1548 ignotis'’

608 1573 638 1633 t
669 1615 684 1632 .

535 1587 606 1634 ce
621 1574 1024 1761 Itneptissime
1092 1678 1305 1744 editur
1350 1642 1529 1766 ’„per
1598 1701 1755 1764 quas
1822 1682 1898 1746 in
1971 1699 2176 1746 mare
2243 1677 2472 1743 Phasis
2542 1672 2918 1760 accipitur.'’

531 1779 800 1867 Scripsit
845 1785 918 1849 A.
971 1785 1106 1850 sine
1150 1784 1346 1852 dubio
1395 1807 1548 1872 „per
1595 1807 1751 1873 quas
1798 1806 2056 1853 meare
2103 1785 2331 1851 Phasis
2377 1781 2753 1868 accipitur.”

623 1991 686 2056 8.
741 1990 844 2060 16.
917 1992 1227 2072 „Gerasus
1247 2043 1264 2074 ‚
1325 1997 1492 2062 unde
1539 1997 1801 2063 aduexit
1845 1998 2039 2063 huius
2085 1995 2295 2062 modi
2342 2015 2537 2081 poma
2582 1993 2917 2060 Lucullus.

620 2097 743 2165 Vv.
793 2099 1028 2177 „huius
1071 2101 1292 2167 modi''
1333 2102 1579 2170 nullam
1627 2107 2214 2190 interpretationem
2262 2103 2637 2168 admittunt.
2702 2100 2915 2188 Lege:

531 2204 764 2282 „huius
811 2209 1193 2274 nominis”
1242 2209 1315 2274 cf.
1369 2211 1405 2294 ς
1451 2208 1540 2274 28
1592 2210 1731 2288 „Ra
1777 2214 1985 2278 amnis
2022 2213 2089 2276 in
2128 2212 2312 2277 cuius
2352 2207 2710 2296 superciliis
2752 2210 2917 2273 eius·

527 2309 674 2376 dem
721 2315 996 2379 nominis
1040 2316 1338 2402 gignitur
1381 2316 1629 2382 radix.”

617 2512 679 2578 8.
734 2511 838 2578 19.
904 2518 1341 2594 „Amazonum
1404 2522 1738 2608 progenies
1784 2521 1973 2609 longe
2022 2568 2039 2587 .
2069 2569 2086 2585 .
2113 2567 2128 2584 .
2159 2571 2174 2588 .
2225 2523 2574 2607 propagata
2628 2566 2646 2583 .
2676 2566 2691 2582 .
2721 2566 2741 2582 .
2770 2564 2785 2582 .
2838 2515 2916 2582 ad

521 2616 660 2685 loca
725 2628 1074 2687 reuerterat
1141 2623 1480 2710 genitalia,
1557 2634 1775 2691 secuto
1849 2632 2131 2712 tempore
2203 2625 2455 2712 populis
2509 2625 2910 2690 diuersarum

521 2726 918 2812 originum
963 2728 1451 2796 formidabilis.”

612 2830 1016 2899 Probabilius
1048 2840 1204 2920 puto
1239 2840 1312 2901 A.
1341 2839 1665 2923 scripsisse
1692 2838 1984 2924 „populis
2008 2838 2401 2905 diuersarum
2440 2834 2915 2926 regionum.”

609 3048 674 3114 8.
724 3048 835 3115 25.
907 3050 1188 3128 „Achaei
1251 3051 1548 3118 stabilem
1609 3052 2054 3119 domiciliis
2100 3054 2356 3120 sedem
2402 3070 2720 3137 nusquam
2774 3070 2913 3135 rep·

516 3156 864 3241 perientes‚
934 3155 1283 3222 uerticibus
1351 3162 1671 3225 montium
1743 3160 2029 3226 insedere
2098 3181 2349 3246 semper
2419 3158 2737 3225 niualium
2761 3205 2779 3235 ‚
2844 3161 2908 3221 et

517 3262 771 3327 horrore
853 3262 1016 3328 caeli
1103 3262 1408 3341 districti,
1481 3267 1793 3331 uictum
1862 3268 2110 3332 etiam
2182 3267 2308 3333 sibi
2376 3286 2526 3332 cum
2606 3261 2908 3350 periculis

514 3372 742 3451 rapto
789 3388 1007 3453 parare
1053 3367 1402 3435 adsuefacti
1449 3373 1665 3436 sunt.”

606 3472 750 3537 Non
812 3473 1257 3541 domiciliis
1319 3476 1584 3541 sedem
1648 3478 1755 3544 sed
1814 3480 2222 3545 domicilii
2268 3480 2533 3547 sedem
2582 3476 2905 3562 scripsisse

512 3600 592 3645 ex
653 3578 802 3645 Vat.
867 3586 1163 3665 apparet,
1225 3584 1336 3666 qui
1395 3582 1589 3648 habet
1651 3584 2112 3652 domiciliis
2166 3588 2401 3653 idem.
2458 3624 2540 3635 —
2588 3583 2665 3650 In
2732 3601 2901 3668 seqq.

511 3686 760 3769 primus
816 3681 1123 3751 Gelenius
1167 3687 1346 3753 dedit
1407 3690 1723 3755 uictum
1782 3694 2058 3770 etiam,
2108 3695 2361 3779 inepte,
2408 3713 2560 3759 nam
2610 3690 2765 3779 quid
2814 3691 2903 3756 fa-

511 3794 758 3859 ciamus
802 3790 919 3856 illo
965 3795 1200 3858 etiam
1248 3814 1436 3859 nemo
1483 3794 1851 3882 explicabit.
1902 3798 1974 3864 In
2015 3799 2156 3866 Vat.
2198 3808 2295 3867 est
2342 3803 2637 3866 uirium
2687 3804 2899 3864 etum

512 3896 679 3963 unde
719 3895 921 3963 efficio
967 3898 1336 3965 diurnum
1385 3904 1709 3969 uictum.
1758 3942 1841 3955 —-
1880 3905 2008 3974 Pro
2042 3912 2289 3992 rapto
2324 3906 2599 3995 legerim
2636 3912 2897 3991 raptu.

601 4109 661 4176 8.
714 4109 822 4176 35.
898 4108 1012 4188 „In
1083 4112 1201 4178 hac
1273 4112 1543 4181 Taurica
1603 4117 1813 4184 insula
1871 4119 2081 4186 Leuce
2142 4126 2223 4187 et
2280 4142 2544 4206 aquae
2590 4130 2789 4189 sunt
2836 4128 2897 4189 et

509 4219 810 4286 candidae
885 4237 1034 4283 aues
1110 4228 1458 4287 nascuntur
1525 4222 1943 4313 halcyonibus
2010 4228 2257 4294 similes
2281 4274 2297 4307 ‚
2368 4250 2558 4316 super
2624 4250 2891 4317 quarum

505 4327 753 4414 origine
802 4376 818 4394 .
847 4373 864 4391 .
891 4372 905 4391 .
936 4372 952 4389 .
1003 4330 1292 4412 tempore
1337 4330 1788 4398 disseremus.’'
