3150 5000
544 205 676 272 318
852 293 869 306 δ
1232 191 1235 196 ’
1518 173 1948 278 memmi.

631 387 855 476 Capite
902 389 975 456 V.
1032 388 1149 456 17:
1192 391 1437 463 πολλὰς
1488 391 1827 464 δικαιώσεις
1875 418 1926 458 π
1943 391 2544 474 ροενεγκόντων
2589 391 2927 468 ἁλλιὶλοις,

537 515 664 562 non
725 498 909 582 peius
964 501 1133 562 certe
1194 503 1291 562 est
1352 499 1519 583 quod
1584 499 1708 566 Dio
1769 498 2024 566 Cassius
2086 499 2224 566 Vol.
2277 498 2326 564 Ι.
2376 519 2438 584 p.
2495 497 2580 566 10
2627 497 2738 564 Df.
2790 497 2934 562 hinc

538 603 763 670 habet:
808 601 1551 683 προσενεγκόντων.
1601 604 1754 690 Gap.
1805 605 1889 672 18
1925 605 2394 672 Herwerdenus
2416 626 2543 671 non
2566 603 2936 670 reeordatus

536 710 731 774 fuisse
790 709 1047 776 videtur
1112 709 1281 794 quod
1341 709 1587 798 legerat
1655 713 1875 776 Mnem.
1927 711 2064 778 VII.
2114 709 2246 776 415
2309 717 2375 776 et
2419 711 2594 796 quod
2637 710 2740 774 ibi
2789 710 2935 774 urbs

536 815 805 880 Πτελεὸν
862 825 1275 890 memoratur,
1340 817 1694 882 adscribere
1739 820 1924 884 iuvat'
1971 817 2187 884 locum
2235 814 2545 901 Stephani
2593 814 2935 902 Byzantii:

536 918 843 986 Πτελεόν·
908 921 1091 993 πόλις
1140 921 1369 992 Ἰωνίας
1418 923 1523 986 καὶ
1572 923 1856 1003 Τρῳάδος
1905 925 2009 988 καὶ
2049 929 2168 988 τῶν
2213 921 2938 1001 παραθαλαττίων

534 1027 849 1108 Ἀχαιῶν,
914 1028 1029 1092 ubi
1090 1027 1461 1112 planissime
1533 1029 1981 1117 corrigendum
2046 1035 2170 1095 est:
2221 1035 2336 1094 τῶν
2385 1027 2563 1109 περ)
2621 1037 2938 1092 Θεττα-

533 1150 573 1200 λ
594 1133 618 1198 ί
634 1158 677 1198 α
696 1158 727 1198 ν
783 1133 1079 1213 Ἀχαιῶν.
1150 1131 1582 1200 Simillimum
1632 1137 1874 1202 vitium
1919 1139 2046 1202 nisi
2093 1135 2299 1213 fallor,
2349 1135 2634 1201 nondum
2685 1154 2942 1200 correc-

534 1247 677 1307 tum
716 1241 844 1306 fuit
880 1243 947 1306 in
989 1237 1200 1305 Schol.
1242 1240 1322 1306 ad
1345 1239 1541 1306 Hom.
1568 1240 1752 1308 Iliad.
1782 1251 1832 1308 K
1857 1241 2027 1308 266:
2053 1243 2347 1323 προειπὼν
2371 1243 2433 1308 ἕν
2484 1242 2634 1306 θαλ
2654 1264 2938 1312 ασσηω

533 1355 835 1415 κατοικεῖν
890 1345 995 1414 τὸν
1056 1347 1440 1427 Ἀμύντορα,
1507 1348 1622 1414 ubi
1667 1350 1848 1416 vides
1895 1370 2121 1417 verum
2169 1370 2302 1416 esse
2351 1350 2412 1414 ἒν
2458 1359 2512 1414 Θ
2535 1347 2946 1428 εσσαλία.

620 1563 775 1652 Cap.
838 1563 961 1631 22:
1032 1563 1343 1645 παρόντων
1414 1565 1732 1644 πρέσβεων
1809 1568 1934 1633 ἀπὸ
2005 1575 2122 1632 τῶν
2188 1566 2664 1645 Ἀθηναίων,
2719 1588 2942 1634 nonne

528 1680 806 1760 praestat
868 1673 994 1738 ἀπὸ
1056 1677 1171 1738 τῶν
1234 1669 1609 1746 Ἀθηνῶνῖ
1673 1670 1826 1758 Cap.
1885 1672 2008 1740 32:
2060 1675 2646 1752 ἐνθυμούμενοι
2695 1675 2826 1746 τὰς
2877 1676 2939 1739 ἐν

530 1789 672 1854 ταῖς
733 1779 983 1860 μάχαις
1032 1776 1392 1860 ξυμφορας,
1442 1799 1566 1844 non
1613 1778 2076 1866 negligendum
2125 1781 2383 1846 videtur
2427 1779 2771 1846 Pollucem
2826 1780 2936 1864 qui

527 1887 742 1952 locum
789 1885 1041 1962 laudat,
1092 1885 1197 1950 hic
1242 1883 1475 1971 legisse
1520 1885 2022 1967 ἐνθυμιζόμε
2047 1910 2159 1951 νοι
2207 1885 2598 1970 eandemque
2644 1885 2934 1951 formam

528 1995 607 2058 ab
676 1991 877 2057 Suida
944 1994 1273 2058 inventam
1341 1990 1535 2056 fuisse
1605 1991 1774 2076 apud
1845 1991 2117 2058 Dionem
2192 1989 2505 2058 Cassium.
2603 1989 2762 2078 Gap.
2847 1989 2932 2055 34

528 2097 853 2166 Clearidas
936 2099 1147 2182 copias
1233 2117 1269 2161 e
1354 2095 1627 2162 Thracia
1711 2097 1968 2164 reduxit
2055 2117 2178 2163 non
2259 2097 2414 2164 adeo
2499 2123 2596 2175 με
2615 2122 2656 2162 τ
2675 2098 2722 2163 οἱ
2811 2099 2934 2168 τὰς

526 2203 831 2288 σπονδάς,
892 2203 1001 2268 sed
1062 2202 1279 2267 κατὰ
1324 2203 1443 2274 τὰς
1492 2203 1796 2287 σπονδάς,
1847 2206 2081 2290 quibus
2127 2206 2342 2290 paruit
2387 2225 2784 2290 quamquam
2837 2207 2932 2268 in-

528 2315 734 2388 vitus,
785 2310 862 2374 cf.
912 2331 965 2375 c.
1016 2309 1125 2385 21,
1175 2315 1241 2374 et
1285 2313 1626 2394 postquam
1675 2331 1866 2395 supra
1912 2312 1990 2377 de
2036 2311 2276 2396 Lepreo
2323 2310 2532 2376 multa
2576 2312 2711 2376 iam
2754 2311 2934 2375 dieta

524 2424 708 2495 sunt,
767 2436 907 2482 sero
966 2421 1063 2480 est
1108 2435 1277 2480 nunc
1324 2414 1588 2480 demum
1637 2416 1902 2502 addere,
1953 2437 2086 2483 esse
2132 2417 2447 2502 Lepreum
2495 2415 2774 2494 κείμενον
2825 2414 2927 2480 ἐπὶ

524 2534 633 2599 τῆς
682 2530 1043 2597 Λακωνικῆς
1092 2518 1200 2585 καὶ
1248 2529 1359 2597 τῆς
1408 2522 1689 2594 Ἠλείας.
1739 2522 1864 2587 Sed
1911 2522 2051 2589 leve
2100 2523 2254 2588 hoc:
2304 2524 2659 2621 magistme
2699 2524 2929 2591 adver·

524 2634 607 2696 tit
664 2630 832 2715 quod
893 2629 1169 2694 nimium
1234 2630 1543 2695 absonum
1593 2634 1723 2694 est:
1771 2631 1912 2699 τοὺς
1963 2628 2015 2692 δ’
2063 2630 2130 2694 ἐκ
2175 2637 2288 2703 τῆς
2337 2630 2514 2706 νήσου
2563 2630 2924 2710 ληφθέντας

521 2744 695 2817 σφῶν
744 2737 848 2801 καὶ
901 2736 987 2801 τὰ
1030 2730 1203 2799 ’ὅπλα
1244 2734 1677 2819 παραδόντας,
1711 2736 2023 2807 δείσαντες
2071 2735 2160 2814 μή
2201 2760 2260 2800 τι
2303 2735 2406 2799 διοὶ
2445 2735 2554 2809 τὴν
2589 2734 2926 2817 ξυμφορὰν

521 2846 879 2921 νομίσαντες
945 2842 1681 2915 ἐλασσωθήσεσθαι
1745 2842 1850 2907 καὶ
1917 2841 2083 2913 ὄντες
2137 2842 2406 2918 ἐπίτιμοι
2456 2842 2920 2921 νεωτερίσωσιν,

520 2951 627 3025 ἤδη
677 2950 781 3014 καὶ
824 2946 1033 3029 α’ρχοὶς
1074 2970 1245 3020 τινας
1287 2946 1555 3030 ἔχοντας
1600 2946 1863 3025 ἀτίμους
1909 2948 2241 3031 ἐποίησαν,
2284 2948 2548 3025 ἀτιμίαν
2587 2948 2650 3012 δὲ
2674 2947 2918 3014 τοιάνδε

518 3054 634 3126 ὤςε
697 3058 857 3134 μήτε
919 3052 1135 3136 ἄρχειν
1200 3054 1361 3131 μήτε
1426 3056 1793 3134 πριαμένους
1842 3078 1900 3119 τι
1949 3055 1984 3129 ἢ
2035 3059 2396 3125 πωλοῦντας
2443 3055 2671 3131 κυρίους
2722 3050 2922 3119 εἶναι·

518 3162 719 3246 ὕςερον
804 3163 857 3227 δ’
924 3156 1093 3232 αὖθις
1139 3160 1332 3243 χρόνῳ
1383 3161 1655 3239 ἐπίτιμοι
1705 3160 1997 3239 ἐγένοντο.
2051 3164 2186 3227 Aut
2235 3182 2372 3227 rem
2421 3182 2546 3227 non
2591 3160 2918 3227 intellexit

514 3276 651 3356 ipse
696 3268 1137 3355 Thucydides,
1188 3272 1301 3332 aut
1348 3287 1468 3354 ego
1514 3268 1962 3353 Thucydidem
2014 3288 2136 3332 non
2187 3267 2519 3355 intelligo,
2569 3274 2683 3333 aut
2728 3266 2917 3353 Spa»

516 3379 650 3441 tani
689 3374 1061 3440 mortalium
1104 3371 1473 3439 stultissimi
1519 3374 1771 3439 fuerant
1790 3421 1805 3450 ,
1849 3394 1962 3438 nec
2002 3375 2311 3459 perspicio
2329 3422 2346 3456 ,
2389 3374 2543 3458 quid
2581 3374 2916 3439 attinuerit

516 3484 895 3546 miserorum
962 3480 1297 3544 hominnm
1364 3482 1614 3545 animos
1677 3481 1918 3567 insigni
1966 3482 2202 3546 iniuria
2249 3482 2620 3547 exacerbare
2665 3486 2731 3545 et
2776 3502 2916 3566 pro·

513 3608 737 3653 vocare
802 3586 881 3651 ad
949 3585 1413 3651 rebellandum.
1461 3584 1648 3650 Nihil
1699 3598 1866 3651 certe
1914 3592 2044 3662 est,
2099 3586 2266 3670 quod
2316 3585 2486 3651 docti
2535 3587 2658 3652 viri
2709 3588 2913 3653 confe-

511 3702 661 3759 runt
724 3694 1063 3758 minimam
1114 3691 1282 3777 apud
1330 3690 1652 3758 Romanos
1699 3694 1928 3776 capitis
1981 3692 2492 3759 deminutionem
2513 3740 2531 3769 ‚
2583 3695 2764 3757 cuius
2817 3694 2911 3757 di-

512 3798 877 3866 versissima
939 3800 1106 3862 ratio
1170 3804 1299 3881 est,
1375 3796 1476 3863 vel
1528 3796 1794 3875 οέτιμίαν
1843 3798 2016 3861 κατὰ
2065 3794 2439 3875 πρόσταξιν,
2489 3798 2568 3864 de
2614 3819 2739 3883 qua
2787 3802 2912 3863 An-

512 3905 761 3972 docides
810 3910 945 3969 tam
993 3903 1249 3968 confuse
1296 3910 1359 3967 et
1409 3902 1706 3988 perplexe
1753 3903 2012 3980 retulit,
2063 3910 2136 3967 ut
2177 3924 2366 3969 nemo
2403 3902 2734 3989 hucusque
2771 3925 2910 3970 eam

510 4010 979 4099 paragraphum
1044 4007 1383 4093 explanare
1443 4011 1750 4092 potnerit.
1819 4008 2060 4073 Parum
2111 4009 2364 4094 prodest
2411 4030 2561 4075 cum
2611 4010 2906 4076 Hei-wer-

508 4119 667 4184 deno
730 4117 1063 4181 restituere
1128 4117 1412 4179 Atticam
1476 4114 1752 4179 formam
1821 4115 2285 4179 ἐλασσώσεσθαι
2352 4122 2452 4192 et,
2511 4118 2568 4180 si
2616 4116 2769 4202 quid
2819 4126 2910 4181 est

510 4222 954 4311 corrigendum
1018 4219 1208 4305 paulo
1272 4230 1488 4286 tamen
1549 4219 1784 4285 melius
1847 4220 2256 4309 intelligam:
2330 4222 2414 4286 ἒλ
2435 4222 2742 4297 αθιὶσεσ
2763 4223 2906 4289 θαι.

502 4325 717 4407 Ἀγος-
756 4328 1028 4393 ἐλαύνειν
1074 4347 1263 4411 supra
1310 4326 1525 4391 crebro
1573 4327 1945 4391 habuimus.
