3150 5000
1117 321 1376 372 oassms
1418 319 1547 371 mo,
2395 303 2527 372 337

179 483 310 553 ὅστ’
366 487 400 564 ἢ
454 487 654 554 ἕλη-[δι
700 493 808 554 τοῦ
855 488 1186 569 κρείττονος
1235 487 1270 562 ἢ
1319 490 1468 569 ὀργῇ
1519 491 1626 552 τοῦ
1676 486 2161 568 καταδεεστέραν
2210 525 2292 536 --
2342 489 2537 556 κινδυ-

178 599 362 659 νεῦσαι
422 597 828 676 προαχθῆναι.
913 595 1114 662 Locos
1176 593 1396 680 paullo
1457 595 1663 659 fusius
1711 594 1982 680 excripsi
2032 600 2106 659 ut
2151 595 2401 662 videres
2446 597 2529 678 τῷ

176 700 584 781 ὅμοιοτελεύτῳ
626 700 742 767 has
789 700 1047 767 lacunas
1090 707 1273 766 natas
1316 720 1442 766 non
1489 719 1624 766 esse
1648 745 1665 777 ‚
1712 721 1861 766 nam
1908 699 2069 765 tales
2092 701 2260 767 nihil
2283 722 2496 767 moror
2514 750 2532 786 ,

175 805 305 872 licet
361 807 428 872 in
487 807 572 872 iis
617 827 866 894 quoque
911 809 1041 874 fere
1085 806 1554 873 animadvertas
1603 805 1848 871 librarii
1896 805 2111 872 oculos
2158 816 2297 872 tum
2350 809 2530 874 aber-

175 933 320 980 rasse
361 934 510 979 cum
557 914 644 978 τά
690 913 1128 991 ὄμοιοτέλευτα
1175 913 1448 979 eundem
1494 932 1694 997 paene
1742 911 1959 977 locum
2008 912 2073 976 in
2122 933 2307 980 versu
2358 919 2533 979 utro-

176 1039 276 1102 que
317 1029 642 1105 occupent.

249 1124 472 1193 Statim
521 1145 672 1194 vero
717 1126 830 1191 ubi
876 1127 1103 1211 incipit
1147 1125 1344 1191 codex
1389 1124 1671 1193 Venetus
1688 1172 1705 1205 ‚
1756 1126 1925 1190 hunc
1971 1131 2225 1192 secutus
2271 1129 2386 1192 est.
2456 1125 2530 1192 L.

177 1231 280 1310 44,
343 1231 466 1318 38,
517 1233 564 1296 4
607 1231 850 1320 legitur
893 1235 960 1298 in
1005 1230 1180 1299 Med.
1231 1243 1288 1296 A
1337 1236 1465 1304 πᾶς
1514 1232 1643 1312 γὰρ
1693 1231 1881 1309 λόγος
1931 1233 1992 1296 ἐν
2038 1231 2222 1318 (corr.
2272 1232 2350 1301 D.
2400 1233 2532 1322 ἐπὶ)

175 1340 244 1417 τῷ
297 1339 498 1419 τοιῶδε
563 1338 934 1416 λεγόμενος,
1002 1337 1117 1402 κᾶν
1177 1337 1264 1402 τὸ
1324 1337 1605 1417 βραχὺ
1669 1337 1757 1402 τὸ
1830 1336 2127 1416 ψεῦδος
2198 1339 2531 1421 προσλάβῃ

177 1445 276 1526 οὐχ
351 1442 484 1510 ὅσον
555 1445 666 1510 οὐκ
735 1443 978 1510 ἔπαινον
1042 1445 1210 1526 αὐτῷ
1283 1443 1492 1523 φέρει,
1566 1443 1747 1509 ἄλλα
1820 1443 1927 1508 καὶ
1999 1442 2270 1526 ἔλεγχον
2343 1447 2533 1511 αὑτοῦ

177 1547 290 1632 ἔχει
335 1557 397 1616 et
441 1551 668 1617 eodem
711 1551 902 1617 modo
946 1550 1176 1617 habuit
1223 1549 1445 1616 Venet.
1496 1562 1553 1615 A
1578 1603 1592 1626 ‚
1644 1570 1722 1615 ex
1771 1569 1896 1635 quo
1942 1553 2294 1617 rectissime
2318 1573 2535 1619 veram

173 1655 483 1724 lectionem
533 1660 703 1723 eruit
749 1657 1080 1723 Bekkerus
1117 1659 1188 1723 τὸ
1226 1657 1638 1736 βραχύτατον
1676 1655 1935 1735 ψεύδους
1962 1707 1979 1730 ,
2024 1655 2133 1723 sed
2170 1663 2540 1744 supervenit

174 1762 374 1848 aliquis
415 1765 532 1850 qui
568 1766 638 1828 in
679 1762 924 1829 Veneto
964 1765 1307 1849 corrigeret
1345 1761 1592 1828 scilicet
1632 1761 1701 1825 τὸ
1742 1761 1963 1842 βραχὺ
1990 1767 2097 1828 τοῦ
2122 1765 2345 1842 ψεῦδος
2370 1767 2539 1844 (sic).

174 1867 318 1936 Hinc
361 1870 647 1937 Medicei
693 1879 738 1934 Β
786 1868 1086 1935 librarius
1129 1889 1320 1956 suum
1368 1869 1438 1933 τὸ
1483 1870 1704 1949 βραχὺ
1753 1874 1859 1934 τοῦ
1908 1869 2171 1950 ψεύδους
2218 1869 2534 1955 procudit.

175 1973 262 2041 Sic
302 1977 524 2044 eodem
573 1975 740 2042 libro
787 1997 840 2041 c.
889 1974 1016 2059 43,
1070 1975 1104 2040 1
1155 1975 1326 2054 μετὰ
1371 1982 1489 2040 τῶν
1536 1974 1748 2041 ἄλλων
1798 1975 1987 2050 νήσων
2031 1983 2151 2040 τῶν
2196 1975 2539 2057 περικειμέ-

175 2105 263 2145 νων
303 2085 460 2166 αὐτῇ
512 2082 936 2168 (Britanniae)
981 2081 1156 2148 Med.
1200 2093 1243 2146 B
1287 2082 1545 2148 exhibet
1590 2101 1739 2147 cum
1788 2079 2062 2159 Venet0,
2108 2102 2257 2147 cum
2282 2085 2351 2147 in
2376 2081 2537 2150 Med.

179 2199 220 2253 A
261 2191 660 2270 προκειμένων
706 2187 998 2276 legatur,
1046 2193 1114 2253 et
1162 2187 1285 2267 44,
1333 2189 1376 2254 2
1425 2189 1530 2252 καὶ
1578 2187 1705 2271 ἰδία
1740 2187 1845 2252 καὶ
1883 2199 2042 2270 κοινῇ
2081 2209 2229 2255 cum
2276 2188 2499 2255 eodem
2520 2237 2539 2273 ,

177 2294 346 2362 altero
393 2297 502 2363 καὶ
554 2298 624 2360 in
662 2294 836 2362 Med.
888 2307 945 2360 A
991 2295 1244 2360 omisso.
1293 2293 1544 2361 Ultimo
1585 2300 1803 2360 autem
1846 2295 2053 2380 capite
2092 2297 2128 2380 ᾖ
2172 2295 2213 2360 5
2236 2299 2303 2361 in
2329 2296 2541 2363 verbis

178 2402 266 2474 τήν
313 2425 379 2468 τε
430 2401 836 2483 κληρονομίαν
881 2403 958 2473 ὣς
1007 2400 1306 2480 χαλεπὴν
1353 2401 1456 2465 καὶ
1507 2399 2111 2482 δυσμεταχείριστον
2158 2397 2345 2468 οὖσαν
2391 2423 2541 2468 cum

185 2505 394 2576 Veneto
449 2515 602 2576 ante
653 2510 950 2591 χαλεπὴν
1012 2506 1358 2574 molestum
1425 2508 1530 2573 καὶ
1584 2508 1900 2587 intrudit,
1953 2508 2121 2594 quod
2170 2530 2207 2575 a
2251 2509 2542 2577 Mediceo

179 2619 322 2680 recte
365 2617 569 2682 abest.

251 2720 561 2787 Adhibuit
623 2726 836 2786 tamen
885 2720 1156 2787 eundem
1204 2718 1570 2786 Mediceum
1591 2768 1611 2805 ,
1658 2742 1849 2805 quem
1896 2724 2224 2809 integrum
2273 2722 2503 2789 habuit
2520 2770 2537 2803 ‚

181 2825 244 2890 ad
282 2826 538 2894 lacunas
583 2826 809 2893 Veneti
856 2828 1090 2893 codicis
1107 2874 1124 2906 ,
1175 2846 1332 2911 quas
1356 2845 1548 2912 supra
1569 2830 2091 2895 enumeravimus
2114 2875 2129 2906 ‚
2166 2829 2539 2896 sarciendae.

181 2930 258 2996 Ex
311 2954 380 2999 eo
424 2937 640 3022 igitur
683 2936 753 2997 in
799 2932 1090 2999 Mediceo
1137 2944 1180 2997 B
1232 2938 1384 2997 sunt
1429 2932 1571 2997 Lib.
1626 2933 1746 3011 46,
1798 2933 1923 3012 23,
1973 2934 2236 3011 2-43,
2286 2934 2427 3017 21),
2480 2942 2545 3003 et

185 3036 286 3117 52,
321 3041 394 3118 5,
436 3038 704 3124 2-20,
746 3039 809 3103 4.
849 3038 1210 3105 Posterior-e
1247 3046 1464 3105 autem
1507 3038 1647 3105 loco
1680 3059 1805 3106 non
1827 3042 2084 3119 statim,
2112 3046 2185 3106 ut
2206 3042 2274 3105 in
2298 3041 2543 3127 priore,

183 3141 378 3211 lacuna
413 3145 672 3232 expleta
712 3150 807 3211 est
852 3147 916 3209 in
967 3144 1137 3210 Med.
1191 3156 1269 3222 Β,
1324 3144 1434 3210 sed
1479 3150 1719 3230 postca.
1789 3144 2096 3211 Substitit
2142 3148 2315 3214 enim
2354 3148 2549 3215 libra-

184 3251 378 3317 riusin
401 3252 619 3318 medio
665 3250 820 3317 {olio
863 3247 991 3314 199
1031 3251 1098 3315 in
1135 3251 1346 3317 verbis
1389 3252 1637 3323 πλείους
1676 3258 1850 3333 σφῶν
1890 3252 1963 3317 τό
2002 3276 2074 3317 τε
2116 3256 2251 3319 καθ’
2291 3254 2545 3326 ἑαυτοὺς

184 3372 316 3437 quae
353 3356 584 3425 Veneti
623 3363 770 3423 ante
808 3357 1106 3423 lacunam
1147 3355 1381 3422 ultima
1419 3364 1591 3424 sunt.
1640 3356 1887 3423 Rursus
1926 3360 2162 3444 incepit
2196 3361 2265 3425 in
2290 3381 2547 3427 summo

186 3458 274 3525 fol.
317 3463 445 3532 207
495 3464 604 3529 καὶ
652 3461 866 3544 χρόνον
913 3462 1054 3527 τινὰ
1099 3462 1560 3535 ἰδιωτεύσαντες
1614 3466 1869 3529 omissis
1916 3470 2171 3529 tantum
2218 3466 2547 3532 vocabulis

183 3588 314 3641 μοιτι
357 3570 676 3649 γενόμενοι
725 3588 886 3655 quae
928 3567 1212 3634 Venetus
1253 3570 1635 3653 praemittit.
1684 3567 1869 3635 Folia
1907 3576 2127 3636 autem
2166 3572 2549 3637 intermedia

185 3676 242 3734 ab
280 3676 474 3740 eadem
518 3698 702 3740 manu
747 3674 858 3741 sed
903 3673 1030 3741 alio
1073 3680 1394 3759 tempore,
1435 3674 1607 3761 quod
1645 3678 1987 3741 atramenti
2025 3675 2197 3742 color
2232 3676 2548 3756 ostendit,

185 3778 258 3842 ita
295 3784 529 3867 scripta
573 3786 766 3847 sunt:

185 3880 220 3944 f.
263 3884 468 3953 199m
490 3885 850 3954 —2031112
900 3886 1080 3965 μόνον
1143 3886 1468 3953 σπεύδουσι
1517 3888 1623 3952 καὶ
1675 3885 1920 3959 πάντας
1969 3886 2110 3960 τοὺς
2160 3886 2390 3963 ἄλλους
2438 3906 2547 3967 μί-

903 3998 1071 4059 σοῦσι
1117 4030 1206 4043 —
1245 3990 1400 4059 ὥστε
1453 3993 1612 4072 μηδὲ
1659 3994 1799 4067 τοὺς
1839 3996 2145 4075 χρηστοὺς
2195 3992 2455 4077 ἄνδρας.
2483 4044 2499 4061 .
2530 4043 2548 4062 .

911 4121 966 4166 c.
1018 4099 1100 4179 5,
1147 4096 1412 4179 2-13,
1463 4098 1528 4166 ’7.

248 4280 294 4345 1)
327 4282 384 4331 In
407 4298 464 4331 ea
489 4298 676 4347 quoque
705 4286 843 4349 parte
876 4282 1064 4347 integer
1098 4298 1170 4332 vs.
1205 4281 1412 4333 Medicei
1446 4288 1491 4331 A
1526 4281 1778 4333 omittitur
1810 4300 1851 4333 c.
1888 4284 1971 4344 29,
2006 4285 2038 4335 Β
2058 4286 2122 4349 τῇ
2147 4280 2193 4333 δ’
2212 4278 2294 4334 οὖν
2312 4282 2557 4353 ὑστεραίᾳ

195 4362 320 4437 (καὶ
358 4366 422 4430 τῇ
455 4364 604 4428 τρίτῃ
636 4367 838 4414 mama
871 4362 958 4415 καὶ
993 4360 1163 4414 ἄλλων
1200 4358 1282 4429 ἔφ’
1329 4360 1542 4427 ἑκάτερα
1588 4361 1932 4441 auxumam>
1962 4360 2241 4429 ἔκράτησαν
2271 4366 2324 4415 οἶ
2347 4367 2417 4416 τὰ
2455 4368 2550 4415 τοῦ

195 4443 414 4509 Καίσαρος
449 4444 774 4511 πράττοντος.
