3150 5000
1220 257 1557 305 ramma.
2381 331 2386 340 .
2451 234 2585 300 413

286 423 476 490 Verte
524 427 875 528 „quotquot
921 425 1093 488 enim
1142 422 1386 489 dolores
1426 423 1640 510 longis
1671 445 1706 488 e
1745 423 2028 489 febribus
2078 427 2144 488 et
2192 425 2504 507 quotquot
2543 441 2578 485 e

190 529 567 595 vulneribus
613 532 925 607 oriuntur,
971 529 1073 593 his
1118 527 1309 594 utilia
1348 535 1413 594 et
1459 528 1738 596 efficacia
1783 529 1930 595 d'are
1975 528 2256 596 remedia
2297 526 2584 593 didicisti
2701 537 2705 541 ’

188 638 269 702 ab
316 635 640 721 Epiona”.-
670 637 899 714 '‘Apmae
940 635 1154 699 νούσων
1204 635 1483 700 remedia
1533 635 1834 700 similiter
1879 635 2044 700 dixit
2069 633 2386 700 Nicander
2420 632 2585 698 'Phe-

188 745 345 807 riae.
407 739 562 808 837.
626 740 904 829 Vulgata
965 740 1153 806 lectio
1216 741 1356 806 ideo
1402 741 1552 807 ferri
1598 743 1851 828 nequit,
1905 744 2057 827 qula
2107 739 2378 806 ridicula
2423 740 2585 806 foret

188 847 447 912 medico
484 847 625 913 laus
663 868 845 913 nosse
868 848 1124 934 quidem
1150 847 1425 913 febrium
1448 847 1694 914 dolores
1713 897 1731 931 ,
1757 867 1914 933 quos
1939 846 2147 914 multo
2173 868 2321 913 sane
2350 846 2582 913 melius

188 958 505 1020 noverant
548 956 671 1039 ipsi
718 959 1118 1042 aegrotantes
1134 1001 1151 1032 ‚
1202 959 1265 1020 et
1310 957 1604 1042 ignorare
1649 954 1941 1020 dolorum
1983 953 2246 1021 illorum
2277 952 2581 1020 remedia.

186 1060 405 1126 Erunt
474 1061 733 1126 fortasse
794 1063 906 1146 qui
953 1082 1163 1145 praep.
1214 1061 1313 1124 ἐπὶ
1364 1064 1456 1126 sio
1505 1069 1804 1126 tueantur
1824 1109 1839 1138 ‚
1879 1067 1954 1127 ut
2003 1063 2235 1126 tmesiu
2292 1064 2584 1126 statuant

189 1188 305 1253 pro
354 1165 790 1244 ἐπιτμηθέντος
839 1174 904 1232 et
948 1169 1323 1255 genetivum
1369 1167 1756 1233 absolutum.
1808 1170 1896 1233 At
1943 1188 2095 1233 usus
2121 1168 2298 1234 verbi
2324 1167 2584 1244 ἐπιτέμ-

189 1297 311 1338 νειν
385 1272 747 1338 exoluderet
830 1275 1055 1360 gravia
1126 1271 1391 1339 vulnera
1412 1322 1427 1351 ‚
1496 1295 1612 1339 neo
1674 1276 1916 1340 mirum
1982 1287 2113 1351 est,
2177 1273 2318 1339 loeo
2386 1271 2585 1338 semel

191 1379 369 1445 male
414 1379 815 1464 interpuncto
862 1384 925 1444 et
970 1378 1332 1465 intellectu,
1371 1378 1732 1446 Planudem
1779 1380 2063 1447 aliumve
2104 1400 2216 1465 pro
2271 1380 2396 1444 ἀπὸ
2439 1379 2586 1445 sub-

192 1489 489 1552 stituisse
542 1486 667 1571 ἐπί,
714 1492 790 1552 ut
836 1489 1074 1571 species
1118 1485 1346 1552 saltem
1393 1485 1610 1572 aliqua
1655 1490 2003 1553 sententiae
2049 1489 2366 1554 existeret.

284 1713 409 1799 Ep.
461 1710 617 1793 294,
659 1712 723 1782 3.
772 1712 866 1779 De
911 1713 1181 1780 Homeri
1228 1717 1436 1800 patria
1484 1716 1747 1780 Auru:

590 1822 623 1897 ἢ
670 1820 739 1886 τὸ
784 1821 897 1898 μὲν
946 1819 1285 1906 ἄγνωστον,
1333 1820 1361 1884 ὅ
1412 1820 1463 1885 δ’
1512 1820 1842 1893 ὥθανοὶτοις
1889 1821 2012 1894 ἴσος
2066 1819 2210 1901 ἥρως

588 1933 773 2000 ταῖς
820 1927 1187 2000 Μούσαις
1236 1927 1443 1993 ἔλιπεν
1492 1926 1766 2008 πατρίδα
1818 1929 1923 1992 καὶ
1972 1928 2218 2007 γενεήν.

200 2033 369 2114 Quid
421 2034 539 2099 hoe
579 2034 703 2099 sibi
747 2033 939 2113 velit,
986 2055 1112 2100 non
1158 2035 1311 2100 satis
1353 2033 1683 2121 intellego.
1731 2036 1968 2122 Agitur
2014 2037 2185 2101 enim
2213 2034 2288 2100 de
2311 2031 2588 2100 Homeri

197 2142 445 2226 patria,
492 2159 615 2204 non
663 2139 740 2205 de
786 2142 994 2226 patria
1038 2139 1376 2206 Musarum
1398 2188 1414 2218 ‚
1460 2161 1575 2205 neo
1623 2143 1816 2206 castis
1861 2142 2178 2207 sororibus
2228 2162 2431 2228 genus
2471 2141 2586 2204 tri—

200 2248 396 2314 buere
421 2246 516 2312 fas
537 2252 691 2312 erat.
720 2249 819 2311 An
844 2249 1085 2332 poetria
1110 2247 1367 2312 dederat
1412 2271 1451 2310 τ
1468 2247 1511 2310 ὢ
1528 2271 1558 2317 ς
1612 2255 1679 2311 Μ
1699 2271 1725 2311 o
1744 2246 1776 2312 ὑ
1795 2271 1833 2310 a·
1853 2271 1894 2309 α
1915 2272 1944 2319 ς
1964 2295 2010 2325 ,.
2035 2251 2106 2312 ut
2132 2246 2588 2333 intellegeren-

197 2358 306 2420 tur
350 2357 495 2440 ipsa
542 2351 813 2418 Homeri
858 2355 1180 2439 earmina,
1226 2357 1293 2418 in
1341 2356 1572 2438 quibus
1619 2361 1922 2440 perpetuo
1971 2354 2252 2438 habitet,
2291 2373 2582 2438 quaeque

196 2469 535 2549 tamquam
579 2457 745 2526 filias
787 2459 1143 2546 reliquerit,
1194 2459 1736 2545 quemadmodum
1762 2460 1888 2526 fere
1915 2459 2381 2547 Epaminondas
2407 2458 2578 2525 filias

199 2589 265 2633 se
326 2567 685 2654 relinquere
747 2567 911 2633 dixit
970 2588 1158 2652 opera
1219 2587 1361 2650 sua,
1410 2586 1660 2654 pugnas
1706 2571 1773 2632 in
1819 2567 2109 2633 Leuctris
2155 2574 2218 2633 et
2263 2567 2344 2633 ad
2390 2566 2586 2634 Man-

204 2672 493 2743 tineam?

296 2904 418 2990 Ep.
469 2901 599 2969 307

629 2992 742 3059 ’‘13’
789 2996 864 3067 ὥς
914 2994 941 3058 ὅ
991 2993 1264 3075 πρέσβυς
1312 2995 1379 3059 ἐκ
1428 2992 1615 3074 μέθης
1663 2994 2006 3074 Ἀνακρέων

617 3098 1057 3165 ὑπεσκέλισται
1097 3100 1202 3166 καὶ
1252 3102 1321 3166 τὸ
1371 3105 1572 3173 λῶπος
1621 3096 1875 3166 ἕλκεται

616 3206 838 3289 ἐσάχρι
886 3208 1117 3285 γυίων·
1166 3208 1284 3272 τῶν
1331 3208 1396 3273 δὲ
1441 3206 1765 3285 βλαυτίων
1812 3206 1884 3272 τὸ
1933 3206 2047 3285 μὲν

615 3310 817 3391 ὅμως
864 3313 1207 3395 Φυλασσει,
1258 3314 1503 3394 θάτερον
1550 3313 1602 3377 δ’
1653 3312 1996 3380 ἀπώλεσεν.

209 3414 332 3483 Pro
401 3421 616 3506 inepto
670 3417 832 3496 ὅμως
886 3419 1107 3486 Iaeobs
1154 3442 1267 3486 neo
1315 3421 1473 3487 satis
1522 3432 1668 3507 apte
1713 3442 1828 3485 neo
1877 3419 2104 3485 leniter
2153 3419 2386 3498 ὥκμνή,
2439 3421 2485 3483 i.
2534 3441 2589 3486 e.

216 3518 325 3601 ἔτι,
375 3525 659 3591 coniecit.
712 3524 1045 3613 Legerim:

1266 3637 1381 3696 τῶν
1430 3631 1490 3696 δὲ
1538 3630 1859 3708 βλαυτίων
1907 3631 1977 3696 τὸ
2026 3632 2140 3708 μὲν

702 3736 940 3813 μόλις
990 3736 1330 3823 Φυλάσσει,
1380 3737 1625 3818 θάτερον
1673 3739 1726 3803 δ’
1776 3739 2120 3804 ἀπώλεσεν.

219 3843 382 3924 quod
419 3844 720 3930 graphice
744 3846 990 3911 dictum
1014 3850 1127 3911 est.
1178 3844 1419 3911 Eadem
1445 3844 1730 3911 confusio
1757 3845 2034 3931 perdidit
2059 3845 2277 3910 locum
2301 3844 2599 3931 Dionysii

218 3943 367 4017 Hal.
416 3950 605 4017 Areh.
654 3960 681 4015 1
727 3949 835 4034 64,
886 3949 964 4029 3,
1012 3951 1125 4015 ubi
1170 3949 1313 4038 lege
1361 3955 1647 4027 κρατοῦσι
1700 3951 1781 4015 δὲ
1830 3951 2073 4027 μόλις
2123 3952 2174 4015 οἱ
2223 3952 2332 4016 σὺν
2383 3952 2598 4034 Αἰνείᾳ

221 4072 329 4136 pro
400 4056 451 4120 δ’
514 4052 697 4135 ὅμως,
764 4058 930 4142 quod
993 4078 1107 4123 eur
1174 4056 1324 4122 ferri
1384 4063 1656 4141 nequeat
1717 4060 1980 4143 exposui
2039 4078 2240 4143 nuper
2303 4057 2369 4121 in
2441 4056 2602 4122 Adn.

225 4154 373 4226 Crit.
426 4162 504 4229 ad
550 4162 736 4229 Dion.
784 4162 931 4228 libr.
981 4162 1075 4227 ΙΙΙ
1120 4166 1358 4249 primos
1404 4165 1470 4228 in
1518 4162 1575 4228 V
1568 4164 1838 4246 erelaqen
1871 4186 1942 4228 en
1969 4164 2455 4243 Mededeelinqen
2496 4162 2604 4227 der

224 4264 373 4333 Koa.
416 4270 729 4333 Academia
775 4292 891 4333 van
956 4268 1035 4336 W
1024 4270 1443 4353 etemchappen
1490 4269 1596 4335 ΠΙ
1624 4268 1686 4356 3,
1738 4270 1838 4349 ⁷5,
1910 4270 2022 4335 ubi
2067 4267 2193 4336 loci
2237 4268 2597 4333 remedium

230 4388 331 4437 me
376 4375 580 4441 adhue
626 4374 884 4443 latebat.

2249 4492 2313 4547 2¹1
