3150 5000
521 247 656 314 218
1553 265 1875 313 nonanus,
1896 291 1903 298 -

521 433 694 498 enim
757 435 926 496 recte
984 429 1254 514 dicitur,
1318 451 1443 515 quo
1491 433 1703 517 magis
1750 432 1948 496 miror
1995 430 2063 518 id
2111 449 2313 494 unum
2364 427 2531 514 quod
2576 449 2691 493 non
2734 431 2886 492 recte

519 537 757 604 dicitur
799 539 868 602 in
915 540 1260 622 utrumque
1305 536 1520 603 locum
1571 540 1920 622 irrepsisse.

609 641 762 709 Sine
806 642 1001 708 dubio
1049 663 1198 709 vero
1245 643 1500 709 dativus
1549 648 1646 708 est
1693 644 2125 710 restituendus
2170 667 2221 708 οι·
2263 640 2386 706 92:

537 791 551 824 ς
793 744 829 824 ἦ
875 748 1064 830 μάλα
1106 772 1253 828 μευ
1301 745 1739 814 καταδάπτετ’
1786 750 2107 823 ἀκούοντος
2155 750 2343 831 φίλον
2390 745 2569 832 ἦτορ,

513 857 716 922 immo
769 879 872 934 μοι
903 904 920 921 .
947 903 963 918 .
991 903 1010 920 .
1051 854 1330 921 ἀκούοντι
1368 856 1677 941 producto
1729 855 1933 923 dativi
1979 858 2114 922 iota
2162 854 2367 932 finali,
2428 860 2502 920 ut
2547 853 2889 939 frequenter

515 961 684 1049 apud
727 961 1110 1028 Homerum.

602 1065 1050 1136 subducantur
1097 1069 1404 1134 rationes:

979 1172 1251 1260 Legitur
1295 1176 1363 1239 in
1410 1177 1593 1239 textu
1641 1173 1986 1240 Homerico
2034 1176 2203 1251 ἐμεῖο
2248 1174 2407 1240 loois
2454 1171 2541 1238 49

2031 1277 2175 1358 ἐμέο
2292 1328 2328 1359 ,‚
2499 1279 2535 1344 1

2026 1386 2188 1464 ἐμεῖ’
2294 1433 2331 1464 ,,
2496 1383 2539 1452 2

803 1495 1124 1577 praeterea
1166 1512 1279 1577 pro
1327 1492 1479 1569 ἐμεῦ
1529 1492 1724 1557 soribi
1770 1495 1981 1580 potest
2030 1493 2185 1569 ἐμεῖ’
2249 1530 2255 1534 -
2294 1539 2329 1569 ,,
2496 1490 2539 1555 8

2024 1597 2154 1675 ἐμέ’
2290 1645 2325 1675 ,,
2495 1594 2535 1664 ’7

1023 1710 1087 1770 et
1136 1724 1248 1790 pro
1292 1727 1413 1783 μευ
1466 1706 1781 1791 corrigere
1826 1705 1979 1770 licet
2024 1706 2124 1781 με’
2292 1751 2325 1782 ,,
2453 1700 2535 1768 19

2024 1831 2136 1884 μευ
2294 1857 2329 1886 „
2494 1807 2534 1873 6

2447 1917 2534 1980 92

599 2023 724 2088 His
785 2029 1002 2088 autem
1065 2029 1320 2088 centum
1384 2025 1513 2089 fere
1568 2023 1726 2089 locis
1788 2025 2060 2108 oppositi
2128 2028 2279 2088 sunt
2340 2037 2495 2088 octo.
2540 2022 2659 2086 ubi
2714 2021 2889 2102 ἐμεῦ,

509 2135 651 2196 octo
721 2131 833 2193 ubi
893 2152 1012 2204 μευ
1073 2129 1438 2213 invenitur,
1485 2128 1607 2194 sed·
1642 2127 1928 2195 vidimus
1974 2149 2193 2194 omnes
2242 2127 2619 2194 facillimam
2668 2126 2885 2192 habere

505 2236 1010 2301 emendationem
1032 2271 1070 2319 ‚·
1091 2235 1362 2319 denique
1402 2237 1470 2300 in
1497 2234 1819 2300 locutione
1855 2233 2115 2300 κέκλυτέ
2152 2258 2275 2312 μευ
2298 2239 2589 2300 nostrum
2617 2254 2753 2298 esse
2774 2239 2885 2296 sta-

503 2347 683 2406 tuere
722 2347 942 2405 utrum
980 2365 1098 2416 μευ
1141 2360 1222 2405 an
1269 2365 1371 2417 μοι
1421 2344 1505 2405 sit
1540 2341 2063 2426 praeferendum,
2100 2362 2248 2406 cum
2276 2345 2487 2406 textus
2511 2338 2885 2405 Homericus

503 2453 849 2531 utrumque
889 2445 1224 2531 exhibeat,
1265 2452 1328 2513 et
1375 2450 1687 2533 posterius
1733 2449 1940 2535 igitur
1987 2467 2119 2513 esse
2166 2446 2575 2534 elegendum.

593 2550 821 2638 Itaque
865 2575 1016 2619 cum
1059 2574 1264 2639 neque
1311 2554 1460 2632 ἐμεῦ
1511 2575 1715 2640 neque
1758 2577 1879 2631 μευ
1928 2574 2199 2640 usquam
2247 2556 2341 2619 ita
2386 2555 2673 2639 positum
2720 2570 2884 2638 repe-

499 2660 703 2724 riatur
766 2666 840 2724 ut
903 2661 1250 2725 necessario
1317 2659 1672 2741 ferendumv
1709 2661 1831 2744 sit,
1890 2661 2006 2727 has
2068 2660 2233 2727 solas
2302 2659 2540 2725 formas
2608 2657 2883 2725 Homero

499 2765 908 2832 vindicandas
956 2786 1089 2831 esse
1134 2768 1266 2829 iam
1316 2770 1561 2831 constat
1612 2770 1685 2831 ut
1733 2787 1951 2852 spero:

590 2873 756 2949 ἐμεῖο
777 2919 794 2951 ,
858 2870 1001 2949 ἐμέο
1019 2918 1037 2951 ,
1097 2879 1162 2937 et
1208 2870 1498 2938 enclitice
1542 2895 1692 2951 μεο,
1745 2886 1904 2958 quae
1953 2872 2213 2939 elisione
2262 2872 2579 2939 decurtari
2630 2876 2886 2959 possunt

501 2979 567 3043 in
616 2978 798 3055 ἐμεῖ’,
851 2978 1004 3057 iac,
1055 2979 1182 3056 με’.

593 3186 1014 3255 Transeamus
1060 3190 1139 3255 ad
1189 3190 1497 3257 secundae
1544 3211 1845 3276 personae
1886 3191 2122 3257 formas
2163 3198 2316 3271 σεῖο,
2364 3192 2501 3265 σέο.
2543 3192 2697 3273 σεῦ,
2737 3215 2885 3279 qua-

500 3316 642 3359 rum
710 3295 870 3360 duae
929 3297 1171 3381 primae
1237 3298 1322 3362 54
1385 3296 1540 3362 locis
1606 3298 2056 3382 inveniuntur,
2106 3301 2296 3383 tertia
2344 3304 2593 3383 autem,
2642 3303 2702 3367 si
2746 3320 2889 3366 vera

499 3408 645 3466 sunt
712 3423 872 3486 quae
935 3403 1010 3467 de
1075 3402 1225 3477 ἐμεῦ
1276 3408 1338 3467 et
1386 3427 1504 3478 μευ
1555 3403 2063 3488 disputavimus,
2112 3426 2264 3471 sana
2310 3425 2444 3471 esse
2490 3425 2613 3470 non
2665 3410 2887 3491 potest.

497 3506 719 3593 Neque
767 3511 847 3574 ad
894 3530 1034 3575 eam
1084 3509 1522 3596 corrigendam
1574 3509 1864 3575 codicum
1916 3530 2030 3595 ope
2081 3510 2374 3575 destituti
2428 3532 2689 3589 sumus,
2741 3532 2887 3577 nam

495 3612 567 3678 hi
628 3616 796 3681 binis
855 3616 1010 3682 locis
1074 3624 1121 3679 Z
1189 3614 1320 3679 454
1384 3619 1447 3680 et
1505 3614 1732 3701 hymn.
1786 3614 1909 3697 34,
1963 3614 2045 3680 19
2097 3618 2223 3681 σεῖ’
2270 3616 2573 3682 exhibent
2618 3638 2735 3702 pro
2784 3621 2887 3680 σεῦ

497 3722 683 3801 (conf.
758 3724 950 3787 etiam
1023 3720 1234 3787 Schol.
1309 3732 1369 3786 A
1443 3718 1637 3805 841);
1704 3721 1870 3805 quod
1932 3727 2146 3787 tamen
2209 3722 2519 3787 indicium
2584 3726 2888 3808 spernunt

496 3824 902 3892 Thierschius
951 3834 1015 3892 et
1060 3826 1442 3905 Larochius‚
1492 3832 1555 3891 et
1598 3830 1809 3910 potius
1852 3826 2187 3912 utrobique
2230 3826 2513 3893 Homero
2538 3828 2887 3894 obtrudunt

497 3936 643 4005 σεῦ,
696 3952 884 4016 quam
955 3931 1301 3997 secundum
1370 3932 1525 3997 duos
1584 3931 1731 3997 illos
1778 3954 2034 4017 versus,
2084 3932 2243 3998 forte
2282 3936 2535 3999 fortuna
2575 3936 2883 4011 intactos,

499 4039 821 4122 corrigant
868 4036 1026 4102 alios
1074 4040 1183 4122 qui
1231 4041 1450 4104 vitiosi
1498 4038 1577 4103 ad
1624 4060 1737 4104 nos
1785 4045 2227 4123 pervenerunt.

589 4143 811 4208 Potest
856 4150 1074 4209 autem
1123 4150 1228 4209 σεῦ
1278 4148 1346 4209 in
1393 4148 1516 4210 σεῖ’
1563 4148 1805 4211 mutari
1855 4156 1900 4211 Γ
1954 4146 2123 4223 206,
2175 4154 2222 4210 Ζ
2275 4145 2443 4223 409,
2500 4145 2653 4232 411,
2694 4154 2749 4211 Σ
2778 4146 2883 4223 77,

499 4260 551 4315 x
602 4248 760 4325 432,
800 4242 888 4313 Ὠ
941 4246 1108 4331 371,
1155 4274 1181 4314 0
1232 4250 1334 4315 19.

587 4355 666 4421 In
703 4352 792 4419 σέ
831 4355 1072 4420 mutari
1117 4360 1325 4440 potest
1371 4366 1415 4420 B
1465 4354 1576 4439 27,
1626 4354 1751 4439 64,
1794 4365 1843 4421 Ε
1893 4355 2066 4440 811,
2104 4366 2161 4421 Η
2190 4357 2313 4422 111
2341 4407 2361 4443 ,
2396 4368 2451 4423 Θ
2479 4356 2643 4435 482,
2687 4364 2730 4423 Ξ
2760 4354 2881 4441 95,
