3150 5000
599 223 731 295 360
1633 243 1956 294 nonanus.

589 413 691 480 dis
733 412 1031 500 legitime
1078 414 1346 497 corripi,
1394 430 1666 496 quorum
1707 414 1900 497 stirps
1939 417 2122 478 exeat
2159 413 2228 478 iu
2266 411 2520 478 literam
2566 411 2966 486 vocalem,

592 521 687 585 ita
746 526 819 585 ut
881 521 1123 605 optime
1184 522 1252 584 in
1315 518 1660 585 homericis
1706 518 1956 583 dicatur
2005 504 2272 597 στ’-ήομεν
2318 520 2548 598 Eadem
2597 527 2660 585 et
2703 519 2971 603 similia,

590 648 716 693 non
762 647 912 694 vero
960 625 1205 704 λάβεαι
1248 626 1376 690 dici
1420 626 1623 710 possit
1671 645 1784 711 pro
1833 624 2120 703 λάβηαι,
2163 626 2266 693 vel
2305 627 2406 711 (ut
2444 626 2562 692 hoc
2599 625 2974 708 1000)ε’παιύ-

589 758 719 814 ρεαι
784 753 896 820 pro
958 732 1299 817 ἐπαύρηαι,
1360 730 1427 796 id
1490 731 1691 797 verbo
1741 735 2062 797 monuisse
2109 733 2412 810 sufficiat,
2465 739 2614 798 nota
2659 733 2826 797 enim
2879 753 2974 795 res

591 847 691 906 est
736 847 801 906 et
848 842 1119 904 minime
1165 839 1393 915 dubia,
1440 845 1516 904 ut
1562 838 1854 904 arbitror.
1907 839 1938 904 I
1945 849 2166 925 taque,
2217 842 2274 904 si
2317 838 2636 926 legeretur
2681 839 2972 918 ἐπαύρεαι

589 955 805 1015 nostro
849 947 1023 1032 1000,
1073 967 1290 1012 omnes
1336 945 1670 1010 machinae
1717 946 2150 1012 admovendae
2186 954 2398 1012 essent
2434 954 2507 1011 ut
2543 947 2738 1032 proba
2775 946 2976 1010 forma

589 1054 1025 1130 reduceretur3
1081 1055 1379 1119 vitiosam
1428 1073 1577 1118 vero
1625 1053 1897 1117 formam
1948 1056 2057 1137 qui
2103 1056 2172 1117 in
2219 1059 2467 1118 textum
2507 1053 2792 1128 invehit,
2833 1073 2974 1118 cum

588 1160 902 1227 facillima
960 1159 1321 1225 emendatio
1384 1158 1464 1222 ad
1519 1179 1786 1223 manum
1835 1161 1920 1227 sit
1971 1165 2036 1224 et
2083 1159 2327 1224 dudum
2379 1180 2416 1224 a
2463 1165 2806 1224 correctore
2855 1159 2978 1224 edi·

590 1271 783 1334 tionis
830 1267 1199 1332 florentinae
1244 1265 1600 1350 (Demetrio
1649 1263 2110 1350 Chaleondyla)
2160 1273 2442 1350 reperta,
2493 1286 2637 1330 eum
2659 1311 2676 1342 ,
2725 1267 2787 1328 si
2835 1263 2978 1329 eali-

589 1374 735 1440 dius
792 1373 1070 1449 iudices,
1133 1374 1445 1437 caecutire
1494 1371 1668 1435 dicas
1715 1370 2036 1436 volentem
2061 1418 2076 1448 ‚
2124 1373 2223 1436 sin
2271 1371 2554 1436 modeste
2601 1377 2666 1435 et
2710 1369 2978 1444 leniter,

588 1488 664 1546 ut
724 1479 1087 1566 philologos
1146 1478 1361 1552 decet,
1424 1475 1894 1543 concedendum
1960 1482 2177 1543 tamen
2223 1479 2346 1542 erit
2396 1497 2631 1542 errasse
2677 1474 2800 1542 hoc
2849 1475 2978 1542 loco

588 1587 803 1654 virum
852 1586 1157 1652 audacem
1204 1589 1269 1650 et
1314 1603 1630 1670 sagacem.

680 1806 967 1892 Denique
1035 1806 1403 1870 nominatus
1470 1807 1604 1868 esto
1667 1803 1889 1868 doctus
1949 1802 2200 1891 Anglus
2261 1803 2451 1882 heaf,
2510 1806 2622 1889 qui
2666 1825 2878 1889 nuper
2921 1805 2982 1866 in

586 1915 805 1982 Diario
873 1911 1275 1998 Philologico
1348 1907 1522 1976 1885
1590 1929 1738 1996 pag.
1805 1907 1937 1973 240
2002 1910 2079 1976 de
2139 1911 2318 1976 verbi
2381 1907 2547 1976 ἔπειν
2610 1919 2676 1975 et
2721 1907 2980 1974 grecam

586 2023 839 2106 propria
909 2025 1219 2104 potestate
1289 2017 1638 2082 admodum
1705 2015 2114 2100 probabiliter
2177 2016 2564 2102 disputavit;
2629 2017 2741 2082 sed
2793 2037 2980 2082 versu

587 2153 631 2190 a
684 2128 811 2192 175
878 2146 1024 2190 cum
1084 2123 1431 2188 Harleiano
1485 2123 1704 2191 codice
1749 2128 1813 2186 et
1859 2121 2118 2187 scholiis
2164 2120 2537 2210 legendum·
2561 2144 2694 2188 esse
2743 2123 2979 2202 μεθέη

586 2255 697 2318 pro
761 2231 1089 2309 μεθέπεις,
1136 2231 1371 2295 frustra
1416 2229 1779 2305 contendit,
1831 2226 2145 2312 siquidem
2196 2229 2430 2310 μεθέπῃ
2475 2249 2702 2314 parum
2753 2230 2978 2294 home-

583 2343 785 2405 ricam
843 2359 978 2403 esse
1040 2337 1311 2402 formam
1375 2338 1506 2399 iam
1555 2333 1862 2400 vidimus.
1911 2331 2126 2399 Donec
2176 2337 2381 2422 igitur
2425 2338 2671 2401 veriora
2719 2337 2980 2402 inventa

585 2446 851 2525 fuerint,
901 2464 1230 2511 servemus
1280 2442 1612 2529 vulgatam
1638 2488 1654 2520 ‚
1701 2439 1856 2506 licet
1901 2443 2052 2507 vitii
2095 2446 2490 2527 suspectam:

860 2552 925 2629 ἠὲ
973 2550 1095 2616 νέον
1144 2550 1535 2628 μεθέπεις
1585 2548 1621 2625 ἢ
1671 2547 1777 2615 καὶ
1826 2548 2126 2628 πατρώιος
2175 2549 2307 2614 ἐσσὶ
2351 2552 2362 2633 Ι
2401 2546 2613 2627 ξεῖνος.

1601 2802 1956 2812 ..—.—-——-————-

608 3007 615 3015 ·
674 2974 851 3041 Haec
918 2975 1163 3040 dudum
1234 2972 1500 3040 collecta
1569 2980 1636 3040 et
1699 2975 2055 3039 maximam
2117 2978 2364 3059 partem
2427 2974 2780 3059 perscripta
2835 2992 2978 3039 cum

583 3103 819 3169 nuper,
892 3081 1136 3166 aliquid
1208 3082 1325 3146 otii
1394 3088 1654 3165 nactus,
1725 3082 1792 3145 in
1863 3080 2318 3165 disputationis
2377 3080 2652 3147 formam
2715 3080 2977 3144 tandem

581 3188 969 3276 redegissem
1020 3194 1085 3251 et
1129 3185 1483 3273 typothetis
1530 3187 1935 3251 tradidissem
1953 3233 1971 3264 ,
2023 3206 2164 3251 ecce
2206 3185 2491 3251 defertur
2525 3185 2604 3250 ad
2644 3206 2750 3250 me
2789 3184 2974 3261 liber,

581 3314 619 3359 a
680 3291 856 3378 prelo
914 3313 1161 3376 recens,
1214 3292 1339 3357 viri
1387 3291 1558 3357 docti
1604 3290 1742 3357 Jos.
1793 3291 2116 3369 Manum,
2165 3292 2240 3355 de
2278 3291 2728 3379 ‚Contractionis
2771 3298 2839 3356 et
2885 3314 2978 3376 ⁸3-

580 3400 839 3465 nizeeeos
898 3422 1011 3463 usu
1072 3397 1420 3475 Homerico,
1483 3396 1812 3463 Monachii
1864 3396 2059 3462 1886.
2125 3395 2329 3478 Quem
2379 3417 2617 3484 magna
2661 3416 2817 3462 cum
2869 3418 2975 3462 ex-

579 3507 936 3590 pectatione
1004 3508 1069 3571 et
1129 3503 1232 3569 vel
1295 3502 1526 3589 puerili
1586 3504 1862 3588 quadam
1927 3503 2349 3589 trepidatione
2410 3505 2632 3568 statim
2693 3502 2974 3589 arripui,

578 3632 695 3676 nec
756 3632 969 3688 mora,
1034 3631 1160 3676 uno
1220 3616 1433 3675 tenore
1496 3610 1573 3674 ad
1637 3608 1827 3675 finem
1877 3631 2076 3695 usque
2122 3609 2388 3697 perlegi.
2436 3608 2747 3675 Videbam
2793 3612 2972 3675 enim

578 3720 645 3782 in
709 3718 827 3782 hoc
890 3718 1055 3783 libro
1116 3720 1377 3782 tractari
1439 3718 1869 3801 quaestiones,
1932 3717 1998 3781 in
2065 3716 2297 3801 quibus
2345 3714 2628 3780 multum
2661 3718 2818 3801 ipse
2869 3736 2978 3800 per

578 3824 765 3889 hosce
828 3825 1105 3908 quinque
1150 3844 1345 3888 annos
1391 3844 1535 3888 sum
1586 3828 1894 3888 versatus,
1944 3822 2168 3907 Neque
2215 3843 2324 3907 spe
2373 3823 2608 3897 cecidi;
2659 3843 2972 3907 perquam

578 3931 748 3994 enim
788 3927 1015 3994 utilem
1050 3928 1287 3994 librum
1314 3932 1380 3994 in
1405 3928 1616 3994 lucem
1643 3928 1948 4013 prodiisse
1975 3949 2119 3993 mox
2147 3927 2438 3994 intellexi
2459 3950 2475 4005 ;
2500 3931 2569 3993 in
2593 3948 2719 4013 quo
2745 3928 2970 4004 multi,

578 4037 714 4100 sine
753 4034 977 4109 dubio,
1025 4056 1277 4100 mecum
1319 4041 1662 4122 agnoscent
1695 4034 1965 4101 solidam
1993 4042 2057 4099 et
2082 4055 2230 4101 vere
2253 4032 2641 4100 Germanam
2670 4032 2970 4099 eruditio·

574 4161 759 4207 nem:
806 4143 993 4225 pauci
1038 4141 1297 4209 fortasse
1345 4148 1481 4206 tam
1529 4144 1783 4225 penitus
1829 4161 2019 4226 quam
2065 4160 2185 4228 ego
2233 4143 2580 4226 persentire
2629 4148 2964 4226 poterunt,

573 4250 799 4332 quanti
835 4246 1069 4312 laboris
1103 4256 1498 4333 quantaeque
1536 4250 1880 4333 patientiae
1920 4248 2146 4327 fuerit,
2189 4268 2266 4311 ex
2303 4251 2476 4332 poesi
2518 4247 2839 4313 homerica
2863 4268 2962 4313 ex·

571 4354 799 4441 piscari
842 4356 1057 4419 omnia
1082 4354 1390 4419 vocabula
1413 4375 1575 4440 quae
1597 4375 1710 4439 per
1737 4355 2231 4420 contractionem
2261 4354 2668 4440 proferuntur
2693 4362 2806 4419 aut
2827 4376 2962 4439 pro·
