3150 5000
548 275 638 348 20
1023 315 1028 320 ·
1539 304 1935 364 naonows.

634 464 718 533 V.
781 465 888 533 57.
951 465 1108 545 ἦσαν
1175 471 1438 543 Φοίνικες
1503 477 1621 544 τῶν
1675 478 1784 543 σὺν
1834 480 2067 565 Κάδμῳ
2121 486 2503 566 α’πικομένων
2552 491 2922 583 [Φοινίκων].

543 569 847 638 Deleatur
892 595 1144 642 nomen.

639 781 716 848 V.
782 782 867 850 57
930 791 1092 854 extr.
1140 797 1460 856 πολλῶν
1514 818 1663 859 τεων
1710 795 1812 861 κα)
1860 800 1967 864 οὐκ
2012 801 2461 882 ἀξιαπηγήτων
2510 809 2918 890 ἐπιτάξαντες

435 915 438 918 ’
541 883 844 969 ἔργεσθαι.
895 889 1291 959 Sententiam
1333 899 1618 964 restituit
1659 906 1791 966 tam
1834 893 2183 974 Cobetiana
2220 912 2579 980 coniectura
2616 919 2919 998 ὀλίγων

537 1416 689 1483 110.
760 1418 906 1505 Ipse
953 1417 1231 1490 Oobetus
1277 1425 1508 1497 V1,52
1553 1434 1819 1520 corrigit
1872 1438 2064 1512 <οὖ>
2112 1439 2512 1520 βουλομένην.

617 1629 695 1696 V.
755 1632 841 1697 58
901 1631 1078 1702 ἄλλα
1140 1662 1211 1703 τε
1271 1642 1482 1708 πολλὰ
1535 1643 1933 1732 (Phoenices)
1981 1673 2009 1714 ο
2026 1651 2045 1714 ἰ
2062 1674 2100 1715 ιι
2117 1651 2152 1726 ἦ
2168 1677 2207 1716 σ
2224 1677 2266 1717 α
2286 1679 2315 1718 ν
2334 1637 2373 1720 r
2388 1679 2418 1720 ε
2438 1681 2467 1728 ς
2515 1658 2751 1736 ταύτην
2797 1665 2910 1739 σὺν

527 1743 728 1820 χώρην
767 1740 1083 1822 ἐσήγαγον
1122 1744 1508 1814 διδασκάλια·
1541 1752 1673 1816 ιιι-ἑ.
1720 1751 1873 1820 Loci
1896 1759 2060 1823 ratio
2085 1759 2366 1843 postulat
2410 1788 2439 1828 ο
2457 1765 2476 1830 i
2495 1789 2531 1830 ιι
2548 1766 2573 1831 Ι
2585 1789 2623 1830 σ
2640 1793 2684 1833 α
2706 1793 2734 1832 ν
2751 1793 2789 1833 Ιι·
2811 1794 2842 1834 ε
2859 1795 2911 1844 ς.

617 1954 692 2020 V.
716 1955 823 2038 ⁴59
861 1953 1051 2024 Εἶδον
1090 1958 1153 2026 δὲ
1192 1963 1297 2026 καὶ
1338 1964 1524 2036 αὐτὸς
1567 1966 1861 2043 Καδμήια
1906 1968 2267 2048 γράμματα
2308 1979 2371 2040 ἐν
2411 1977 2495 2058 τῷ
2534 1983 2641 2044 τοῦ
2670 1978 2911 2047 Ἀπόλ-

521 2075 707 2136 λωνος
770 2066 878 2128 τοῦ
948 2063 1254 2143 Ἰσμηνίου
1318 2069 1378 2132 ἕν
1440 2071 1687 2152 Θήβησι
1748 2084 1890 2156 τῇσι
1956 2085 2217 2144 Βοιωτῶν
2282 2081 2410 2146 ἐπὶ
2467 2083 2704 2162 τρίποσι
2750 2088 2906 2167 τρίσι

524 2167 1066 2248 ἐγκεκολαμμένα.
1143 2172 1310 2254 Quid
1359 2177 1444 2240 sit
1489 2178 1907 2254 ἐγκολάπτειν
1948 2183 2050 2248 ἐπὶ
2098 2186 2369 2264 τρίποδι,
2418 2209 2543 2254 non
2590 2212 2905 2278 assequor.

522 2270 727 2339 Verba
791 2275 1238 2354 ἐγκολάπτειν,
1294 2281 1645 2360 ἐντάμνειν,
1700 2285 2049 2365 ἐγγράφειν
2098 2290 2342 2356 similia
2389 2294 2747 2381 iunguntur
2792 2305 2906 2364 aut

519 2399 666 2444 cum
715 2381 1000 2467 simplici
1045 2385 1296 2461 dativo,
1347 2396 1461 2451 aut
1506 2410 1652 2453 cum
1702 2407 1983 2476 praepos.
2033 2395 2092 2455 ἐν
2140 2402 2206 2458 et
2252 2396 2467 2480 paullo
2507 2403 2709 2466 rarius
2750 2424 2900 2469 cum

513 2506 722 2571 praep.
773 2488 880 2559 cic.
953 2487 1162 2570 Quare
1207 2498 1317 2557 aut
1362 2504 1768 2581 expungatur
1813 2500 2195 2583 praepositio
2240 2500 2322 2567 cl.
2361 2502 2396 2567 I
2438 2502 2525 2569 93
2545 2554 2563 2590 ‚
2607 2514 2725 2572 aut
2761 2528 2895 2575 cor-

511 2592 762 2679 rigatur
810 2594 871 2657 ἐν
919 2593 999 2661 cl.
1048 2595 1108 2660 II
1162 2596 1308 2663 106.

597 2804 671 2869 V.
710 2802 817 2871 63.
861 2806 1346 2876 Lacedaemonii
1387 2812 1792 2881 Anchimolio
1835 2814 1993 2883 duce
2037 2816 2235 2884 classe
2277 2823 2581 2889 venerant
2619 2824 2685 2889 in
2718 2825 2895 2890 Atti·

505 2930 644 2976 cam
686 2912 1012 2997 expulsuri
1061 2914 1517 2983 Pisistratidas.
1592 2918 1685 2984 Hi
1726 2941 1874 2987 vero
1918 2924 2285 2989 immittunt
2329 2928 2408 2991 iis
2436 2926 2889 2996 Thessalorum

503 3020 888 3102 equitatum.
940 3023 1050 3105 qui
1094 3022 1332 3089 multos
1378 3023 1690 3101 Lacones,
1732 3028 1795 3091 in
1847 3029 2079 3113 quibus
2126 3032 2338 3117 ipsum
2397 3032 2662 3119 ducem,
2716 3038 2886 3103 occi-

504 3123 698 3203 dunt,
781 3126 922 3198 τοὺς
986 3126 1049 3191 δὲ
1107 3132 1602 3205 περιγενομένους
1666 3132 1867 3197 αὐτῶν
1935 3134 1992 3203 ἐς
2056 3135 2175 3206 τὰς
2240 3137 2380 3208 νέας
2453 3140 2813 3220 κατέρξα
2834 3166 2887 3208 ν.

502 3229 670 3297 Cum
734 3232 1057 3311 κατέργειν
1117 3236 1203 3298 sit
1265 3235 1571 3300 includere
1634 3243 1696 3301 et
1731 3239 2077 3319 prohibere,
2127 3242 2498 3320 artificiose,
2550 3246 2589 3309 i.
2644 3266 2699 3311 e.
2747 3265 2889 3332 pes-

500 3337 701 3421 sime,
741 3337 901 3403 duce
949 3331 1512 3426 Schweighiiusero
1559 3344 2100 3427 interpretantur:
2143 3347 2211 3410 in
2258 3370 2435 3411 naves
2480 3353 2889 3434 compulerunt

499 3452 558 3510 et
626 3444 713 3508 ibi
773 3430 1150 3509 coercuerunt
1170 3492 1184 3521 ,
1249 3447 1581 3511 escensione
1634 3450 2079 3530 prohibuerunt.
2194 3450 2504 3536 Equidem
2570 3464 2885 3540 punctum

499 3553 802 3637 temporis
863 3571 986 3617 non
1047 3552 1272 3617 dubito
1320 3555 1473 3637 quin
1523 3552 1609 3618 H.
1658 3556 1979 3640 scripserit
2010 3578 2153 3623 una
2199 3557 2415 3623 addita
2463 3559 2721 3627 liter-ula
2769 3586 2885 3626 κα-

498 3657 840 3740 τΗρΑξαν,
868 3657 1227 3741 praecipites
1273 3660 1678 3744 compulerunt
1722 3662 1789 3723 in
1836 3684 2046 3746 nanee,
2094 3682 2348 3747 prorsus
2388 3669 2462 3729 ut
2500 3668 2753 3752 scripsit
2775 3666 2881 3735 IX

498 3760 584 3829 69
633 3769 829 3830 extr.:
879 3764 1020 3837 τοὺς
1068 3765 1314 3837 λοιποὺς
1364 3764 1849 3847 κατήραξαν
1900 3770 1957 3838 ἐς
2007 3766 2111 3833 τὸν
2161 3771 2513 3849 Κιθαιρῶνα.

581 3975 664 4045 V.
731 3974 841 4043 64.
909 3978 960 4043 οἵ
1020 3977 1084 4042 δὲ
1149 3977 1601 4058 περιγενόμενοι
1663 3980 2155 4047 οἶσι-αλλοὶσσοντο
2207 3982 2283 4051 ὥς
2332 3975 2498 4060 εἶχον
2554 3980 2719 4055 ἰθὺς
2772 3983 2877 4049 ἐπὶ

497 4086 872 4160 Θεσσαλίης.
957 4082 1084 4150 Pro
1144 4084 1269 4156 ἰθὺς
1316 4084 1494 4151 Stein
1540 4086 1878 4152 substituit
1924 4087 2131 4169 εὐθύς,
2180 4084 2451 4151 formam
2506 4108 2631 4152 non
2673 4086 2877 4157 Hero-

491 4189 764 4254 doteam.
851 4188 1090 4255 Debuit
1153 4190 1381 4256 saltem
1450 4190 1649 4274 ἰθέως,
1714 4198 1787 4256 ut
1853 4199 1948 4256 est
2008 4190 2103 4255 VI
2171 4189 2251 4256 17
2326 4191 2463 4255 ὅδὲ
2512 4192 2732 4264 ἰθέως
2779 4196 2871 4265 ὥς

489 4290 682 4375 εἶχε
731 4292 930 4359 ἕπλωε
978 4295 1038 4367 ἐς
1089 4296 1380 4370 Φοινίκην.
1451 4296 1671 4383 Magis
1719 4291 1933 4362 tamen
1982 4297 2146 4361 mihi
2192 4296 2423 4361 arridet
2462 4294 2871 4387 Wesselingii

487 4402 849 4469 coniectura
893 4401 1046 4481 ἰθύ,
1102 4403 1292 4469 modo
1332 4403 1528 4469 simul
1568 4402 1855 4467 deleatur
1896 4404 2277 4487 praepositio
2319 4402 2425 4466 ἐπί
2448 4450 2466 4485 ,
2510 4418 2670 4487 quae
2702 4413 2876 4472 recte
