3150 5000
589 218 722 285 280
1444 237 1722 288 nulus
1766 234 2107 287 sosarnus.

588 403 1042 490 distinguitur,
1101 407 1436 487 postquam
1499 401 1655 469 Jesu
1716 424 1909 469 causa
1970 405 2037 468 in
2092 402 2410 489 judicium
2476 402 2671 467 venit.
2749 397 2935 464 Facile

586 510 882 575 videmus
948 511 1114 573 inter
1159 507 1530 574 Pharisaeos
1577 507 1929 594 Josephum
1984 508 2355 593 amplexum
2404 508 2600 571 fuisse
2644 504 2937 570 Hillelita-

587 636 732 680 rum
787 614 1138 680 doctrinam
1159 660 1176 689 ,
1251 615 1330 679 ad
1399 635 1556 697 quos
1626 617 1883 702 ingenio
1950 615 2222 679 ferretur
2236 636 2261 688 31
2325 613 2551 678 deinde
2620 612 2939 678 ambitione

587 723 853 786 ductum
875 768 891 799 ,
952 731 1026 784 ut
1085 716 1375 786 Galilaea
1435 721 1560 785 sibi
1620 723 2159 795 committeretur,
2234 739 2369 784 sese
2436 717 2811 802 applicuisse
2868 715 2939 780 ad

586 826 1073 893 Schammaitas.
1155 826 1382 910 Itaque
1465 827 1719 890 omissis
1792 825 2205 900 Sadducaeis,
2282 844 2554 908 quorum
2625 823 2941 887 auctoritas

576 934 962 1020 jamdudum
1026 936 1447 998 intermortua
1506 937 1643 997 erat
1699 952 1977 1016 quosque
2038 933 2106 996 in
2154 933 2310 1015 ipsis
2356 927 2727 1016 Evangeliis
2768 924 2941 992 semel

587 1045 838 1104 tantum
901 1059 1050 1104 cum
1115 1037 1266 1103 Jesu
1328 1038 1722 1122 disputantes
1782 1037 2349 1122 deprehendimus,
2418 1037 2691 1101 scribere
2758 1035 2941 1118 potnit

582 1143 623 1210 J
627 1145 897 1230 osephus
915 1191 930 1219 ,
995 1143 1032 1209 J
1037 1164 1218 1208 esum
1280 1142 1633 1227 plurimum
1710 1143 2045 1227 profecisse
2116 1163 2192 1207 ex
2263 1141 2710 1206 Hillelitarum
2778 1139 2940 1204 disci-

583 1249 796 1334 plina,
842 1249 909 1312 id
950 1249 1115 1334 quod
1160 1250 1352 1313 etiam
1395 1248 1584 1313 hodie
1620 1251 1687 1312 in
1726 1247 2098 1334 Evangeliis
2136 1253 2412 1314 attentos
2447 1247 2711 1312 lectores
2746 1245 2941 1332 sugere

583 1374 708 1419 non
755 1359 980 1437 potest.
1055 1353 1228 1418 Hinc
1273 1355 1534 1420 fuerunt
1579 1353 1657 1418 de
1694 1354 1925 1418 horum
1966 1374 2228 1419 numero
2266 1374 2421 1439 quos
2459 1355 2700 1418 amicos
2738 1352 2943 1416 habuit

583 1459 932 1544 Josephum
993 1459 1597 1534 Arimathaeanum,
1664 1459 2131 1543 Nicodemum,
2195 1459 2355 1524 alios
2408 1465 2473 1525 et
2518 1459 2599 1522 cf.
2648 1467 2943 1543 praeterea

585 1566 740 1631 Luc.
807 1565 910 1629 11.
975 1563 1088 1641 45;
1155 1566 1262 1630 sed
1326 1585 1578 1649 semper
1630 1568 1691 1630 ei
1738 1586 1837 1630 res
1884 1572 1980 1630 est
2026 1577 2177 1630 eum
2225 1564 2714 1647 Schammaitis3
2758 1560 2942 1626 Hillo·

586 1672 738 1736 litae
795 1669 1004 1735 multo
1065 1673 1267 1734 rarius
1334 1673 1852 1758 perstringuntur
1913 1670 2119 1736 veluti
2181 1669 2419 1736 Matth.
2483 1669 2593 1734 23.
2648 1669 2763 1742 15,
2808 1686 2939 1730 nam

585 1777 1058 1843 Schammaitae
1109 1775 1522 1853 προσηλύτους
1569 1797 1695 1841 non
1742 1778 2005 1842 faciunt.
2077 1776 2245 1857 Quid
2284 1778 2521 1863 igitur,
2558 1778 2614 1840 si
2652 1772 2941 1857 Josephus

585 1885 838 1968 scripsit
899 1884 1090 1948 fnisse
1151 1886 1318 1948 inter
1375 1887 1543 1969 ipsos
1608 1883 1981 1949 Pharisaeos
2042 1886 2148 1968 qui
2207 1882 2361 1949 Jesu
2406 1885 2729 1962 faverent,
2772 1879 2945 1946 sicuti

582 1988 866 2074 legimus
931 1987 970 2054 J
975 1989 1152 2053 acobi
1223 1989 1479 2054 caedem
1555 1990 1929 2056 Pharisaeos
1998 1989 2191 2054 fuisse
2210 2036 2225 2066 ,
2306 1990 2419 2074 qui
2487 1987 2941 2054 ulciscerentur.

585 2093 810 2174 Quidsi
855 2096 1142 2178 scripsit,
1179 2095 1670 2160 condemnatum
1705 2095 1905 2161 fuisse
1940 2094 2161 2161 Jesum
2202 2103 2543 2181 postquam
2586 2115 2775 2161 causa
2794 2093 2944 2158 dicta

585 2205 750 2265 esset
795 2220 918 2265 non
965 2201 1032 2262 in
1078 2201 1298 2284 majore
1339 2200 1665 2285 synedrio,
1720 2201 1829 2266 sed
1876 2203 1944 2265 in
1983 2207 2239 2279 minore,
2279 2203 2348 2266 in
2390 2221 2515 2284 quo
2551 2221 2678 2289 non
2716 2203 2941 2282 septua-

583 2307 767 2392 ginta
804 2305 1052 2389 judices
1098 2305 1398 2370 sedebant
1422 2354 1436 2380 ,
1489 2306 1595 2370 sed
1646 2306 1886 2392 viginti
1931 2305 2099 2372 tres?
2170 2306 2339 2386 Quid
2386 2309 2441 2370 si
2480 2307 2783 2390 majorem
2820 2321 2940 2386 par·

585 2421 715 2476 tem
780 2412 1010 2476 atrocis
1062 2411 1344 2474 criminis
1389 2410 1470 2475 ab
1515 2409 1775 2475 Judaeis
1820 2415 2129 2489 removit,
2180 2419 2253 2476 ut
2300 2411 2611 2477 conferret
2658 2409 2724 2474 in
2770 2410 2940 2490 caput

583 2520 1034 2602 procuratoris,
1084 2536 1195 2601 per
1240 2537 1430 2600 quem
1453 2566 1468 2592 ,
1514 2524 1587 2582 ut
1626 2520 1719 2583 ait
1756 2516 2053 2595 Tacitus,
2096 2516 2391 2585 Christus
2430 2517 2743 2601 supplicio
2784 2514 2940 2580 affec·

583 2631 688 2687 tus
746 2625 890 2687 est?
978 2621 1209 2710 Cogita
1271 2632 1593 2707 praeterea
1638 2624 2123 2690 immaculatam
2169 2626 2643 2709 conceptionem
2688 2621 2727 2688 J
2732 2620 2940 2704 osepho
3067 2696 3068 2707 χ

583 2752 716 2795 rem
787 2729 1120 2794 ridiculam
1184 2728 1474 2794 debuisse
1528 2730 1735 2796 videri
1782 2738 1845 2794 et
1893 2733 2409 2796 resurrectionem
2461 2727 2747 2794 fabulam
2795 2744 2943 2811 pror-

582 2857 690 2900 sus
750 2834 1210 2899 incredibilem.
1273 2834 1744 2900 Mirabimurne
1808 2835 2001 2901 talem
2068 2837 2435 2919 pericopen,
2504 2837 2574 2900 in
2629 2854 2755 2919 qua
2800 2826 2943 2896 nihil

581 2962 704 3007 non
769 2941 1094 3006 offensioni
1157 2950 1318 3005 esset
1378 2943 1502 3024 piis
1563 2940 1869 3005 lectorum
1931 2944 2227 3019 auribus,
2276 2941 2597 3007 sublatam
2647 2942 2838 3005 fuisse
2876 2956 2943 3001 ex

582 3046 1056 3129 voluminibus,
1097 3066 1365 3129 quorum
1408 3046 1597 3111 lectio
1636 3048 1975 3131 ceteroquin
2016 3046 2197 3112 utilis
2220 3068 2355 3111 esse
2379 3048 2720 3112 videretur.
2770 3042 2945 3123 Quid·

584 3152 736 3235 quid
784 3159 1000 3216 autem
1043 3154 1292 3235 scripsit
1329 3151 1679 3236 Josephus,
1720 3153 1786 3217 id
1824 3156 2086 3239 negavit
2124 3152 2291 3236 quod
2318 3158 2509 3237 capnt
2532 3158 2701 3228 erat,
2736 3150 2939 3216 Jesum

583 3256 780 3320 fuisse
841 3276 1030 3339 quem
1096 3258 1550 3339 praedixissent
1608 3258 1969 3343 prophetae.
2062 3256 2231 3333 Quin
2280 3264 2345 3323 et
2392 3257 2687 3323 videmus
2733 3254 2943 3339 Orige-

581 3382 728 3427 nem
777 3360 1008 3448 legisse
1054 3360 1267 3425 locum
1317 3383 1504 3447 quem
1547 3362 1735 3426 hodie
1784 3363 2245 3439 desideramus‚·
2296 3366 2450 3427 satis
2494 3364 2727 3427 diserta
2767 3359 2947 3427 verba
3067 3366 3068 3379 ¹

581 3475 730 3533 sunt
767 3468 1068 3551 adversus
1108 3465 1367 3532 Celsum
1410 3466 1460 3532 I.
1503 3466 1625 3531 35:
1664 3468 1943 3545 καίτοιγε
1986 3470 2221 3535 oin-125⁹
2264 3470 2347 3549 τῷ
2392 3469 2590 3539 Ἰησοῦ
2633 3470 2710 3539 ὥς
2746 3466 2945 3545 xpm-{²-

583 3572 653 3638 Si
713 3574 968 3639 dubitas
1030 3592 1108 3637 an
1157 3594 1230 3637 ea
1279 3574 1561 3657 pericope
1608 3594 1686 3638 ex
1732 3574 2027 3639 omnibus
2074 3574 2545 3659 exemplaribus
2594 3590 2945 3641 evanescere

581 3681 894 3763 potuerit,
945 3678 1282 3762 respondeo
1321 3680 1610 3762 spurium
1656 3686 1868 3744 tamen
1908 3682 2349 3745 testimonium
2392 3687 2609 3765 postea
2646 3682 2941 3745 insertum

580 3784 774 3847 fuisse
822 3783 1012 3866 idque
1056 3784 1242 3847 hodie
1289 3784 1587 3848 omnibus
1631 3783 1815 3849 libris
1861 3788 2310 3870 manuscriptis
2366 3784 2777 3851 circumferri.
2850 3779 2943 3846 Al-

581 3894 793 3953 terum
852 3890 906 3952 si
969 3891 1207 3953 factum
1272 3890 1466 3953 fuisse
1527 3874 2053 3973 deprehendimus
2075 3938 2092 3969 ,
2152 3892 2319 3957 nihil
2381 3899 2477 3956 est
2525 3913 2640 3956 cur
2686 3891 2939 3957 alterum

581 3990 716 4058 fieri
763 3996 1043 4077 potuisse
1087 4015 1416 4081 negemus.
1487 3994 1589 4059 Ne
1636 3996 1754 4061 hoc
1802 3997 2059 4080 quidem
2109 3996 2572 4084 negligendum
2614 4004 2745 4074 est,
2786 3996 2941 4061 testi·

581 4100 874 4163 monium
934 4099 1010 4162 de
1067 4095 1220 4163 Jesu
1267 4096 1522 4165 Christo
1569 4080 1845 4165 inveniri
1891 4113 2033 4166 ante
2079 4101 2291 4167 locum
2342 4102 2420 4167 de
2465 4101 2757 4169 Johanne
2802 4102 2942 4183 Bap-

581 4205 766 4279 tista;
830 4210 1089 4287 apparet
1147 4208 1350 4292 igitur
1409 4206 1928 4292 interpolatorem
1980 4210 2047 4273 in
2096 4209 2307 4274 codice
2355 4208 2595 4274 vidisse
2641 4209 2938 4275 lacunam·
3067 4264 3068 4275 ,

581 4308 722 4375 Hoc
769 4316 1221 4395 argumentum
1273 4312 1436 4375 mihi
1482 4312 1738 4378 videtur
1786 4314 2279 4395 ἀναμφίλεκτον.
