3150 5000
459 964 613 1071 AD
676 962 1183 1069 DIONYSII
1246 962 2348 1081 HALIOARNASSENSIS
2401 962 2714 1067 ANTI-

398 1116 981 1236 QUITA'I'UM
1036 1119 1760 1226 ROMANARUM
1809 1118 2248 1225 LIBRUM
2282 1117 2777 1223 PRIMUM.

1430 1417 1734 1445 ..ῃ-...κ-

482 1635 645 1728 Pag.
691 1638 755 1705 3.
822 1637 1131 1706 Historioi
1194 1640 1270 1706 de
1317 1641 1503 1705 rebus
1550 1640 1790 1706 vilibus
1833 1646 1898 1706 et
1943 1640 2186 1706 nullius
2234 1641 2421 1726 pretii
2470 1646 2736 1729 agentes
2755 1692 2777 1727 ,

392 1752 467 1814 ut
531 1753 731 1813 artem
795 1747 1107 1812 scribendi
1168 1752 1479 1813 ostentent
1498 1796 1516 1831 ,
1584 1751 1647 1811 et
1707 1746 1982 1835 gloriam
2047 1747 2551 1833 qualemcunque
2597 1748 2780 1834 apud

390 1858 669 1940 posteros
714 1853 1181 1930 nanciscantur,
1226 1873 1410 1938 opera
1448 1873 1666 1918 eorum
1704 1852 2145 1919 evolventibus
2169 1854 2592 1940 suspicionem
2617 1855 2777 1920 inii-

391 1964 603 2027 oiunt:
665 1956 756 2026 ὅτι
818 1961 1116 2033 τοιούτους
1184 1957 1595 2039 ἐζήλωσαν
1645 1962 1816 2026 αὐτοὶ
1867 1960 2074 2038 βίους,
2120 1957 2249 2033 οἵας
2299 1958 2598 2039 ἐξέδωκαν
2644 1962 2771 2037 τὰς

390 2066 649 2151 γραφάς
675 2090 690 2105 ·
736 2068 1005 2140 ἐπιεικῶς
1056 2067 1181 2148 γὰρ
1228 2064 1508 2139 ἅπαντες
1560 2067 1894 2149 νομίζουσιν
1943 2067 2179 2141 §indm-5·
2227 2063 2380 2133 εἶναι
2422 2077 2530 2143 τῆς
2572 2068 2770 2133 ἑκάσ-

389 2198 493 2239 του
538 2179 756 2256 ψυχῆς
803 2175 940 2247 τοὺς
990 2174 1233 2251 λόγους.
1282 2173 1510 2240 Paullo
1554 2176 1762 2255 acrius
1809 2173 2088 2250 dixerat,
2141 2176 2392 2260 opinor,
2435 2168 2526 2239 ὅτι
2573 2175 2774 2241 τοιού-

389 2306 526 2354 τους
578 2278 707 2360 ἔζη
729 2304 873 2345 σαν
922 2280 1097 2345 αὐτοὶ
1145 2279 1336 2357 βίους.
1388 2280 1633 2360 Quibus
1671 2278 2046 2345 futilissima
2091 2300 2374 2365 quaeque
2401 2282 2768 2366 placebant,

390 2398 454 2457 et
509 2391 632 2475 ipsi
677 2389 917 2453 sordido
964 2394 1029 2453 et
1075 2388 1295 2452 abiecto
1341 2406 1571 2476 genere
1617 2389 1788 2452 vitae
1835 2389 1934 2452 usi
1982 2408 2120 2453 esse
2165 2408 2419 2453 summo
2455 2390 2604 2453 ’iure
2652 2410 2772 2474 pu—

388 2501 624 2561 tantur.
697 2494 877 2576 Quod
939 2494 1019 2561 ad
1072 2494 1341 2561 formam
1391 2490 1421 2558 ἔ
1437 2493 1477 2573 ζ
1490 2519 1522 2569 η
1544 2518 1642 2558 σα
1690 2494 1955 2571 attinet,
2005 2515 2131 2579 qua
2175 2514 2324 2560 cum
2371 2495 2770 2579 sequioribus

340 2590 345 2599 ⁴
388 2604 682 2670 omnibus
740 2610 805 2669 et
863 2601 1209 2688 Dionysius
1271 2601 1537 2667 subinde
1594 2600 1914 2677 abutitur,
1965 2600 2046 2666 cf.
2103 2597 2379 2666 Cobetus
2426 2621 2572 2688 pag.
2621 2600 2762 2668 XV.

387 2709 671 2777 Eandem
732 2708 1164 2775 confusionem
1226 2709 1392 2773 inter
1454 2706 1865 2789 ἐζηλωκώς
1915 2712 1979 2773 et
2024 2705 2318 2787 ἐζηκώς
2368 2708 2616 2773 notavit
2663 2709 2770 2774 vir

388 2814 794 2882 doctissimus
840 2813 919 2880 ad
966 2835 1111 2903 pag.
1164 2812 1359 2880 1446.

476 3025 635 3114 Pag.
685 3027 746 3090 4.
794 3031 1005 3090 ταῦτα
1052 3025 1122 3100 33,
1170 3026 1424 3104 νομίσας
1472 3027 1803 3103 ozvoeyxoeroe
1842 3025 1946 3092 xa)
1989 3031 2201 3101 πρῶτα
2242 3029 2610 3108 θεωρήματα
2634 3037 2759 3103 τοῖς

385 3133 697 3211 ἱστορικοῖς
763 3127 913 3195 εἶναι
981 3131 1149 3217 [καὶ]
1214 3131 1451 3204 πολλὴν
1508 3131 1916 3208 ποιησάμενος
1961 3131 2324 3212 ἀμφοτέρων
2372 3133 2752 3211 ἐπιμέλειαν.

385 3237 648 3324 Semper
707 3241 775 3303 in
834 3258 1070 3325 magno
1132 3236 1413 3322 periculo
1463 3241 1749 3303 versatur
1792 3237 2165 3303 huiusmodi
2211 3240 2558 3307 sententiae
2609 3261 2743 3308 con-

382 3345 713 3429 formatio,
761 3365 885 3429 qua
932 3341 1193 3410 alterius
1239 3345 1400 3409 ratio
1449 3344 1771 3430 participii
1808 3343 2069 3410 alterius
2109 3345 2462 3410 subiicitur.
2516 3345 2751 3412 Miran-

383 3458 490 3517 tur
534 3451 693 3518 hanc
741 3456 1126 3516 structuram
1172 3449 1419 3516 librarii
1466 3459 1529 3517 et
1579 3450 1928 3516 innumeris
1974 3471 2169 3536 paene
2215 3451 2368 3517 locis
2417 3450 2758 3518 molestam

384 3556 677 3643 copulam
742 3557 1166 3644 interponunt.
1238 3556 1463 3643 Itaque
1523 3563 1825 3644 perpetuo
1886 3562 1981 3622 est
2043 3557 2429 3636 cavendum,
2495 3579 2572 3624 ne
2640 3557 2762 3624 tali

381 3663 599 3730 frande
643 3684 756 3730 nos
799 3662 1225 3730 ludificentur.

470 3859 627 3947 Pag.
680 3859 742 3926 ὅ.
812 3859 1170 3946 Imperium
1214 3859 1633 3937 Romanum,
1697 3860 1908 3927 iudice
1951 3860 2290 3948 Dionysio.
2341 3864 2566 3928 ceteris
2613 3881 2762 3927 om—

378 3966 566 4033 nibus
629 3965 815 4032 facile
875 3965 1198 4032 antecellit
1258 3968 1322 4032 οὖ
1373 3967 1549 4043 μόνον
1599 3968 1765 4032 κατὰ
1815 3967 1884 4030 τὸ
1933 3965 2192 4045 μέγεθος
2239 3974 2346 4040 τῆς
2400 3969 2599 4050 ἀρχῆς
2647 3969 2755 4034 καὶ

381 4073 552 4138 κατὰ
614 4071 901 4156 (fortasse
947 4070 1313 4158 delendum)
1376 4072 1444 4137 τὸ
1509 4071 1739 4144 κάλλος
1788 4079 1906 4138 τῶν
1957 4071 2270 4157 πράξεων,
2319 4065 2396 4146 ἃς
2444 4075 2605 4140 οὔπω
2655 4097 2756 4138 κε-

380 4179 651 4254 κόσμηκε
699 4179 885 4256 λόγος
931 4177 1118 4250 οὐδεὶς
1170 4177 1351 4255 ἀξίως
1376 4229 1391 4255 ,
1444 4180 1621 4244 ἀλλὰ
1670 4180 1773 4243 καὶ
1825 4181 1996 4245 κατὰ
2046 4181 2116 4244 τὸ
2157 4189 2348 4260 μῆκος
2389 4187 2497 4246 τοῦ
2541 4203 2755 4261 περιει-

380 4283 651 4368 ληφότος
702 4286 895 4361 αὐτὴν
940 4283 1152 4365 χρόνου
1199 4285 1445 4367 μέχρι
1493 4295 1634 4360 τῆς
1681 4284 1853 4350 καθ’
1907 4287 2119 4366 ἡμᾶς
2176 4288 2526 4361 ἡλικίας.
2587 4287 2751 4354 Edo-
