3150 5000
509 301 596 370 58
1507 315 1907 369 mono‘rus.

505 487 708 571 ζοντες
764 491 1036 566 Ἔρωτες
1095 490 1148 568 οἱ
1214 490 1326 567 μὲν
1375 487 1747 569 ’Λφροδίτην
1794 489 2261 573 θεραπεύοντες,
2314 489 2367 552 οἱ
2414 487 2477 552 δὲ
2526 487 2923 561 ἱππεύοντες

507 594 836 675 ἀναβάται
887 596 1171 678 ςρουθοῒς.

599 805 651 871 Ι.
716 806 834 872 25:
905 807 1388 887 ὑποκρητηρίδιον
1451 807 1824 884 σιδήρεον
1887 803 2335 880 κολλητόν·
2396 805 2541 894 lege
2588 806 2927 886 σιδηρο-

510 912 937 989 κόλλητον.
983 915 1064 979 cf.
1116 915 1342 978 Mnem.
1389 911 1552 980 XVI
1595 911 1749 978 204.

599 1127 910 1214 Legimus
975 1125 1005 1190 I
1055 1124 1141 1191 27
1191 1124 1495 1192 Croesum
1546 1123 1751 1206 accip-ra
1803 1125 2055 1199 ἡσθῆναι
2103 1129 2187 1206 τῷ
2236 1126 2615 1204 ἐπιλόγῳ.
2694 1125 2929 1193 Fabu-

509 1233 643 1299 lam
691 1233 840 1299 Bias
883 1237 1166 1297 narraret
1213 1238 1278 1297 et
1324 1231 1532 1297 multo
1571 1231 1807 1297 melius
1853 1231 2321 1318 intelligerem:
2364 1232 2447 1312 τῷ
2488 1236 2529 1296 ἀ
2551 1255 2599 1296 π
2616 1255 2643 1296 ο
2660 1245 2703 1297 λ
2724 1232 2761 1298 ὀ
2778 1257 2833 1312 γ
2852 1259 2925 1314 ω.

601 1443 794 1509 Solon
842 1442 872 1507 I
920 1442 1006 1508 29
1052 1442 1417 1521 ἀπεδήμησε
1454 1441 1602 1506 ἔτεα
1640 1442 1792 1508 δέκα
1832 1443 2044 1508 κατὰ
2086 1442 2320 1523 θεωρίης
2361 1441 2695 1524 πρόφασιν.
2744 1443 2927 1512 Dele

506 1551 1038 1635 praepositionem
1087 1549 1256 1614 κατα
1276 1596 1293 1625 ,
1343 1550 1535 1614 sicuti
1582 1556 1751 1614 recte
1797 1548 2041 1637 legitur
2085 1570 2163 1615 ex
2209 1549 2479 1617 Homeri
2530 1553 2924 1618 imitatione

510 1655 565 1720 V
616 1653 736 1720 33:
785 1654 988 1720 ἔπλωε
1037 1653 1346 1737 πρόφασιν
1395 1653 1498 1720 ἐπ’
1549 1655 2030 1731 Ἑλλήσποντον.

601 1863 770 1932 Mire
819 1863 1088 1931 Croesus
1137 1864 1434 1931 Solonem
1480 1868 1905 1952 interrogasse
1951 1867 2186 1933 dicitnr
2233 1869 2266 1934 I
2314 1868 2403 1934 30
2420 1916 2437 1946 ,
2506 1866 2565 1934 εί
2605 1892 2757 1932 τινα
2800 1871 2925 1946 ἤδη

507 1971 758 2036 πάντων
805 1965 928 2035 εἶδε
976 1970 1516 2049 ὀλβιώτατον.
1565 1972 1865 2056 Repono:
1908 1972 2191 2050 ὄλβιον
2227 1971 2456 2052 οὕτω,
2498 1977 2694 2040 sicuti
2736 1982 2927 2043 recte

507 2078 810 2143 scribitur
858 2076 951 2141 ΙΙΙ
997 2076 1118 2142 35:
1171 2078 1314 2142 τίνα
1360 2076 1470 2154 ἤδη
1520 2072 1677 2150 εἶδες
1724 2077 1973 2143 πάντων
2023 2077 2341 2160 ἀνθρώπων
2368 2078 2539 2147 οὕτω
2587 2081 2923 2148 ἐπίσκοπα

511 2183 880 2261 τοξεύοντας

602 2398 949 2484 Postquam
993 2398 1303 2464 Adrastus
1348 2394 1564 2464 Croesi
1604 2397 1810 2464 filium
1850 2399 2169 2465 interfecit
2210 2399 2351 2466 143
2370 2447 2385 2477 ,
2428 2403 2651 2466 statim
2676 2422 2918 2471 excur-

509 2507 596 2571 rit
657 2507 870 2571 nescio
919 2508 1061 2590 quis
1106 2504 1333 2571 Sardes
1379 2506 1490 2577 τήν
1535 2530 1607 2571 τε
1657 2506 1767 2581 μά
1786 2528 1889 2584 χη
1912 2532 1941 2571 ν
1990 2506 2093 2570 καὶ
2145 2509 2247 2572 τὸν
2292 2512 2399 2572 τοῦ
2448 2507 2663 2581 παιδὸς
2717 2510 2915 2591 μόρον

509 2610 772 2687 ἐσήμηνέ
810 2613 883 2676 οἱ.
931 2610 1057 2677 Sed
1095 2631 1312 2697 pugna
1351 2611 1444 2675 ibi
1482 2610 1663 2675 nulla
1702 2610 1942 2677 fuerat:
1984 2632 2064 2677 an
2089 2614 2507 2679 rescribemus
2532 2613 2917 2692 πλανηνῗ

595 2824 690 2890 De
733 2844 898 2890 urna
930 2843 1121 2890 aurea
1160 2843 1352 2907 quam
1393 2820 1664 2889 Croesus
1702 2824 1981 2909 Delphos
2017 2827 2317 2903 miserat,
2359 2825 2640 2912 legimns
2688 2824 2725 2891 1
2767 2824 2909 2895 51:

504 2930 974 3011 ἐπιγέγραπται
1037 2929 1536 3008 Λακεδαιμονίων
1600 2930 1983 3012 φαμένων
2047 2927 2263 2996 εἶναι
2326 2931 2711 3006 ἀνάθημα
2788 2936 2909 2999 οὐκ

503 3040 672 3119 ὀρθῶς
748 3038 1170 3113 λέγοντες.
1279 3034 1508 3100 Infelix
1584 3044 1679 3101 est
1748 3036 2071 3124 Madvigii
2142 3038 2418 3121 suspicio
2488 3039 2556 3100 in
2626 3037 2909 3106 Advers-

499 3165 564 3229 p.
633 3142 763 3207 313
831 3144 941 3227 qui
991 3144 1238 3225 reponit
1283 3143 1564 3220 φάμενον
1612 3147 1675 3207 et
1724 3143 1930 3221 λέγον.
2002 3142 2240 3207 Melius
2288 3152 2455 3207 certe
2500 3139 2781 3207 Cobetus
2834 3147 2909 3209 in

500 3248 718 3315 Variis
781 3248 1190 3314 Lectionibus
1247 3268 1310 3331 p.
1375 3246 1860 3315 409=Mnem.
1918 3248 2121 3315 XXII
2170 3247 2282 3323 77,
2334 3248 2657 3314 contendit
2704 3268 2908 3332 quae-

501 3355 650 3421 dam
717 3355 944 3421 lacuna
1007 3357 1303 3420 absumta
1364 3375 1496 3420 esse
1561 3358 1779 3440 itaque
1826 3355 2115 3440 supplet:
2166 3348 2633 3433 ἐπιγέγραπται
2683 3366 2905 3421 Λακε·

501 3462 822 3541 δαιμονίων
854 3486 866 3499 ·
923 3464 1052 3544 (διὰ
1102 3462 1165 3526 δὲ
1210 3461 1446 3535 ταύτην
1497 3461 1857 3540 ἐπιγραφὴν
1909 3463 2150 3540 Δελφοὶ
2202 3460 2709 3535 Λακεδαιμονίων
2758 3470 2903 3538 Φα-

500 3570 619 3647 σὶν)
673 3566 826 3634 εἶναι
873 3568 1166 3642 ἀνάθημα
1217 3569 1321 3630 οὐκ
1370 3569 1540 3642 ὀρθῶς
1595 3567 1905 3642 λέγοντες.
1979 3566 2159 3646 Quod
2206 3569 2273 3632 in
2321 3566 2537 3633 oculos
2579 3570 2900 3654 incurrit,

499 3679 712 3739 narrat
757 3673 1120 3739 Herodotus
1166 3692 1326 3756 quae
1367 3674 1502 3756 ipse
1545 3672 1809 3755 Delphis
1851 3673 2181 3737 audiverat
2222 3679 2285 3737 et
2306 3676 2375 3737 in
2402 3674 2638 3760 vulgus
2662 3680 2899 3740 notum

498 3788 630 3844 erat
693 3781 1168 3863 inscriptionem
1231 3776 1400 3845 mala
1447 3778 1668 3843 fraude
1723 3780 2113 3862 suppositam
2164 3778 2382 3843 fuisse.
2450 3778 2623 3843 Hinc
2672 3779 2902 3849 addit:

497 3884 586 3953 ἔτι
654 3886 780 3964 γὰρ
843 3885 946 3947 καὶ
1006 3888 1186 3947 τοῦτο
1237 3886 1518 3963 Κροίσου,
1572 3883 1896 3961 ἐπέγραψε
1945 3882 2008 3946 δὲ
2056 3890 2171 3947 τῶν
2220 3908 2314 3955 τις
2366 3892 2633 3960 Δελφῶν
2684 3896 2899 3951 Λακε-

497 3992 847 4067 δαιμονίοισι
909 3990 1286 4067 βουλόμενος
1350 3988 1755 4070 χαρίζεσθαι,
1808 3994 1914 4051 τοῦ
1964 3988 2327 4063 ἔπιε-άμενος
2382 3992 2451 4055 τὸ
2502 3988 2733 4066 οὕνομα
2781 3994 2897 4056 οὐκ

498 4098 935 4173 ἐπιμνήσομαι.
1031 4096 1173 4162 Non
1252 4095 1668 4179 perhibebant
1737 4093 1971 4178 Delphi
2044 4094 2687 4161 Lacedaemoniorum
2754 4118 2896 4161 esse

494 4206 861 4279 donarium,
927 4224 1077 4269 nam
1143 4202 1569 4267 mussitabant
1632 4202 1828 4265 etism
1876 4203 2043 4265 inter
2092 4222 2157 4266 se
2204 4222 2432 4267 nomen
2482 4205 2653 4279 eius,
2704 4206 2894 4267 euius

491 4311 862 4394 turpissima
917 4310 1088 4373 fraus
1134 4308 1299 4372 male
1345 4307 1608 4372 latebat.
1682 4304 1857 4371 Haec
1899 4325 2089 4371 causa
2133 4314 2266 4384 est,
2313 4329 2427 4372 cur
2465 4310 2681 4371 minus
2720 4309 2891 4373 mihi

490 4416 696 4502 placet
758 4412 981 4482 Cobeti
1045 4414 1586 4500 supplementum.
1676 4414 1905 4478 Potius
1966 4413 2237 4478 dixerim
2304 4413 2689 4500 interpolata
2750 4436 2889 4483 esse
