3150 5000
529 178 663 244 442
1464 197 1955 248 xmornowmm.

526 359 609 436 ἣν
657 361 923 435 δοκεῖς
970 385 1101 437 μοι
1148 362 1239 427 σὺ
1290 361 1657 445 νομίζειν
1701 364 2244 442 εὐδαιμονίαν
2306 359 2538 430 εἶναι.
2613 361 2888 428 Absurde

524 491 627 532 ars
669 469 961 550 reymundi
1001 491 1222 533 summa
1251 470 1538 552 felicitae
1583 478 1867 538 vocatur.
1913 471 2204 558 Repone:
2254 494 2293 534 τ
2314 471 2538 550 ύχην.

616 574 781 639 Ibid.
830 573 909 639 H.
959 573 1021 638 2.
1076 573 1181 639 13.
1232 575 1339 639 ἐὰν
1388 575 1451 640 δέ
1498 601 1591 648 τις
1638 576 1858 656 γονέας
1907 578 1994 655 μὴ
2047 576 2385 658 θεραπεύῃ,
2433 573 2690 656 τούτῳ
2739 575 2896 646 δίκην

524 706 594 747 τε
659 681 961 752 ἐπιτίθησι
1009 681 1112 746 καί
1162 679 1703 762 ἀποδοκιμάζουσα
1755 687 1858 749 οὐκ
1907 684 1982 767 ἐᾷ
2031 681 2248 763 ἄρχειν
2300 685 2614 747 τοῦτον.
2687 679 2897 765 Suspi-

524 791 769 854 cionem
840 793 1054 854 movet
1126 790 1428 854 iteratum
1499 810 1876 874 pronomem
1949 810 2074 856 nou
2147 796 2360 854 tamon
2430 787 2892 855 eliminandum

525 913 783 968 censeo,
834 893 943 959 secl
987 915 1099 980 pro
1147 885 1409 976 τούτῷ
1450 897 1924 984 corrigendum:
1973 896 2282 962 τούτου.

606 999 777 1065 Ibid.
827 998 938 1064 III.
990 999 1053 1064 2.
1097 999 1153 1064 4.
1198 1000 1293 1066 δεῖ
1328 995 1424 1064 οὖν
1472 1001 1607 1066 τὸν
1652 1007 2289 1082 στρατηγοῦντα
2332 1006 2512 1065 τοῦτο
2553 1023 2902 1080 παρασκευ·

528 1105 694 1187 οὶζειν
756 1113 879 1178 τοῖς
928 1106 1227 1184 ἑλομένοις
1276 1107 1463 1172 αὐτόν
1509 1111 1742 1191 [στρα
1766 1107 2069 1193 τηγόν].
2141 1105 2444 1175 Deleatur
2490 1105 2738 1193 puerile
2783 1126 2900 1170 em·

526 1213 759 1278 blema.

620 1317 783 1384 Ibid.
848 1317 962 1383 III.
1028 1316 1091 1384 3.
1156 1318 1258 1385 12.
1332 1319 1803 1406 Supplendum:
1867 1318 1996 1385 οὐδὲ
2058 1319 2343 1402 εὐανδρία
2408 1321 2468 1383 ἐν
2512 1316 2686 1400 ἄλλη
2735 1315 2904 1382 πόλει

531 1423 936 1511 (οὐδεμιᾷ)
999 1424 1178 1502 ὁμοία
1244 1436 1320 1508 τῇ
1385 1425 1593 1493 ἐνθάδε
1637 1426 2018 1506 συναγεταις
2071 1433 2134 1492 et
2182 1425 2243 1492 7.
2295 1426 2359 1494 7.
2408 1426 2474 1490 τί
2519 1423 2583 1490 δὲ
2630 1425 2741 1490 οἴει
2787 1425 2904 1488 δια-

532 1531 738 1614 Φέρειν
810 1523 838 1594 ὃ
902 1532 978 1597 σὺ
1042 1541 1228 1605 ποιεῖς
1295 1534 1613 1618 (ποιεῖν)
1679 1533 1712 1610 ἢ
1776 1539 1893 1599 τῶν
1942 1534 2244 1607 οἰσκήτων
2271 1530 2420 1597 ὄντα
2467 1533 2726 1614 κρείττω
2773 1531 2906 1600 τοὺς

530 1639 772 1709 ἰδιώτας
818 1638 1191 1717 Φοβεῖσθαις
1240 1643 1305 1704 et
1342 1637 1405 1702 4.
1451 1639 1555 1705 12.
1605 1635 1689 1712 οἷς
1729 1638 1782 1705 οἱ
1825 1639 2021 1724 (μὲν)
2062 1636 2456 1715 ἐπισταμενοι
2484 1639 2780 1719 χρῆσθαι.
2809 1685 2826 1700 .
2855 1687 2868 1700 .
2895 1685 2908 1700 .

532 1746 583 1809 οἱ
638 1745 699 1808 δὲ
762 1747 851 1820 μὴ
902 1743 1319 1822 ἐπισταμενοι.
1368 1743 1607 1810 Eodem
1655 1745 1936 1811 remedio
1985 1747 2297 1810 utendum
2347 1743 2409 1810 6.
2455 1744 2512 1808 1.
2553 1749 2671 1806 τῶν
2717 1743 2910 1830 (μὲν)

535 1848 745 1915 ἄλλων
792 1851 1017 1915 οἰκείων
1066 1875 1137 1914 τε
1186 1849 1291 1916 καί
1340 1850 1542 1932 Φίλων
1591 1899 1604 1914 .
1638 1898 1697 1917 ..
1726 1901 1742 1917 .
1793 1852 2124 1932 Σωκράτης
2173 1849 2273 1916 δέ.

622 1956 782 2021 Ibid.
834 1955 947 2021 III.
1001 1955 1057 2023 7.
1115 1955 1175 2021 3.
1238 1958 1298 2020 ἐν
1346 1965 1528 2030 ταῖς
1583 1959 2086 2033 συνουσίαις,
2137 1956 2295 2038 ἔφη,
2349 1951 2476 2029 αἷς
2527 1956 2690 2022 σύνει
2741 1963 2910 2026 τοῖς

532 2063 634 2128 τὰ
681 2071 791 2138 τῆς
842 2063 1074 2136 πόλεως
1123 2062 1479 2144 πράττουσι.
1528 2063 1988 2130 Praetulerim:
2039 2059 2130 2135 ἃς
2180 2062 2364 2128 σύνει.

626 2168 795 2234 Ibid.
843 2169 967 2234 III.
1026 2170 1127 2234 11.
1186 2169 1289 2236 18.
1336 2178 1564 2250 χρῆσον
1609 2177 1802 2234 τοίνυν
1849 2195 1987 2249 μοι,
2037 2169 2194 2250 ἔφη,
2245 2171 2354 2241 την
2396 2167 2632 2246 ἴυγγα,
2672 2166 2780 2234 ἵνα
2817 2165 2910 2231 ε’πί

538 2274 627 2340 σοί
678 2281 979 2355 πρῶτον
1025 2273 1185 2340 ἕλκω
1237 2277 1452 2352 αὐτήν.
1500 2277 1943 2342 Necessarium
1991 2277 2276 2344 videtur:
2329 2275 2615 2355 πρώτῳ.

521 2380 531 2390 “
624 2380 788 2447 Ibid.
837 2379 953 2446 III.
1003 2380 1107 2448 12.
1158 2380 1221 2446 6.
1271 2381 1400 2447 ἐπεὶ
1452 2383 1555 2447 καί
1607 2383 1666 2445 ἐν
1715 2377 1756 2464 ᾧ
1807 2382 2071 2455 δοκεῖς
2121 2381 2583 2464 ἐλαχίστην
2624 2377 2912 2458 σώματος

531 2486 828 2569 χρείαν
894 2483 1068 2553 εἶναι.
1140 2487 1327 2555 Nihil
1388 2473 1702 2556 eifismodi
1763 2489 2081 2577 Epigenes
2137 2487 2582 2577 affirmaverpt.
2629 2485 2914 2553 Scriben-

534 2596 730 2661 dum:
779 2595 1007 2661 δοκεῖ
1046 2596 1467 2675 ἐλαχίστη
1515 2596 1800 2673 σώματος
1846 2596 2091 2675 χρεία
2139 2591 2314 2661 εἶναι.

622 2702 791 2769 Ibid.
851 2701 958 2768 IV.
1021 2699 1084 2767 3.
1152 2701 1258 2765 10.
1320 2704 1383 2767 τί
1440 2704 1563 2783 γὰρ
1613 2700 1774 2768 ἄλλο
1821 2700 2014 2783 ζῷον
2061 2703 2256 2779 αἰγῶν
2303 2725 2373 2765 τε
2419 2696 2524 2765 καί
2577 2700 2708 2765 οἰῶν
2761 2747 2779 2763 .
2809 2747 2870 2764 ..
2899 2748 2912 2761 .

533 2808 639 2874 καὶ
710 2806 848 2872 ὄνων
912 2809 1014 2873 καὶ
1082 2814 1201 2873 τῶν
1263 2806 1475 2873 ἄλλων
1538 2806 1752 2894 [ζῴων]
1817 2812 2097 2873 τοσαῦτα
2163 2808 2380 2885 ὦγαθοὶ
2438 2806 2752 2873 ἀπολαύει
2801 2800 2916 2869 ὅσα

538 2914 867 2995 ἄνθρωποις
916 2917 1195 3001 Apparet
1240 2912 1441 2995 ζῴων
1485 2916 1840 2979 insiticium
1886 2934 2040 2979 esse.

642 3020 1065 3085 Oeconomicus.
1128 3018 1197 3085 O.
1270 3022 1327 3086 1.
1395 3019 1501 3085 19.
1565 3022 1668 3085 καὶ
1737 3016 1828 3084 ὅτι
1891 3018 2286 3097 πονηρότατοί
2345 3016 2422 3097 γέ
2471 3020 2621 3083 εἰσιν
2668 3016 2803 3082 οὐδὲ
2853 3016 2916 3080 σὲ

540 3126 972 3199 λανθάνουσιν,
1044 3124 1215 3205 εἴπερ
1282 3126 1672 3206 πονηρίαν
1736 3150 1815 3205 γε
1877 3124 2132 3206 νομίζεις
2200 3126 2426 3205 οἰργίαν
2486 3134 2542 3186 τ’
2609 3118 2766 3187 εἶναι
2814 3122 2916 3185 καὶ

538 3234 869 3313 μαλακίαν
940 3240 1156 3315 ψυχῆς
1228 3231 1330 3296 καὶ
1406 3231 1731 3309 οἰμέλειαν.
1804 3231 2034 3297 Malim
2105 3236 2303 3296 certe:
2373 3229 2729 3309 πονηράν
2785 3231 2918 3296 sive

538 3339 895 3420 wovnpdm

636 3443 708 3513 O.
757 3444 838 3510 11.
893 3446 952 3511 1.
1018 3444 1318 3533 Corrige:
1369 3443 1540 3509 ἐπεὶ
1592 3444 1698 3508 καὶ
1746 3443 1879 3520 περὶ
1928 3444 2076 3519 ἐμοῦ
2123 3440 2334 3521 λέγεις
2363 3460 2494 3527 ‚pro
2539 3443 2605 3507 εἰ
2657 3446 2722 3505 et
2767 3461 2918 3505 mox

540 3551 999 3637 supplendum:
1050 3552 1230 3618 πόσον
1281 3552 1448 3637 (μὲν)
1494 3549 1569 3614 ἂν
1619 3598 1635 3613 .
1665 3598 1680 3614 .
1709 3600 1724 3615 .
1757 3598 1773 3613 .
1822 3550 2005 3615 πόσον
2054 3548 2162 3628 δέ,
2213 3556 2278 3614 et
2320 3550 2388 3613 in
2437 3546 2558 3641 59:
2598 3548 2774 3627 παρὰ
2809 3552 2916 3611 σοῦ

540 3657 993 3738 ὦφελησόμενοι
1041 3659 1183 3742 (εἰς
1234 3657 1342 3741 σέ)
1390 3655 1838 3733 ἀποβλέπουσι.
2785 3656 2790 3659 ’

630 3764 789 3829 Ibid.
857 3761 930 3830 Ο.
996 3762 1057 3829 3.
1108 3762 1170 3830 9.
1236 3762 1447 3836 ἄλλως
1498 3788 1568 3827 τε
1617 3762 1722 3827 καὶ
1772 3766 1890 3826 τῶν
1936 3762 2136 3831 αὐτῶν
2182 3759 2242 3844 [ὅ
2257 3784 2402 3825 ντω
2421 3762 2479 3845 ν]
2531 3760 2782 3839 ἀγαθῶν
2830 3757 2916 3828 εἰς

540 3892 611 3935 τε
658 3871 769 3943 τὴν
814 3877 1032 3950 χρῆσιν
1082 3870 1186 3934 καὶ
1236 3867 1574 3950 κερδαλέων
1623 3870 1707 3941 εἰς
1757 3869 2028 3942 πώλησιν
2071 3852 2262 3931 ὅντω
2282 3891 2330 3933 ν.
2397 3869 2530 3931 Aut
2575 3864 2912 3931 delendum

538 3980 653 4044 aut
696 3974 730 4040 ἵ
736 4000 784 4040 π
802 3999 851 4040 π
869 4002 911 4040 ω
929 4002 957 4042 ν
1004 3976 1543 4043 substituendum.

630 4082 792 4148 Ibid.
842 4078 914 4148 O.
968 4082 1027 4148 5.
1083 4083 1141 4149 1.
1194 4080 1631 4167 Supplendum
1683 4081 1985 4147 arbitror:
2032 4083 2242 4143 ταῦτα
2290 4077 2391 4161 δέ,
2437 4074 2480 4143 ὦ
2521 4077 2913 4156 Κριτόβουλε,

542 4190 665 4269 ἐγὼ
729 4186 1101 4266 διηγοῦμαι,
1169 4188 1290 4268 ἔφη
1330 4188 1386 4273 ,ὃ
1437 4186 1802 4267 Σωκράτης,
1853 4185 1913 4270 (ἵ
1917 4189 1965 4249 ν’
2015 4186 2263 4271 εἰδῇς)
2310 4182 2400 4250 ὅτι
2448 4192 2558 4258 τῆς
2607 4184 2914 4263 γεωργίας

543 4295 661 4362 οὐδ’
732 4298 782 4360 οἰ
847 4294 1008 4360 πάνυ
1070 4294 1356 4374 μακάριοι
1421 4296 1709 4360 δύνανται
1772 4292 2159 4374 ἀπέχεσθαι,
2225 4298 2288 4356 et
2336 4293 2402 4355 in
2455 4288 2576 4355 52:
2625 4289 2908 4361 ταῦταῆ
