3150 5000
2500 226 2632 295 107

225 410 479 477 crebris
529 413 1002 499 erogationibus
1052 414 1572 481 deminuerentur
1590 462 1607 493 ,
1656 412 2004 481 identidem
2053 417 2269 479 tamen
2307 434 2385 479 ex
2424 390 2649 481 reditu'

226 512 452 584 annuo
516 518 806 585 nonnihil
868 542 1000 587 esse
1060 523 1345 589 refectas.
1415 520 1544 587 Hic
1599 526 1816 589 autem
1864 521 2105 587 reditus
2155 521 2280 586 fuit
2326 540 2488 588 anno
2533 520 2634 587 01.

225 622 378 688 92³0
449 622 519 689 3⁰
581 623 660 690 ad
723 626 965 692 talenta
1026 628 1156 694 fere
1218 628 1387 706 200,
1455 630 1623 714 quod
1687 627 1853 695 clare
1907 631 2083 716 patet
2130 648 2208 693 ex
2254 626 2476 695 tabula
2520 626 2636 694 illa

225 732 565 796 rationum
613 734 1025 817 pecuniarum
1077 734 1408 801 Minervae
1455 732 1554 821 (O.
1582 734 1630 800 1.
1659 736 1735 799 A.
1787 734 1856 813 Ι,
1913 732 2088 819 188),
2138 754 2328 820 quae,
2377 733 2489 800 ubi
2538 754 2636 798 ra-

225 838 445 903 tiones
493 836 750 903 exhibet
796 838 988 905 huius
1037 844 1185 906 anni
1205 887 1222 919 ‚
1271 841 1504 906 diserte
1550 845 1823 907 testatur
1861 860 2209 927 expensum
2245 845 2399 905 tunc
2437 860 2515 905 ex
2554 842 2637 903 iis

225 952 496 1009 tantum
561 944 748 1010 modo
813 966 983 1025 esse,
1047 968 1206 1033 quae
1269 950 1406 1033 ipso
1458 948 1577 1013 hoc
1626 968 1788 1013 anno
1834 948 2109 1014 redirent
2157 947 2316 1027 (vid.
2364 945 2635 1013 Kirohh.
2754 1030 2759 1039 1

224 1048 270 1115 l.
327 1071 381 1115 c.
439 1071 503 1135 p.
557 1050 690 1136 50).
762 1049 889 1117 Sed
953 1056 1222 1121 minime
1283 1059 1560 1131 constat,
1625 1060 1861 1139 quanta
1923 1064 2075 1118 tunc
2131 1054 2491 1131 redierunt,
2542 1075 2635 1118 re-

227 1156 432 1222 diisse
481 1178 730 1243 quoque
767 1162 946 1224 annis
989 1160 1140 1226 belli
1181 1159 1694 1246 Peloponnesiaci
1737 1162 2083 1247 prioribus,
2110 1159 2187 1225 de
2212 1160 2445 1244 quibus
2468 1180 2637 1225 nunc

225 1266 622 1350 quaerimus.
700 1263 1008 1354 Legimus
1071 1268 1238 1353 apud
1298 1266 1747 1355 Thucydidem
1798 1266 1965 1353 (III,
2023 1265 2135 1352 50)
2184 1266 2636 1344 Athenienses,

222 1378 577 1456 post-quam
603 1370 885 1436 Lesbum
913 1394 1131 1439 rursus
1155 1376 1224 1438 in
1247 1374 1553 1440 ditionem
1586 1394 1767 1439 suam
1788 1356 2170 1460 redegerint,
2199 1392 2360 1439 anno
2386 1370 2637 1437 0138oe

224 1476 321 1552 2⁰,
391 1476 649 1559 κλήρους
699 1484 947 1550 ποιῆσαι
998 1488 1106 1553 τῆς
1156 1486 1278 1557 γῆς
1325 1479 1697 1559 τριςχιλίους
1750 1484 1815 1545 et
1860 1478 2276 1559 τριακοσίους,
2330 1516 2409 1527 --
2464 1479 2635 1545 deoi-

223 1602 410 1648 mam
480 1585 686 1670 igitur
742 1590 988 1669 partem
1011 1634 1026 1663 ,
1086 1624 1170 1635 --
1231 1587 1420 1668 ἱεροὺς
1468 1586 1699 1664 ἐξελεῖν
1745 1593 1871 1658 τοῖς
1920 1587 2094 1657 θεοῖς.
2167 1585 2339 1674 Ergo
2388 1591 2637 1651 constat

225 1697 375 1776 post
445 1690 618 1755 hunc
681 1710 918 1757 anuum
980 1676 1190 1759 n'iulto
1251 1694 1438 1780 plura
1495 1696 1805 1780 recepisse
1868 1692 2031 1759 Deos
2082 1714 2161 1759 ex
2205 1692 2419 1758 fundis
2466 1695 2599 1758 suis
2620 1740 2634 1766 ,

225 1816 430 1884 quam
500 1804 703 1863 antea.
776 1797 1112 1865 Praeterea
1173 1822 1270 1871 res
1330 1804 1471 1886 ipsa
1531 1799 1856 1887 loquitur,
1924 1821 2087 1885 quae
2147 1800 2452 1866 redierint
2497 1799 2638 1865 Diis

228 1924 307 1969 ex
367 1903 753 1988 praedarum
818 1906 897 1971 ab
960 1906 1250 1973 hostibus
1311 1914 1641 1995 captarum
1690 1912 1755 1973 et
1801 1903 2111 1974 bonorum
2160 1906 2633 1993 publicatorum

229 2010 508 2077 decimis
553 2010 855 2098 (Boeckh.
908 2012 1052 2079 Oec.
1103 2014 1242 2080 Pol.
1291 2015 1398 2100 11,
1446 2038 1505 2101 p.
1561 2014 1761 2095 217),
1819 2015 1975 2081 haec
2023 2015 2295 2079 minime
2343 2020 2633 2079 constan-

229 2123 363 2197 ter,
395 2156 485 2166 —
513 2124 588 2183 ut
634 2118 910 2206 singulis
958 2122 1136 2186 annis
1183 2124 1363 2206 paria
1411 2122 1541 2187 fere
1586 2121 1861 2204 fuerint,
1896 2158 1975 2169 -
2002 2120 2277 2185 rediisse.
2354 2119 2496 2185 Iam
2547 2122 2639 2184 vi-

233 2224 474 2290 dentur
521 2229 733 2290 nostro
781 2246 941 2291 anno
989 2225 1084 2293 Ol.
1140 2226 1282 2291 92ae
1332 2226 1401 2293 3⁰
1450 2226 1555 2294 vel
1602 2227 1840 2293 eximie
1887 2246 2120 2314 magna
2166 2226 2315 2292 inde
2353 2226 2634 2293 rediisse.

231 2330 642 2397 Memoratur
687 2334 757 2397 in
802 2335 1156 2399 rationibus
1203 2332 1335 2399 illis
1383 2335 1480 2399 bis
1529 2335 1647 2400 hoc
1696 2354 1857 2399 anno
1906 2334 2434 2412 ἁνομολογηθῆναι
2474 2332 2637 2398 Hel-

229 2438 640 2524 lenotamiis‚
681 2437 1029 2530 Strategis,
1073 2440 1460 2508 Trici-archis
1504 2443 1589 2506 τὰ
1640 2442 1708 2507 ἐκ
1758 2441 2013 2518 Σάμους
2065 2443 2280 2527 itaque
2314 2460 2473 2526 quae
2519 2438 2639 2506 hoc

230 2568 398 2614 anno
451 2568 534 2613 ex
582 2547 701 2613 hac
746 2546 957 2613 insula
1002 2550 1359 2627 redierunt,
1401 2569 1524 2614 uon
1558 2547 1774 2614 delata
1810 2555 1959 2614 su‘nt
1999 2547 2283 2613 Athenas
2305 2592 2321 2625 ,
2360 2545 2469 2612 sed
2494 2565 2640 2612 con-

232 2656 418 2721 tinuo
492 2652 990 2720 Hellenotamiis
1061 2661 1126 2720 et
1192 2653 1410 2720 classis
1471 2655 1808 2741 praefectis
1870 2653 2105 2720 tradita
2124 2701 2140 2730 ,
2208 2655 2361 2739 quia
2422 2650 2639 2717 classis

231 2759 733 2827 Atheniensium
799 2764 980 2834 tunc,
1059 2766 1133 2825 ut
1197 2763 1565 2846 saepissime
1584 2809 1599 2838 ‚
1664 2763 1731 2826 in
1780 2763 2054 2826 statione
2105 2764 2273 2825 esset
2318 2759 2483 2824 circa
2530 2756 2643 2824 Sa-

235 2887 442 2934 mum.
499 2863 871 2933 Oertissime
906 2866 1048 2933 Diis
1085 2867 1370 2932 multum
1410 2867 1661 2934 redibat
1698 2889 1776 2934 ex
1813 2867 2060 2943 fundis,
2102 2886 2257 2952 quos
2297 2867 2375 2931 in'
2402 2865 2522 2932 hac
2546 2867 2640 2929 in-

235 2972 376 3040 sula
419 2973 745 3039 habebant
797 2973 1087 3060 (Kirchh.
1138 2974 1177 3039 1.
1233 2995 1289 3039 c.
1335 2996 1396 3060 p.
1449 2972 1599 3061 67),
1650 2974 1758 3040 sed
1805 2975 2064 3040 rediisse
2107 2973 2253 3039 inde
2300 2975 2637 3058 quotannis

237 3077 483 3146 talenta
547 3081 796 3146 circiter
847 3079 976 3146 100
997 3129 1014 3159 ,
1075 3101 1237 3167 quae
1298 3082 1534 3148 tradita
1598 3103 1731 3148 esse
1778 3086 2216 3146 memorantur
2261 3079 2637 3147 Hellenota-

240 3188 392 3252 miis
442 3192 510 3254 et
556 3185 774 3253 classis
819 3188 1154 3274 praefectis
1171 3237 1188 3268 ,
1240 3209 1427 3255 nemo
1475 3189 1833 3255 crediderit.
1882 3187 2317 3256 Kirohbovius
2362 3208 2499 3253 rem
2547 3188 2639 3254 sic

240 3291 518 3378 explicat
538 3341 552 3368 ,
623 3299 698 3358 ut
759 3294 1156 3381 temporibus
1210 3294 1344 3360 illis
1391 3315 1496 3372 ea,
1549 3314 1711 3380 quae
1755 3317 1831 3361 ex
1879 3292 2173 3380 pluribus
2220 3293 2363 3360 aliis
2408 3293 2639 3360 insulis

239 3397 609 3484 rediissent,
659 3404 733 3465 ut
780 3400 899 3465 sub
950 3399 1148 3466 classe
1187 3403 1398 3467 tutius
1435 3402 1908 3487 perciperentur
1927 3449 1943 3479 ,
1970 3407 2185 3474 coacta
2209 3420 2343 3466 esse
2366 3397 2638 3467 Samum

240 3510 459 3588 putet,
509 3506 883 3592 priusquam
933 3507 1216 3572 Athenas
1263 3509 1851 3573 transmitterentur
1902 3506 1971 3594 (1.
2015 3528 2069 3572 c.
2116 3529 2179 3592 p.
2232 3505 2367 3592 52).
2439 3505 2637 3573 Valde

243 3615 458 3679 tamen
521 3612 778 3691 dubito,
847 3635 1003 3678 num
1069 3634 1229 3699 quae
1292 3612 1548 3680 aliunde
1611 3615 1979 3692 rediissent,
2039 3613 2219 3678 Sami
2265 3613 2455 3680 modo
2501 3618 2639 3678 tan-

243 3737 434 3802 quam
483 3721 552 3784 in
601 3717 812 3805 aliquo
862 3719 1216 3787 deversorio
1263 3723 1687 3786 retinerentur
1707 3767 1723 3798 ,
1779 3720 1905 3786 dici
1952 3721 2278 3806 potuerint
2303 3723 2387 3784 ·τά
2415 3720 2483 3784 ἐκ
2510 3717 2637 3786 Σά-

244 3845 380 3898 μου.
453 3824 579 3891 Sed
637 3829 886 3912 praesto
951 3831 1046 3892 est
1109 3825 1300 3915 longe
1357 3825 1483 3892 alia
1503 3873 1520 3904 ,
1571 3846 1768 3912 eaque
1786 3876 1804 3910 ‚
1853 3827 1909 3891 si
1957 3824 2111 3911 quid
2157 3825 2343 3891 video
2364 3873 2379 3904 ,
2428 3825 2637 3891 multo

243 3931 630 4013 probabilior
691 3932 1055 4019 explicatio.
1124 3933 1434 4022 Legimus
1495 3933 1664 4020 apud
1713 3932 2156 4020 Thucydidem
2210 3932 2431 4020 (VIII,
2482 3931 2635 4019 21),

245 4035 312 4099 in
356 4035 480 4106 fine
526 4041 673 4105 anni
724 4037 822 4105 01.
871 4037 1018 4108 91⁸0
1069 4040 1164 4116 4ἱ,
1222 4043 1357 4106 sive
1405 4042 1553 4105 anni
1604 4038 1701 4105 01.
1754 4037 1897 4104 92⁸⁶
1950 4041 2006 4104 1i
2054 4039 2276 4119 initio,
2326 4039 2634 4126 populum

248 4137 426 4208 Sami
489 4145 728 4212 auxilio
791 4145 1282 4211 Atheniensium
1307 4195 1322 4226 ‚
1384 4149 1495 4232 qui
1543 4167 1692 4211 cum
1742 4146 1948 4211 tribus
1998 4146 2269 4212 navibus
2310 4145 2633 4223 adessent,

247 4250 471 4317 vicisse
541 4251 823 4320 civitatis
895 4273 1216 4340 proceres,
1284 4273 1502 4319 eorum
1554 4253 1858 4319 occidisse
1904 4251 1983 4318 ad
2031 4252 2334 4318 ducentos
2380 4271 2599 4317 omnes
2618 4298 2635 4329 ‚

251 4355 736 4448 quadringentos
781 4360 850 4425 in
895 4360 1165 4427 exilium
1213 4362 1464 4426 misisse
1529 4366 1720 4445 atque
1766 4360 1937 4445 ipsos
1985 4379 2205 4426 eorum
2254 4357 2482 4424 fundos
2521 4357 2633 4423 do-
