3150 5000
852 1147 1547 1223 OBSERVATIONES
1606 1145 2012 1221 CRITIGAE

1398 1376 1460 1416 m

1071 1572 1792 1680 HERODOTUM.

1297 1819 1581 1870 somrsrr

1154 2021 1225 2090 S.
1268 2024 1343 2089 A.
1393 2021 1704 2089 NABER.

1315 2345 1565 2375 w-

328 2630 518 2716 Apud
565 2632 964 2700 Herodotum
1013 2632 1046 2698 I
1097 2632 1135 2701 ¹7
1185 2636 1424 2720 viginti
1471 2634 1597 2699 duo
1642 2632 2019 2700 Heraclidae
2066 2632 2375 2699 Sardibus
2420 2636 2623 2718 impe·

255 2736 398 2801 rium
452 2738 792 2825 Lydorum
854 2743 1130 2804 tenuisse
1191 2740 1489 2805 dicuntur
1551 2760 1755 2825 usque
1819 2740 1901 2805 ad
1958 2746 2351 2825 postremum
2402 2759 2622 2826 regem

257 2836 622 2909 Candaulem
645 2893 661 2921 ‚
720 2848 828 2910 cui
881 2844 1294 2911 Mermnadae
1343 2855 1796 2911 successerunt.
1871 2845 2019 2931 Ipsa
2066 2846 2261 2911 verbu
2307 2865 2469 2930 quse
2517 2866 2622 2910 me

259 2944 668 3043 adverterunt,
734 2951 888 3017 haec
947 2960 1128 3017 sunt:
1192 2950 1489 3029 ἄρξαντες
1564 2952 1733 3039 [μὲν]
1798 2952 1896 3015 ἐπὶ
1948 2950 2047 3017 δύο
2095 2952 2223 3037 [τε]
2276 2952 2379 3015 καὶ
2428 2950 2618 3016 εἴκοσι

260 3056 452 3125 7ενεὰς
523 3057 776 3136 ἀνδρῶν,
841 3056 986 3121 ἔτεα
1044 3058 1286 3122 πέντε
1351 3058 1485 3142 [τε]
1551 3058 1659 3121 καὶ
1725 3057 2141 3140 πεντάκοσια,
2215 3065 2367 3129 παῖς
2443 3058 2619 3135 παρὰ

262 3163 462 3237 πατρὸς
525 3162 909 3234 ἐκδεκόμενος
975 3165 1086 3237 τὴν
1146 3165 1346 3244 ἀρχὴν
1394 3166 1581 3243 μέχρι
1638 3162 2035 3228 Κανδαύλεω.
2105 3163 2248 3228 Non
2297 3162 2621 3229 intercedo

261 3271 568 3344 quominus
637 3268 1050 3334 eliminentur
1117 3276 1246 3334 tres
1316 3268 1697 3354 particulae,
1790 3289 1947 3353 quas
2018 3266 2295 3333 Oobetus
2363 3268 2615 3333 notavit

263 3368 455 3438 Hm.
503 3372 699 3439 XXII
751 3374 872 3458 72,
921 3375 1028 3440 sed
1075 3375 1528 3440 debebimusne
1568 3377 1879 3460 patienter
1920 3374 2082 3439 ferre
2122 3376 2401 3459 spatium
2450 3372 2617 3438 illud

261 3492 532 3543 annorum
586 3480 757 3564 505,
805 3502 918 3566 per
960 3482 1127 3566 quod
1177 3480 1555 3546 Heraclidae
1595 3484 1959 3567 regnavisse
1995 3478 2335 3544 dicuntur?
2374 3480 2464 3544 Ut
2505 3482 2615 3564 qui

263 3580 583 3663 plurimum
649 3590 1122 3672 minimumque
1191 3587 1488 3670 tradunt,
1560 3589 1816 3673 Agron,
1890 3588 2000 3671 qui
2046 3586 2293 3671 primus
2339 3606 2611 3672 regnum

264 3686 544 3769 obtinuit,
596 3694 884 3767 πέμπτος
932 3692 1059 3773 ἀφ’
1110 3696 1479 3771 ’Ἡρακλέους
1530 3694 1697 3759 vixit
1743 3693 1872 3758 fere
1920 3698 2204 3776 tempore
2262 3690 2416 3755 belli
2462 3689 2615 3755 Tro-

255 3794 366 3873 jani
405 3806 466 3863 et
511 3798 877 3864 Herodotus
922 3820 1122 3884 quum
1173 3800 1486 3865 scribebat
1535 3800 1611 3863 de
1651 3800 1841 3864 rebus
1876 3804 2010 3863 tem
2056 3798 2355 3869 vetustis,
2398 3817 2613 3862 neces-

265 3903 397 3966 sario
455 3905 758 3970 rotundos
817 3925 1114 3970 numeros
1169 3925 1472 3991 usurpare
1523 3904 1763 3971 debuit.
1829 3902 2041 3969 Sensit
2086 3924 2226 3968 eam
2279 3902 2614 3968 difficulta-

263 4010 368 4070 tem
423 4010 737 4076 Rudolfus
795 4009 1218 4094 Schubertus,
1284 4014 1394 4094 qui
1455 4032 1658 4096 nuper
1720 4009 2045 4095 Lydorum
2110 4029 2212 4074 res
2259 4007 2615 4073 illustravit

262 4110 440 4197 itaque
477 4119 843 4203 perscripsit
891 4138 950 4200 p.
1008 4114 1051 4180 8
1099 4112 1538 4183 Gutschmidii
1577 4117 1959 4182 sententiam
1982 4163 1997 4192 ‚
2040 4135 2230 4200 quam
2260 4114 2511 4180 doctam
2546 4120 2611 4179 et

265 4226 476 4287 acutam
545 4244 679 4288 esse
735 4221 955 4300 viden,
1004 4222 1111 4287 sed
1160 4243 1376 4287 veram
1429 4244 1563 4288 esse
1609 4242 1794 4309 nego.
1863 4221 2179 4297 Fuerunt,
2227 4222 2478 4305 inquit,
2529 4220 2609 4283 ab

268 4323 480 4409 Agrone
541 4348 742 4412 usque
801 4328 884 4393 ud
945 4328 1250 4393 ultimum
1311 4349 1524 4415 regem
1578 4326 1885 4394 Croesum
1934 4348 2118 4414 reges
2166 4325 2285 4407 27,
2340 4344 2609 4410 quorum

273 4433 510 4518 quinque
553 4442 908 4521 postremos
955 4438 1030 4500 de
1075 4434 1598 4501 Mermnadarum
1647 4440 1840 4520 gente
1880 4433 2074 4499 fuisse
2117 4434 2436 4497 novimus.
2480 4428 2617 4495 Hos
