3150 5000
563 286 696 353 366
814 301 821 316 ¹
1419 305 1693 357 ruimus
1735 306 2069 358 sosarnus.

555 472 1226 558 Appropinquantibus
1288 471 1662 559 Babyloniis
1730 472 1989 539 oderant
2043 471 2082 538 J
2084 472 2271 539 udaei
2314 470 2355 539 J
2359 473 2659 539 eremiam
2708 470 2915 549 μάντιν

558 583 759 643 κακῶν
807 599 1008 665 neque
1055 598 1362 664 umquam
1409 579 1494 643 τὰ
1542 579 1783 658 κρήγυα
1830 578 2135 658 λέγοντα,
2186 577 2289 645 vel
2337 577 2802 659 προφητεύουσα
2841 577 2915 649 είς

559 684 814 769 ὦγαθοί,
877 686 1068 751 sicuti
1122 683 1669 772 Septuagintaviri
1714 672 2085 770 loquuntur.
2156 682 2283 751 Sed
2330 684 2488 751 dum
2534 685 2613 751 de
2657 683 2695 750 J
2700 684 2923 750 eremia

557 793 809 871 scribit,
870 778 1184 878 Jbsephus
1244 811 1427 857 suam
1489 797 1723 857 sortem
1784 793 2028 881 cogitat
2090 812 2280 879 seque
2328 813 2476 858 eum
2525 797 2739 858 vetere
2782 789 2924 854 Pro-

551 898 748 991 pheta
793 903 1136 985 comparat.
1199 898 1343 983 Ipse
1387 918 1638 984 quoque
1683 897 1838 965 olim
1888 901 1966 965 ab
2016 898 2405 986 Imperatore
2452 896 2597 965 Tito
2651 898 2734 965 ad
2776 896 2923 963 Hie·

553 1005 1043 1094 rosolymitanos
1090 1007 1326 1071 missus
1369 1005 1576 1071 fuerat
1626 1004 1703 1071 de
1749 1004 2068 1073 deditione
2086 1056 2103 1090 ‚
2146 1006 2256 1073 sed
2304 1004 2556 1073 Zelotae
2602 1006 2924 1071 noluerant

553 1132 770 1181 aurem
816 1114 1138 1201 praebere.
1209 1110 1444 1179 Verum
1507 1133 1661 1178 cum
1705 1112 1831 1178 duo
1876 1112 2121 1179 faciunt
2164 1113 2341 1180 idem
2358 1160 2377 1193 ,
2426 1133 2551 1179 non
2599 1119 2697 1179 est
2741 1111 2922 1178 idem.

641 1311 856 1395 Antiq.
912 1309 1018 1376 10.
1070 1307 1175 1376 10.
1227 1306 1303 1375 3:
1352 1311 1404 1376 εί
1452 1311 1505 1376 δ’
1553 1311 1765 1386 αὐτοῖς
1816 1308 2136 1377 ἔκθοιτο
2176 1314 2285 1388 τὴν
2324 1309 2461 1391 όψιν
2493 1315 2601 1377 τοῦ
2629 1310 2924 1393 ἐνυπνίου,

552 1415 929 1485 commendo
976 1416 1382 1495 διηγοῖτο.

639 1612 940 1681 Vidimus
984 1634 1176 1700 supra
1222 1614 1300 1681 ad
1351 1616 1569 1699 Antiq.
1614 1614 1676 1679 6.
1723 1614 1826 1680 14.
1870 1614 1946 1694 4,
2002 1618 2332 1701 prostratis
2370 1614 2408 1681 J
2416 1616 2769 1683 udaeornm
2808 1616 2927 1701 opi·

423 1760 426 1763 -
550 1696 704 1798 bus,
754 1730 970 1788 tamen
1015 1719 1400 1808 Josephum,
1463 1720 1619 1787 dum
1669 1720 2055 1787 Judaeorum
2106 1721 2383 1789 Annales
2424 1722 2769 1805 scriberet,
2812 1742 2926 1788 non

549 1824 984 1911 desperavisse
1043 1828 1121 1893 de
1181 1828 1370 1893 rebus
1423 1827 1661 1893 futuris
1709 1835 1773 1893 et
1819 1830 2033 1895 animo
2080 1836 2470 1917 auguratum
2516 1829 2722 1895 fuisse
2768 1834 2924 1895 tem·

549 1953 704 2018 pus,
752 1954 877 2019 quo
923 1932 1377 2021 Hierosolyma
1421 1939 1613 2019 eaput
1661 1934 1820 2000 foret
1866 1938 2063 2001 totius
2109 1935 2296 2012 orbis.
2344 1934 2563 2001 Metus
2604 1942 2827 2002 tamen
2864 1955 2925 2000 os

549 2040 935 2126 praecludit,
983 2063 1063 2107 ne
1110 2042 1264 2127 quid
1311 2038 1440 2105 tale
1486 2039 1757 2105 effutiat.
1837 2039 2110 2128 Legerat
2155 2042 2323 2128 apud
2371 2040 2709 2108 Danielem
2759 2042 2821 2108 2.
2846 2039 2922 2107 35

548 2145 618 2212 in
678 2150 1196 2233 interpretatione
1254 2147 1487 2212 somnii
1535 2146 1703 2231 quod
1750 2146 2239 2213 Nebucadnezar
2286 2146 2567 2214 viderat:
2616 2148 2647 2213 ὃ
2698 2150 2857 2219 λίθος
2897 2146 2923 2211 ὃ

552 2253 851 2332 πατάξας
913 2256 1022 2325 τὴν
1081 2252 1288 2320 εἰκόνα
1343 2253 1594 2332 ἐγενήθη
1642 2250 1766 2333 ὅρος
1812 2251 1991 2331 μέγα
2040 2252 2143 2319 καὶ
2194 2254 2505 2331 ἐπλήρωσε
2556 2258 2779 2320 πᾶσαν
2824 2257 2923 2328 τὴν

548 2366 688 2438 γῆν.
741 2356 866 2425 Sed
912 2362 1146 2425 metuit
1191 2380 1269 2425 ne
1318 2358 1473 2444 quid
1517 2358 1787 2425 offendat
1834 2364 2144 2426 terrarum
2185 2360 2475 2425 dominos
2514 2362 2737 2447 itaque
2760 2359 2926 2428 addit

472 2546 480 2559 ἢ
548 2468 767 2553 Antiq.
821 2464 923 2532 10.
978 2465 1082 2533 10.
1136 2467 1209 2532 4:
1275 2464 1540 2542 ἐδήλωσε
1602 2467 1665 2532 δὲ
1727 2463 1831 2530 καὶ
1894 2466 2027 2547 περὶ
2092 2472 2198 2532 τοῦ
2262 2467 2428 2533 λίθου
2490 2474 2801 2542 Δανιῖὶλοι,Ι
2846 2466 2921 2546 τῷ

546 2569 840 2650 βασιλεῖ,
906 2574 1055 2637 ἀλλ’
1091 2571 1250 2653 Ιἐμοὶ
1314 2573 1428 2649 μὲν
1487 2575 1593 2637 οὐκ
1656 2571 1819 2649 ἔδοξε
1878 2577 2057 2638 τοῦτο
2115 2575 2363 2653 ίςορεῑν,
2410 2573 2493 2640 τὰ
2542 2577 2924 2656 παρελθόντα

547 2678 652 2744 καὶ
702 2680 786 2745 τὰ
833 2678 1227 2758 γεγενημένα
1273 2677 1674 2760 συγγράφειν
1720 2680 1786 2744 οὐ
1831 2679 1917 2744 τα
1957 2679 2277 2757 μέλλοντα
2303 2681 2631 2762 ὀφείλοντι.
2688 2683 2924 2762 Nempe

546 2785 951 2852 commendat
1004 2785 1346 2852 lectoribus
1393 2792 1467 2851 ut
1507 2787 1648 2872 ipsa
1693 2785 1977 2853 Danielis
2024 2787 2217 2854 verba
2259 2786 2481 2878 legant
2528 2795 2595 2854 et
2641 2790 2922 2878 relegant

541 2898 609 2958 et
653 2891 998 2981 diligenter
1040 2893 1447 2959 meditentur.

633 3087 835 3154 Venio
893 3087 974 3154 ad
1019 3088 1236 3174 Antiq.
1289 3089 1394 3155 11.
1447 3089 1503 3155 1.
1559 3089 1635 3154 1:
1693 3090 1722 3154 ὃ
1775 3087 1928 3164 Θεὸς
1977 3099 2261 3170 προεῖπεν
2306 3093 2517 3168 αὐτοῖς
2562 3093 2644 3166 ὥς
2691 3132 2777 3144 -
2816 3101 2917 3164 τῆς

543 3196 822 3276 ἀρχαίας
870 3195 1329 3261 ἀπολαύσουσιν
1373 3198 1787 3275 εὐδαιμονίας.
1849 3199 2101 3263 Ταῦτ’
2156 3202 2366 3274 αὐτοῖς
2414 3198 2731 3282 παρέσχε.
2788 3199 2919 3268 Non

542 3301 675 3369 fero
721 3303 841 3368 hoc
885 3299 1212 3368 ἀσύνδετον
1259 3313 1324 3369 et
1369 3305 1680 3370 scribam:
1730 3295 1776 3368 ἃ
1818 3304 1907 3369 τό
1922 3307 1980 3369 τ’
2031 3305 2265 3379 αὐτοῖς.

631 3501 1022 3586 Antiq.·ll.
1074 3501 1134 3568 1.
1183 3497 1255 3566 3:
1318 3521 1434 3588 pro
1490 3501 2010 3583 τετρακόσιοι
2069 3504 2501 3591 reponendum
2550 3509 2653 3572 est
2707 3530 2916 3589 τρια-

537 3604 796 3671 κόσιοι
843 3628 921 3672 ex
965 3606 1107 3675 Est.
1154 3606 1216 3673 2.
1244 3605 1352 3672 64.

631 3790 848 3875 Antiq.
901 3788 1002 3854 11.
1060 3788 1121 3856 3.
1175 3788 1296 3856 10:
1343 3791 1456 3876 qui
1501 3789 1828 3878 Babylone
1876 3792 2200 3859 redierunt
2244 3814 2369 3860 non
2423 3809 2643 3876 κατ-φ
2664 3796 2917 3870 selo-On·

543 3918 690 3958 σαν
738 3897 822 3968 είς
869 3895 956 3960 τὰ
1002 3897 1426 3977 Ἰεροσόλυμα,
1476 3897 1587 3963 sed
1633 3897 2283 3978 μετῳκίσθησαν.

633 4091 778 4158 Non
839 4096 994 4160 satis
1053 4094 1349 4184 intelligo
1395 4096 1611 4182 Antiq.
1660 4095 1764 4162 11.
1814 4099 1876 4164 4.
1924 4096 1999 4163 2:
2046 4101 2487 4181 συνείχετο
2534 4101 2569 4177 ἦ
2620 4107 2735 4170 τοῦ
2779 4102 2915 4166 ναοῦ

543 4201 926 4273 κατασκευή.
974 4202 1072 4265 An
1120 4197 1560 4279 ἧπείγετοῗ
1606 4201 1679 4266 In
1726 4203 1945 4270 eadem
1992 4207 2423 4294 paragrapho:
2473 4205 2606 4272 ὅσον
2654 4205 2777 4275 εἶεν
2810 4213 2913 4280 τῆς

542 4306 822 4388 α’ρχαίας
871 4305 1258 4385 εὐδαιμονίας
1305 4307 1766 4386 ὑποβεβηκότες
1818 4309 1954 4376 καὶ
2015 4319 2127 4386 τῆς
2175 4311 2359 4390 ἀξίας
2405 4317 2514 4380 τοῦ
2562 4321 2711 4381 ναοῦ
2754 4329 2915 4394 λογι·

538 4411 799 4498 (dueum.
867 4410 1076 4501 Lege:
1122 4414 1206 4478 ἐκ
1253 4421 1364 4489 τῆς
1411 4413 1619 4492 ἀξίας.
