3150 5000
496 275 626 344 186
1101 250 1104 258 ’
1575 299 1810 350 comm.

581 463 758 530 Idem
805 465 882 532 fr.
935 465 1082 545 141,
1139 465 1180 532 ⁶7
1273 492 1278 507 ·

761 613 778 638 ι
849 571 1332 653 γλιχόμεθα
1378 572 1493 650 μὲν
1539 575 1651 650 τὴν
1695 572 1910 656 μᾶζαν
1952 573 2081 641 ἵνα.
2128 575 2317 650 λευκὴ
2365 585 2568 659 παρῇ,

851 678 1047 760 ζωμὸν
1096 679 1159 745 δὲ
1206 680 1408 762 ταύτῃ
1456 679 1708 758 μέλανα
1756 681 2227 762 μηχανώμεθα,

848 787 917 852 τὸ
966 787 1219 850 καλὸν
1266 785 1342 850 δὲ
1390 793 1620 869 χρῶμαι
1671 786 1995 867 δευσοποιῷ
2042 787 2377 871 χρῴζομεν.

485 889 756 976 Optime'
812 890 996 956 Kook
1061 891 1140 956 δε
1157 891 1482 974 χόμεθαι
1543 899 1611 958 et
1668 893 1745 958 ἂν
1808 896 2107 978 reposuit.
2174 893 2543 978 Praeterea,
2608 897 2881 960 sirecte

481 996 693 1064 locum
744 1000 1197 1084 interpretatus
1244 1005 1340 1064 est
1383 998 1721 1076 Meineke,
1768 999 1980 1064 nescio
2021 1017 2100 1063 an
2140 998 2376 1066 melius
2415 1000 2670 1088 legatur
2704 1023 2805 1068 vs.
2832 1001 2875 1067 9

481 1103 550 1168 τὸ
599 1103 853 1168 καλόν
901 1129 986 1169 τε
1030 1107 1262 1184 χρῶμαι
1309 1107 1435 1169 κτὲ.

568 1319 747 1387 Idem
806 1320 882 1386 fr.
946 1319 1097 1400 156,
1161 1319 1202 1386 3
1274 1324 1308 1396 ἦ
1374 1327 1609 1402 σκῶψις
1670 1322 1732 1386 δὲ
1795 1329 1990 1386 λυπεῖ
2030 1328 2243 1386 πλεῖον
2294 1321 2327 1397 ἢ
2379 1321 2585 1403 τέρπει
2634 1323 2873 1388 πολύ.

476 1430 522 1491 i.
571 1448 622 1492 e.
677 1429 836 1493 πολὺ
885 1435 1098 1493 πλεῖον
1143 1436 1338 1493 λυπεῖ
1379 1429 1531 1514 (non
1575 1427 1741 1496 solos
1789 1427 1929 1498 τοὺς
1980 1427 2441 1504 σκωπτομένους
2486 1427 2600 1494 sed
2646 1449 2877 1496 omnes

476 1535 588 1619 qui
651 1532 880 1598 adsunt
939 1539 1194 1620 propter
1253 1533 1425 1600 mala
1490 1555 1761 1620 quorum
1827 1555 2015 1599 causa
2072 1536 2195 1620 est)
2244 1534 2277 1604 ἢ
2324 1534 2530 1613 τέρπει
2576 1533 2745 1621 (τούς
2796 1559 2877 1600 τε

475 1641 874 1713 σκώπτοντας
924 1662 1010 1706 so.
1059 1641 1162 1704 καὶ
1211 1643 1351 1711 τοὺς
1400 1643 1839 1721 ἐπιχαίροντοις
1889 1649 2013 1710 τοῖς
2056 1623 2551 1727 σκωπτομένοις).
2602 1639 2877 1708 Senten-

475 1750 635 1813 tiam
707 1769 812 1813 me
879 1748 1089 1813 iudice
1157 1751 1464 1832 pervertit
1531 1745 1769 1812 Kockii
1841 1741 2198 1812 coniectura
2262 1745 2544 1832 πότος,
2609 1750 2677 1812 in
2742 1769 2877 1834 qua

391 1863 398 1874 “
473 1859 795 1938 praeterea
842 1853 1185 1919 articulum
1235 1874 1424 1940 aeg-re
1469 1853 1774 1920 desidero,
1823 1853 1923 1918 Ad
1972 1847 2184 1919 πλεῖον
2234 1892 2317 1902 -
2366 1853 2526 1919 πολύ
2572 1853 2652 1920 of.
2702 1876 2767 1921 v.
2808 1875 2870 1920 o.

347 1989 354 1996 ·
473 1959 551 2026 fr.
607 1959 737 2025 183
783 1958 1078 2037 μάλιστα
1131 1997 1208 2009 -
1259 1957 1441 2024 πολύ.

563 2174 746 2241 Idem
792 2175 867 2241 fr.
921 2173 1068 2253 162,
1125 2175 1166 2239 4

974 2281 1202 2348 τούτων
1248 2283 1299 2346 οἱ
1349 2287 1507 2362 τρεῖς
1558 2282 1800 2364 <μὲν>
1851 2282 2341 2359 δειπνοῦμεν

972 2388 1074 2453 δύο
1124 2389 1177 2452 δ’
1225 2390 1504 2461 αὐτοῖς
1557 2394 2076 2469 συγκοινωνοῦμεν

967 2493 1176 2576 μάζης
1227 2500 1474 2575 μικρᾶς.

467 2601 870 2687 Ingeniosius
917 2622 1112 2686 quam
1155 2605 1368 2667 verius
1415 2603 1621 2668 editor
1664 2610 1882 2685 τρεῖς
1931 2604 2335 2679 διαπεινᾶμεν
2388 2638 2471 2651 --
2522 2602 2863 2679 αὐτοῖς,

466 2708 592 2774 nisi
655 2711 826 2774 enim
891 2707 1059 2772 fallit
1105 2729 1210 2773 me
1255 2711 1455 2786 ratio,
1505 2709 1554 2773 ii
1601 2710 1749 2795 qui,
1799 2710 1911 2774 ubi
1960 2730 2037 2774 ex
2084 2710 2302 2775 ordine
2352 2709 2653 2773 instituto
2700 2729 2865 2774 snus

466 2816 600 2879 dies
661 2814 957 2890 advenit,
1015 2814 1228 2877 eibum
1294 2822 1508 2879 tamen
1572 2819 1870 2899 capiunt,
1917 2815 1987 2879 hi
2049 2816 2384 2881 πεινῶσι
2434 2814 2697 2900 quidem
2744 2814 2859 2879 sed

465 2923 738 2986 minime
785 2922 1213 2985 διαπεινῶσιν.
1264 2917 1497 2985 Contra
1544 2927 1786 2997 terme,
1836 2928 1909 2985 ut
1957 2920 2156 3008 vulgo
2202 2920 2381 2986 locus
2428 2918 2857 3007 intellegitur,

465 3048 754 3093 coenasse
811 3028 1224 3110 quantumvis
1287 3029 1464 3090 tenui
1515 3029 1723 3105 victu,
1780 3026 2111 3091 confirmat
2157 3026 2573 3115 leguminum
2622 3026 2861 3091 catalo—

461 3155 586 3221 gus
646 3135 756 3219 qui
821 3135 1110 3216 sequitur
1171 3152 1230 3197 v.
1297 3134 1336 3195 9
1399 3153 1533 3217 sqq.
1610 3135 1692 3195 τὰ
1746 3134 1897 3212 μέρη
1944 3134 1997 3197 δ’
2050 3136 2215 3208 ἡμῶν
2262 3136 2352 3214 χή
2402 3131 2693 3209 σύνταξις
2742 3138 2855 3197 τοῦ

461 3240 601 3318 βίου
667 3239 831 3303 ἐστὶν
881 3240 1156 3312 κύαμος,
1207 3236 1456 3318 θέρμος,
1507 3239 1639 3303 κτὲ.
1690 3238 1818 3303 Ubi
1867 3260 2017 3305 vero
2064 3259 2188 3304 non
2237 3242 2361 3304 nisi
2409 3239 2857 3327 leguminibus

460 3367 686 3422 coena,
759 3366 840 3410 ne
907 3344 1191 3429 quotidie
1256 3346 1514 3428 quidem
1579 3354 1831 3429 sumta,
1894 3346 2261 3423 constabat,
2327 3346 2417 3410 ibi
2468 3365 2593 3410 non
2640 3344 2859 3410 hercle

459 3452 782 3527 immerito,
835 3457 908 3514 ut
953 3449 1201 3514 Kookio
1249 3449 1505 3515 videtur
1524 3496 1540 3527 ‚
1579 3459 1935 3516 extremam
1976 3458 2326 3538 egestatem
2366 3450 2543 3515 domi
2582 3470 2851 3539 regnare

459 3578 620 3643 quae
664 3556 949 3641 loquitur
995 3575 1153 3621 enus
1199 3564 1541 3641 conquesta
1588 3563 1705 3622 est.

547 3770 722 3837 Idem
773 3768 851 3834 fr.
907 3767 1056 3846 1¹72,
1106 3768 1148 3833 4
1321 3768 1486 3834 πάνυ
1533 3769 1728 3834 πολὺν
1773 3771 1825 3835 δ’
1873 3771 1995 3850 ἐγὼ
2045 3771 2158 3856 (so.
2208 3771 2575 3857 κάνδαυλον)

819 3876 925 3938 ἐὰν
973 3875 1223 3953 παραθῶ
1275 3898 1400 3954 σοι,
1450 3875 1850 3953 προσκατέδει
1898 3878 2039 3950 τοὺς
2087 3876 2430 3950 δακτύλους

816 3984 1083 4061 σαυτῷ
1133 4005 1228 4059 γε
1275 3983 1534 4061 χαίρων.
1924 3978 1931 3989 ’

449 4091 637 4159 Kock
701 4087 1002 4153 σαυτόν
1072 4110 1156 4151 τε
1227 4092 1530 4172 coniecit,
1605 4089 1773 4173 quod
1833 4092 2110 4154 nimium
2178 4095 2310 4169 est,
2372 4111 2487 4155 neo
2532 4091 2831 4157 facetum.

449 4198 646 4263 Recte
704 4198 915 4275 αὐτῷ
981 4218 1070 4270 γε
1135 4192 1488 4270 DobraeuS,
1554 4197 1678 4259 nisi
1739 4197 1907 4280 qnod
1958 4204 2273 4280 praestare
2324 4196 2576 4261 videtur
2623 4198 2843 4277 αὐτῷ

451 4306 541 4370 σὺ
601 4304 858 4384 χαίρων.
909 4335 992 4349 -
1045 4296 1265 4365 Obiter
1318 4301 1396 4365 fr.
1452 4300 1603 4385 174,
1658 4300 1737 4364 11
1790 4321 2020 4387 repone
2070 4302 2342 4367 formam
2391 4305 2677 4369 Atticam
2730 4324 2839 4367 πε·

449 4408 797 4495 ριεζωμένος
847 4428 960 4492 pro
1008 4402 1501 4487 περιεζωσμένος.
