3150 5000
601 196 734 261 414
1384 213 1796 262 momen
1841 215 2190 262 AALA'HNA.

688 377 807 466 Ep.
856 375 987 444 335
2111 451 2118 464 ,

868 485 1201 568 Πορφύριον
1247 484 1628 568 Κάλχαντος
1669 483 1879 562 ”Arai
1925 485 2027 552 καὶ
2078 486 2270 564 δῆμος
2319 486 2543 570 ἐγείρει
2570 537 2587 566 ,

868 599 1121 664 πολλοῖς
1168 591 1547 670 εὐκαμάτοις
1597 591 1946 672 βριθόμενον
1990 593 2322 675 στεφάνοις
2341 642 2358 672 ,

868 701 1026 765 τοῖσι
1076 700 1213 776 μεθ’
1264 697 1558 780 ἡνιόχοισι
1609 697 1930 778 νεώτατον,
1978 695 2152 766 δ’σσον
2199 699 2445 781 ἄριστον
2471 749 2488 778 ,

866 806 1042 870 ἀλλὰ
1090 805 1267 872 τόσον
1311 807 1477 880 νίκης
1524 805 1747 886 κάρτος
1788 807 2216 884 ἐνεγκάμενον.

856 911 1141 991 '‘Eu-pem
1190 912 1335 988 μὲν
1382 909 1623 994 χρυσέῳ
1673 913 1735 977 ε’ν
1786 911 2154 998 ἀγάλματι,
2202 913 2347 992 μηδ’
2399 913 2479 979 ἐνὶ
2525 914 2758 996 χαλκῷ

867 1023 1156 1083 τοῦτον
1203 1026 1330 1090 τοῖς
1380 1016 1599 1088 ἄλλοις
1646 1016 1877 1084 εἴκελον
1929 1017 2292 1098 ἑστάμεναι.

597 1121 889 1190 Multum
958 1145 1178 1191 vereor
1246 1131 1322 1190 ut
1392 1123 1703 1190 mutanda
1769 1125 2001 1192 codicis
2067 1125 2340 1193 lectione
2403 1149 2510 1204 μιν
2574 1127 2642 1191 in
2691 1127 2819 1202 μὴν
2863 1127 2980 1196 viri

597 1230 767 1297 docti
811 1236 979 1297 recte
1017 1230 1136 1296 hoo
1177 1233 1578 1318 epigramma
1617 1232 2036 1298 emendarint.
2085 1229 2273 1316 Cadit
2317 1234 2490 1298 enim
2528 1234 2598 1299 in
2637 1231 2858 1298 oeulos
2894 1251 2976 1296 vs.

598 1337 640 1402 2
685 1339 818 1403 iam
864 1339 1184 1402 continere
1221 1357 1515 1422 oausam,
1564 1359 1678 1404 our
1724 1336 2076 1422 Imperator
2121 1343 2187 1404 et
2233 1337 2510 1426 populus
2549 1337 2976 1426 Porphyrium

599 1445 892 1531 aurigam
962 1449 1211 1509 statuae
1275 1443 1510 1509 honore
1582 1442 1856 1532 dig-num
1924 1445 2282 1510 censuerint
2299 1491 2316 1523 ,
2387 1445 2606 1529 itaque
2686 1444 2976 1510 inutilem

597 1550 750 1616 huic
808 1550 1064 1634 periodo
1128 1548 1464 1614 adhaerere
1482 1599 1500 1634 ,
1564 1555 1639 1614 ut
1701 1570 1869 1614 nuno
1930 1550 2142 1642 editur
2160 1596 2176 1626 ,
2229 1569 2486 1616 versum
2534 1556 2864 1635 quartum.
2923 1547 2976 1612 Is

600 1677 749 1722 vero
813 1677 1034 1723 versus
1096 1657 1337 1741 optime
1383 1655 1666 1722 ordietur
1711 1675 1946 1721 novam
1995 1659 2378 1722 sententiam
2395 1704 2411 1734 ,
2462 1656 2631 1742 quod
2681 1660 2744 1724 si
2791 1657 2979 1723 admi-

607 1765 794 1841 seris,
858 1761 1035 1828 locus
1096 1781 1219 1826 non
1277 1764 1398 1828 erit
1443 1761 1795 1847 particulae
1841 1763 1987 1843 μήν,
2037 1762 2147 1828 sed
2188 1765 2309 1828 erit
2354 1764 2744 1849 pronomini.
2809 1760 2980 1837 Quod

599 1871 657 1934 si
702 1872 797 1935 ita
844 1875 941 1935 est
960 1917 977 1948 ‚
1026 1871 1177 1934 vitii
1222 1867 1400 1933 sedes
1446 1873 1543 1932 est
1591 1873 1822 1933 τοῦτον.
1874 1867 2212 1957 Legerim:

962 1973 1171 2040 Ἀλλὰ
1218 1973 1391 2041 τόσον
1439 1975 1604 2047 νίκης
1653 1973 1872 2054 κάρτος
1921 1975 2332 2054 ἐνεγκάμενον

965 2079 1191 2161 ἔπρεπε
1236 2103 1371 2159 μιν
1417 2079 1657 2163 χρυσέῳ
1705 2081 1766 2144 ἐν
1813 2080 2183 2167 άγάλματι,
2234 2079 2378 2160 μηδ’
2424 2079 2509 2146 ἐν)
2555 2083 2792 2164 χαλκῶ

965 2187 1220 2270 τούτῳ
1264 2193 1391 2260 τοῖς
1440 2185 1655 2258 ἄλλοις
1705 2186 1936 2253 εἴκελον
1984 2189 2348 2266 ἑστάμεναι.

690 2378 808 2465 Ep.
859 2375 1011 2455 336,
1062 2376 1103 2440 4

1152 2467 1293 2544 ἡνία
1340 2467 1445 2534 καὶ
1496 2464 1741 2548 ζώνην
1782 2467 2031 2535 ἱππ-όταν
2077 2469 2421 2549 ἀνθέμενος.

598 2580 763 2652 Ζώνη
823 2576 931 2641 hie
992 2574 1165 2640 idem
1222 2572 1584 2662 significare
1649 2574 1907 2641 videtur
1965 2577 2133 2661 quod
2196 2576 2518 2643 veteribus
2567 2580 2665 2643 est
2729 2577 2968 2660 ζεύγλη.

598 2683 838 2751 Eodem
886 2702 1073 2747 sensu
1120 2686 1217 2746 est
1264 2681 1432 2766 apud
1482 2681 1836 2769 Agathiam
1882 2680 1977 2747 IV
2027 2680 2090 2767 3,
2139 2678 2226 2749 4'7

868 2787 978 2863 Μή
1027 2811 1118 2859 τις
1168 2786 1562 2866 ὑπαυχενιόιο
1609 2787 1801 2851 λιπὼν
1847 2786 2218 2867 ζωστῆρα
2266 2788 2573 2856 λεπάδνου
2622 2794 2760 2860 κτὲ.

597 2897 676 2962 de
729 2915 853 2980 quo
898 2892 1037 2959 loeo
1083 2913 1273 2979 supra
1319 2884 1592 2981 egimus.
1642 2892 1878 2959 Notavi
1925 2900 2255 2980 propterea
2302 2900 2470 2982 quod
2513 2898 2583 2962 in
2627 2896 2858 2966 lexicis
2902 2896 2964 2961 de

596 3004 716 3069 hoo
761 3022 883 3067 usu
928 2999 1170 3065 siletur.

688 3216 810 3301 Ep.
858 3212 1011 3293 386,
1061 3214 1103 3277 4

1008 3320 1113 3384 καὶ
1160 3324 1262 3384 νῦν
1309 3318 1582 3402 γραφεὶς
1632 3315 1886 3392 ἕστηκεν
1937 3320 2140 3402 ὑψοῦ
2189 3324 2328 3387 σὺν
2376 3322 2587 3405 δίφρῳ.

600 3430 889 3497 Fortasse
933 3424 1206 3491 Tuom
1251 3426 1428 3492 dedit
1477 3423 1702 3505 ὑψόθ’
1753 3425 1827 3489 ἐν
1874 3425 2087 3507 δίφρῳ.

783 3658 1153 3727 Scribebam
1196 3682 1285 3725 m.
1334 3660 1545 3748 Aprili
1591 3681 1648 3725 a.
1703 3658 1899 3726 1886.

1053 3766 1331 3833 Traiecti
1376 3788 1435 3833 a.
1478 3766 1602 3831 Rh.

1607 4070 1999 4083 -ξ-
