3150 5000
1291 310 1627 361 numurus.
2407 318 2413 331 ’
2518 292 2650 361 437

365 468 596 536 Eodem
643 474 832 539 modo
875 480 964 539 εἰσ
1007 496 1454 563 nonnunquam
1507 480 1851 563 usurpatur
1867 523 1883 553 ,
1932 476 2101 562 apud
2148 478 2425 542 comicos
2470 496 2649 563 prae-

277 580 520 657 sertim,
570 585 648 645 ut
689 583 756 646 in
803 580 1024 648 Plauti
1067 583 1506 651 Menaechmis
1551 583 1656 650 IV.
1708 582 1772 650 2.
1822 580 1945 649 94:
1992 626 2003 639 ·

360 704 477 771 ego
521 685 706 752 illam
752 707 876 753 non
923 690 1312 769 condonavi3
1359 690 1469 758 sed
1512 691 1603 757 eie
1645 688 1951 757 utendam
1999 688 2145 755 dedi

269 794 330 854 ct
371 791 438 855 in
477 791 708 859 Pseud.
752 795 806 859 Ι.
857 797 919 863 3.
971 795 1138 863 154:

354 897 501 964 nolo
561 900 660 965 bis
705 904 956 989 iterari3
1012 908 1110 970 sat
1157 903 1244 969 eie
1285 904 1516 993 long-ae
1561 902 1725 971 fiunt
1768 902 2040 969 fabulae.

356 1001 640 1071 Conferri
679 1010 874 1073 etiam
914 1014 1121 1095 potest
1145 1006 1629 1077 Ciceronianam
1665 1010 1831 1077 illud
1855 1032 1933 1076 ex
1959 1007 2255 1075 Oratione
2278 1028 2391 1096 pro
2414 1007 2643 1075 Roscio

269 1110 569 1178 Amerino
606 1111 788 1199 5¹71:
837 1136 961 1182 non
1006 1122 1092 1181 eie
1132 1118 1334 1184 nudos
1380 1120 1450 1182 in
1491 1117 1735 1184 flumen
1782 1118 2043 1184 deicere.

351 1325 480 1393 Pro
527 1326 736 1414 Lapsu
782 1332 848 1395 in
897 1328 1244 1397 Salutando
1290 1353 1425 1419 cap.
1461 1334 1515 1397 1.
1567 1332 1691 1398 οὐδ’
1738 1328 1871 1398 ὅσον
1916 1331 2079 1414 ἄκρῳ
2116 1332 2215 1413 τῷ
2251 1328 2643 1439 μειδιαματι.

265 1429 484 1500 Scribe
530 1432 690 1517 ἄκρῳ
736 1459 852 1517 τῳ.

353 1646 508 1735 Cap.
559 1648 621 1714 2.
669 1649 1008 1732 ἆρχθμενος
1058 1653 1171 1729 μὲν
1216 1647 1314 1718 οὖν
1361 1659 1469 1725 τῆς
1522 1658 1777 1733 γραφῆς
1820 1650 1985 1717 πάνυ
2026 1652 2230 1733 οὶπόρῳ
2254 1649 2640 1727 ἐντεύξεσθαι

263 1758 346 1839 τῷ
392 1756 835 1839 προβλήματι,
883 1759 1140 1837 προΐοντι
1188 1760 1248 1825 δὲ
1298 1762 1508 1824 πολλὰ
1558 1758 1877 1840 προύφάνη
1927 1760 2027 1826 τὰ
2082 1756 2401 1824 λεκτέα.
2476 1757 2643 1823 Nolo

261 1884 550 1951 premere
594 1867 1016 1951 suspicionem
1065 1886 1102 1931 a
1141 1865 1420 1932 Luciano
1459 1869 1767 1952 scriptum
1810 1867 2007 1932 fuisse
2042 1891 2080 1929 τ
2099 1866 2142 1930 ὰ
2182 1879 2267 1929 λε
2286 1890 2322 1929 κ
2340 1862 2464 1941 τοὶ,
2493 1885 2641 1929 cum

259 1974 636 2056 praesertim
683 1974 881 2036 sciam
928 1971 1128 2060 vulgo
1177 1973 1290 2039 has
1323 1973 1570 2039 -formas
1608 1993 1643 2038 a
1676 1972 1957 2039 librariis
1996 1972 2370 2039 oblitterari.
2421 1968 2605 2037 Certe
2625 2018 2642 2049 ,

261 2080 313 2141 si
359 2077 519 2163 quid
563 2077 779 2163 video,
828 2082 1176 2147 sententiae
1219 2080 1761 2146 accommodatius
1801 2085 1915 2145 est.

348 2290 508 2380 Cap.
557 2291 620 2360 3.
691 2295 752 2359 ἐν
812 2297 1140 2373 ἐπιστολῆς
1206 2296 1270 2362 δὲ
1328 2298 1500 2377 ἀρχῇ
1547 2294 1757 2362 Κλέων
1804 2296 1833 2361 ὅ
1881 2298 2196 2369 Ἀθηναῖος
2256 2291 2639 2372 δημαγωγὸς

261 2401 386 2467 ἀπὸ
456 2402 866 2481 Σφακτηρίας
929 2410 1228 2483 πρῶτον
1289 2405 1530 2485 χαίρειν
1590 2402 1936 2484 προῦθηκεν.
2010 2399 2204 2469 Cleon
2239 2402 2477 2486 primus
2521 2400 2641 2464 hoc

259 2507 446 2593 fecit,
494 2511 710 2595 itaque
756 2511 1200 2598 corrigendum
1249 2517 1344 2577 est
1389 2519 1713 2591 πρῶτος.
1786 2509 1999 2575 Habet
2044 2515 2367 2596 praeterea
2402 2510 2641 2573 incom-

257 2615 436 2681 modi
507 2614 749 2702 aliquid
818 2616 972 2683 haec
1038 2619 1378 2683 verborum
1441 2617 1838 2684 coniunctio:
1907 2617 2033 2680 ἀπὸ
2098 2615 2639 2696 Σφακτηρίας

261 2720 747 2802 προῦθηκεν,
812 2727 884 2788 ut
937 2725 1050 2790 vix
1096 2724 1383 2790 dubitem
1430 2729 1574 2810 post
1624 2723 2035 2802 Σφακτηρίας
2083 2723 2427 2804 γράφων
2472 2723 2641 2788 exci-

257 2829 458 2907 disse;
523 2827 670 2895 vide
731 2849 892 2916 quae
953 2851 1106 2896 mox
1151 2835 1536 2916 sequuntur:
1603 2829 1631 2893 ὃ
1678 2829 1903 2902 Νικίας
1954 2827 2080 2894 ἀπὸ
2130 2828 2427 2902 Σικελίας
2476 2827 2642 2892 ἐπι-

258 2934 644 3001 στέλλων.

349 3119 506 3206 Cap.
551 3120 609 3184 4.
661 3119 898 3186 Iniuria
943 3125 1156 3206 spreta
1200 3125 1298 3188 est
1341 3123 1587 3206 optima
1634 3116 1942 3187 Codicum
1986 3120 2039 3188 F.
2054 3119 2129 3185 M
2170 3121 2482 3205 scriptura
2526 3142 2564 3184 ιι
2582 3143 2639 3182 ε-

259 3226 533 3293 λεύειν
593 3225 1222 3308 ἀποδοκιμάζει.
1293 3228 1448 3294 Post
1511 3247 1713 3314 pauca
1759 3227 2217 3313 supplendum:
2268 3228 2345 3297 ὥς
2390 3225 2639 3303 ἀνάξιον

258 3333 374 3420 (ὃν)
421 3337 528 3398 τοῦ
575 3335 813 3400 Πυθίου.
886 3333 1128 3401 Iterum
1185 3332 1220 3400 ὅ
1233 3360 1264 3398 ν
1325 3335 1652 3402 intercidit
1711 3340 1857 3420 post
1903 3333 2524 3415 ἁρμοδιώτατον
2572 3335 2641 3398 in

258 3459 393 3526 cap.
447 3438 509 3504 5.

351 3622 510 3709 Cap.
557 3622 618 3689 5.
667 3623 772 3689 καὶ
821 3621 974 3696 ὅλως
1025 3626 1282 3703 ἡγοῦντο
1329 3626 1414 3704 τῷ
1465 3625 1579 3702 μὲν
1630 3623 1924 3700 ὑγιαίνειν
1971 3622 2041 3687 τὸ
2088 3616 2157 3688 εὖ
2195 3621 2489 3701 πράττειν
2532 3621 2639 3686 καὶ

259 3729 329 3795 τὸ
377 3731 618 3812 χαίρειν
667 3726 900 3797 εἶναι.
950 3729 1335 3796 Iamdudum
1373 3737 1724 3796 correctum
1764 3730 2093 3816 oportebat
2132 3729 2384 3794 ἐνεῖναι.
2434 3726 2641 3813 Supra

260 3857 486 3923 repone
531 3836 1058 3916 πεντέγραμμα
1103 3857 1217 3923 pro
1262 3835 1829 3915 πεντάγραμμα.

351 4017 505 4107 Gap.
555 4017 617 4086 6.
667 4019 880 4086 Insere
925 4020 994 4085 τὸ
1043 4018 1164 4106 (δὲ)
1209 4019 1479 4100 δεύτερον
1529 4019 1720 4083 καλὸν
1768 4015 2075 4096 γενέσθαι.

352 4215 504 4304 Cap.
553 4218 614 4286 7.
662 4219 854 4298 μυρία
901 4218 964 4283 δὲ
1011 4217 1114 4282 καὶ
1165 4215 1341 4282 ἄλλα
1390 4217 1458 4282 ἔκ
1503 4241 1575 4282 τε
1622 4222 1881 4292 ποιητῶν
1927 4214 2031 4280 καὶ
2074 4215 2491 4297 συγγραφέων
2529 4215 2633 4280 καὶ

261 4323 615 4404 Φιλοσόφων
661 4323 1171 4401 καταδεῖξαί
1235 4347 1323 4388 σοι
1393 4321 1575 4404 ἔχων.
1646 4322 1789 4388 Non
1835 4329 1932 4388 est
1977 4322 2171 4389 huius
2219 4322 2344 4389 loci
2392 4345 2638 4388 κατα-

263 4428 564 4510 δεῖξαις
609 4451 835 4500 verum
881 4431 1169 4497 videtur:
1223 4429 1715 4506 καταλέξαι.
