3150 5000
1247 263 1717 314 uiacannmvs.
2554 241 2687 310 267

295 431 478 496 serici
524 435 588 496 et
633 429 890 496 textiles
937 433 1158 497 auctae
1205 435 1356 496 sunt
1403 434 1570 496 artes
1618 436 1684 495 et
1731 428 2090 495 culinarum
2140 429 2475 498 sollicitior
2513 451 2686 510 cura,

294 540 362 602 et
407 536 748 602 ambitiosa
793 544 1159 603 ornatarum
1207 538 1545 604 domorum
1596 538 2042 622 exquisita
2086 542 2237 602 sunt
2280 538 2552 622 spatia.”

384 640 465 706 In
524 640 678 707 Vat.
749 647 845 708 est
912 643 1471 727 abundantis,
1540 642 1955 728 quamobrem
2021 643 2264 707 conicio
2330 661 2691 728 „usuque

296 747 810 814 abundantis
855 751 1040 816 serici
1088 754 1153 815 et
1197 749 1456 815 textiles
1489 753 1729 818 ,auctae
1778 756 1930 814 sunt
1972 749 2203 814 artes.”
2257 786 2341 798 --
2390 748 2516 814 Pro
2563 765 2693 814 ex-

295 857 622 939 quisita
679 857 1053 922 restituatur
1115 856 1556 943 explicita.
1613 854 1949 940 Explicare
1996 851 2356 920 aedificium
2408 859 2504 921 est
2552 874 2693 921 am-

295 959 607 1046 plificare,
678 961 946 1030 dilatare
963 982 980 1042 ;
1033 963 1108 1028 cf.
1163 959 1296 1028 Cic.
1345 963 1482 1028 Att.
1541 960 1647 1028 IV.
1706 959 1811 1026 16.
1860 963 1904 1026 i.
1930 961 2015 1028 f.:
2067 961 2317 1039 „forum
2364 962 2579 1029 laxare
2628 966 2695 1028 et

295 1087 502 1153 usque
549 1067 628 1134 ad
673 1071 912 1136 atrium
957 1069 1305 1136 Libertatis
1349 1067 1735 1156 explicare.”

393 1283 456 1349 4.
526 1283 588 1350 6.
661 1283 953 1365 „Quibus
1024 1288 1159 1350 tam
1228 1282 1572 1350 maculosis
1636 1302 1951 1350 accessere
2010 1283 2259 1371 flagitia
2321 1279 2695 1370 disciplinae

297 1391 632 1456 castrensis
649 1439 668 1475 ,
715 1409 863 1456 cum
908 1389 1098 1456 miles
1137 1388 1482 1455 cantilenas
1519 1387 1943 1457 meditaretur
1989 1387 2033 1474 p'
2050 1409 2133 1454 ro
2177 1391 2262 1453 iu
2282 1387 2321 1454 b
2337 1387 2359 1452 i
2375 1387 2402 1454 l
2418 1407 2455 1454 o
2504 1409 2569 1453 m
2590 1407 2626 1454 ο
2646 1387 2698 1453 1-

301 1494 636 1562 liores”

393 1602 658 1669 Frustra
732 1602 1120 1669 desudarunt
1187 1601 1460 1668 editores
1529 1603 1599 1666 in
1669 1600 1924 1667 ultimis
1996 1601 2209 1668 verbis
2280 1599 2692 1687 explicandis.

301 1705 546 1774 Tamen
608 1708 985 1776 emendandi
1029 1710 1194 1773 ratio
1243 1707 1724 1793 simplicissima
1770 1712 1890 1773 est.
1940 1705 2209 1795 Scripsit
2256 1709 2569 1774 nimirum
2617 1709 2695 1772 A.

305 1814 696 1892 „cantilenas
734 1863 750 1880 .
779 1865 796 1882 .
826 1866 840 1882 .
869 1863 887 1882 .
927 1814 1326 1901 proludio
1372 1812 1841 1881 molliore.”
1890 1812 2106 1879 Subst.
2155 1813 2524 1898 proludium
2564 1833 2695 1879 sae·

302 1923 451 2006 pius
497 1921 663 2007 apud
711 1942 860 1988 eum
906 1920 1150 2008 leg-itur
1194 1921 1274 1987 cf.
1321 1918 1613 1986 XXVII.
1668 1920 1729 1987 1.
1782 1919 1899 1986 1οε
1948 1917 2139 1986 XIV.
2185 1919 2292 1986 11.
2326 1919 2403 2006 33
2445 1917 2709 2009 XXIII.¹

309 2025 373 2093 6.
421 2026 528 2094 83.

399 2241 461 2308 4.
528 2242 589 2308 6.
664 2241 872 2322 „Cum
935 2244 1245 2329 scriptum
1303 2244 1391 2309 sit
1437 2243 1930 2328 antiquitatibus
1978 2239 2364 2329 Spartanum
2413 2240 2693 2306 militem

308 2349 655 2418 coercitum
704 2352 933 2417 aeriter
950 2400 967 2435 ,
1014 2349 1179 2436 quod
1227 2353 1589 2436 procinctus
1636 2356 1923 2436 tempore
1973 2369 2165 2415 ausus
2214 2347 2297 2414 sit
2336 2348 2543 2414 uideri
2581 2347 2698 2413 sub

309 2457 548 2523 tect0.''
587 2479 590 2482 ⁴

398 2561 630 2630 Malim
692 2563 816 2641 „in
863 2562 1420 2649 antiquitatibus.”
1469 2564 1906 2647 Antiquitates
1954 2566 2107 2628 sunt
2154 2563 2452 2647 antiquae
2504 2562 2701 2628 histo-

305 2666 439 2735 riae
499 2668 579 2734 cf.
627 2666 814 2735 XVI.
867 2666 926 2735 7.
978 2668 1054 2735 9:
1110 2668 1562 2755 „scrupulosus
1608 2669 1869 2754 quidam
1917 2668 2116 2734 lector
2166 2668 2701 2754 antiquitatum.”

402 2882 465 2949 5.
517 2884 578 2950 1.
639 2880 968 2964 „Iulianus
1013 2904 1049 2949 a
1095 2882 1480 2949 rudimentis
1526 2882 1837 2968 pueritiae
1881 2882 2109 2967 primis
2154 2880 2522 2949 inclinatior
2568 2854 2703 2947 erat

305 3009 462 3079 erga
503 2992 847 3057 numinum
893 2990 1141 3057 cultum
1184 2988 1627 3077 paulatimque
1666 2986 2032 3055 adulescens
2070 2987 2378 3056 desiderio
2425 3010 2458 3055 r
2472 2988 2547 3056 ei
2597 2988 2705 3055 fla-

353 3097 608 3164 rabat.’'

305 3120 354 3187 g
395 3203 541 3270 Non
583 3202 890 3292 intellego
933 3205 1094 3290 rei3
1143 3203 1386 3271 conicio
1437 3204 1623 3269 eius
1684 3222 1772 3268 sc.
1822 3200 2051 3268 cultus.

395 3415 461 3484 5.
512 3415 578 3517 ⁵:
641 3416 935 3496 „Marcus
990 3419 1350 3484 Antoninus
1410 3435 1559 3484 cum
1607 3414 2037 3482 Palaestinam
2092 3416 2391 3481 transiret
2436 3415 2699 3503 Aegyp-

303 3528 450 3589 tum
506 3518 757 3610 petens,
808 3522 1188 3590 Iudaeorum
1237 3524 1414 3590 fact
1435 3525 1761 3588 entium
1812 3528 1877 3589 et
1922 3520 2467 3587 tumultuantium
2516 3540 2700 3606 saepe

303 3628 514 3696 taedio
575 3630 857 3715 percitus
919 3628 1205 3696 dolenter
1263 3629 1503 3694 dicitur
1554 3626 1941 3693 exclamasse
1994 3624 2088 3705 „0
2135 3625 2621 3711 Marcomanni,
2668 3645 2705 3692 o

306 3734 539 3819 Quadi,
594 3755 631 3800 ο
677 3735 1039 3814 Semel-tae,
1089 3734 1345 3802 tandem
1394 3734 1553 3799 alios
1601 3734 1785 3799 uobis
1833 3734 2244 3819 inquietiores
2289 3733 2575 3800 inueni.''
2595 3732 2637 3760 '⁹

397 3840 608 3908 Nimis
669 3843 781 3907 diu
843 3844 1084 3907 intacta
1146 3842 1383 3907 mansit
1441 3840 1714 3906 absurda
1772 3838 1964 3905 lectio
2030 3838 2407 3904 faetentium
2426 3886 2444 3916 ,
2506 3859 2698 3924 quam

305 3950 475 4015 tueri
534 3948 997 4036 quodammodo
1062 3970 1129 4016 v·
1152 3970 1213 4014 v.
1266 3948 1431 4013 doct.
1485 3948 1801 4033 putabant
1847 3946 2031 4023 locis,
2088 3948 2199 4031 qui
2246 3944 2555 4033 leguntur
2599 3965 2696 4031 ap.

305 4054 501 4121 Mart.
549 4054 660 4140 qui
705 4054 823 4121 IV.
877 4056 939 4121 4.
990 4052 1029 4121 ‘7
1082 4056 1499 4140 „perstringit
1548 4052 1717 4119 male
1766 4052 2006 4118 olentia
2041 4052 2282 4118 ieiunia
2320 4052 2702 4120 sabbatario·

303 4162 498 4227 rum'’
562 4166 628 4227 et
688 4182 786 4248 ap.
833 4160 1194 4238 Rutilium,
1243 4162 1354 4245 qui
1408 4159 1486 4225 It.
1537 4158 1585 4224 I.
1640 4159 1770 4225 385
1822 4158 2084 4225 Iudaeos
2130 4161 2500 4226 obscoenam
2552 4179 2701 4246 gen-

302 4274 440 4335 tem
511 4268 688 4334 dicit.
739 4306 821 4319 —-
871 4267 1277 4335 Desideratur
1343 4286 1574 4351 nempe
1652 4266 1923 4332 uerbum
1942 4314 1959 4343 ,
2026 4266 2192 4353 quod
2262 4266 2523 4333 eandem
2572 4266 2703 4332 fere

303 4374 498 4441 habet
557 4377 694 4441 uim
743 4381 934 4462 atque
977 4372 1544 4441 tumultuantium.
1615 4370 1832 4439 Scribe
1878 4374 2078 4461 igitur
2160 4372 2665 4439 feruentium
2684 4392 2703 4452 3
