3150 5000
521 260 652 327 416
1547 282 1870 331 1101111888.

608 444 850 512 Parum
895 448 1098 535 igitur
1138 447 1489 515 verisimile
1533 448 1602 515 id
1644 448 1949 514 ducebam
1968 496 1983 527 ‚
2026 453 2091 515 et
2128 470 2242 513 cur
2282 448 2578 514 ducerem
2616 448 2745 513 iam
2782 466 2873 511 ex·

518 554 721 639 posui.
794 552 961 633 Quid
1007 560 1222 620 autem
1269 557 1515 640 repperi
1535 602 1552 633 ‚
1602 576 1751 620 cum
1798 552 2125 620 Seberiani
2169 554 2400 620 indicis
2444 575 2562 639 ope
2596 550 2877 640 singulos

517 658 686 726 locos
731 657 1271 747 pervestigarem?
1317 660 1443 727 Pro
1488 662 1709 727 formis
1756 663 1935 739 ἡμεῖς
1986 666 2049 727 81
2100 662 2271 739 ὑμεῖς
2322 666 2576 727 tantum
2616 682 2737 727 non
2758 678 2877 726 om·

515 765 704 832 nibus
760 765 915 832 locis
977 769 1210 853 quibus
1271 773 1607 833 occurrunt
1669 768 1970 833 substitui
2032 788 2214 853 posse
2278 765 2495 857 ἄμμες
2540 774 2605 833 81
2652 766 2875 849 ὔμμες,

517 876 876 940 constanter
919 874 1091 938 enim
1137 890 1468 940 Posmomx
1514 874 1890 960 productam
1938 894 2071 941 esse
2118 873 2435 961 syllabam
2460 876 2873 960 posteriorem.

515 980 716 1065 Atqui
761 982 816 1045 si
861 980 982 1045 hoc
1028 1000 1251 1047 verum
1301 986 1427 1065 est,
1468 984 1542 1046 ut
1584 1002 1719 1047 esse
1758 983 2167 1048 verissimum
2212 1001 2361 1047 mox
2396 980 2724 1067 apparebit
2746 999 2876 1045 cum

516 1086 688 1154 locos
731 1085 1136 1152 laudabimus
1152 1134 1169 1165 ,
1220 1108 1318 1153 res
1367 1088 1651 1155 iudicata
1696 1090 1933 1153 censeri
1960 1087 2202 1172 „debet5
2247 1108 2397 1153 nam
2444 1089 2503 1153 si
2548 1086 2751 1153 literis
2794 1091 2881 1151 at-

516 1195 664 1259 ticis
711 1193 1078 1278 perscribis,
1129 1214 1206 1259 ne
1253 1193 1415 1259 effici
1462 1194 1721 1280 quidem
1769 1198 1977 1279 potest
2024 1195 2187 1260 sitne
2235 1218 2406 1271 -μεις
2446 1215 2527 1259 an
2562 1218 2765 1272 -μμες
2796 1212 2879 1256 re-

517 1299 882 1384 citandum,
929 1306 1272 1385 utrumque
1319 1302 1490 1365 enim
1519 1300 1856 1365 ‘indicatur
1902 1299 2235 1365 elementis
2260 1309 2466 1367 ΜΕΣ.
2514 1300 2751 1366 Nostro
2772 1299 2881 1385 igi-

517 1410 625 1472 tur
669 1406 906 1470 iudicio
950 1407 1330 1491 pendemus,
1372 1407 1677 1493 nobisque
1716 1406 1867 1472 solis
1894 1406 2199 1472 alterutra
2223 1407 2427 1473 forma
2451 1412 2546 1472 est
2570 1406 2879 1496 eligenda:

518 1512 674 1599 quid
732 1512 1042 1599 elegerint
1101 1512 1551 1591 Alexandrini,
1614 1514 1682 1579 id
1737 1513 1903 1578 nihil
1948 1514 2027 1579 ad
2074 1534 2187 1579 nos
2207 1564 2226 1598 ,
2273 1512 2406 1579 illis
2453 1516 2629 1579 enim
2676 1513 2885 1601 lingua

517 1619 862 1687 Homerica
913 1619 1249 1687 videbatur
1293 1641 1450 1706 opus
1497 1642 1630 1685 esse
1669 1622 2026 1695 musivum,
2067 1623 2134 1684 in
2174 1640 2297 1705 quo
2331 1618 2549 1685 nullus
2573 1618 2885 1686 dedeceret

519 1725 689 1792 color
734 1738 798 1792 et
841 1728 1274 1793 recentissima
1320 1747 1603 1812 quaeque
1650 1746 1772 1791 non
1822 1728 2034 1791 minus
2081 1732 2297 1810 aptam
2337 1727 2645 1792 haberent
2686 1724 2885 1793 sedem

520 1852 712 1919 quam
759 1833 1018 1917 antiqua
1064 1838 1130 1899 et
1175 1832 1476 1899 obsoleta.
1523 1833 1722 1899 Nobis
1769 1854 1948 1898 secus
1998 1832 2252 1900 videtur
2271 1880 2287 1912 ‚
2330 1832 2433 1897 vel
2470 1834 2691 1918 potius
2734 1836 2887 1898 certo

520 1942 760 2007 seimus
819 1960 1019 2025 neque
1083 1943 1149 2005 in
1212 1939 1490 2026 pedestri
1553 1960 1840 2006 sermone
1903 1940 2186 2004 homines
2248 1942 2341 2003 ita
2401 1939 2595 2004 fuisse
2656 1939 2886 2005 locutos

519 2066 799 2132 unquam
861 2067 1064 2132 neque
1125 2068 1324 2132 usque
1381 2047 1534 2113 adeo
1584 2046 1881 2111 delirasse
1928 2052 2171 2111 veteres
2218 2050 2455 2131 poetas.
2526 2045 2705 2133 Ergo
2750 2046 2885 2111 haec

519 2160 616 2221 est
661 2174 797 2219 res:
846 2154 1030 2219 binae
1075 2154 1313 2219 formae
1359 2157 1755 2240 comparent,
1784 2150 1983 2218 altera
2003 2153 2255 2217 novicia
2279 2155 2343 2217 et
2368 2151 2639 2239 vulgata
2661 2201 2679 2231 ,
2706 2152 2883 2219 altera

519 2263 781 2346 antiqua
820 2264 884 2326 et
925 2257 1180 2325 dialecti
1217 2260 1653 2327 reconditioris
1692 2279 1852 2345 quae
1886 2264 2135 2323 mature
2160 2280 2237 2324 ex
2258 2258 2598 2324 hominum
2626 2280 2739 2325 ore
2762 2278 2879 2325 eva·

517 2368 693 2451 nuit3
735 2365 1029 2431 videmus
1067 2365 1245 2432 nullo
1268 2364 1406 2432 loco
1429 2365 1771 2431 Homerico
1793 2368 2211 2431 necessariam
2235 2386 2369 2431 esse
2394 2364 2673 2431 formam
2701 2384 2883 2432 recen·

519 2474 776 2551 tion-em,
831 2478 1047 2540 contra
1082 2474 1506 2557 antiquiorem
1551 2474 1634 2536 iis
1683 2470 2128 2538 tantummodo
2174 2471 2329 2538 locis
2370 2493 2703 2559 superesse
2743 2470 2890 2539 unde

521 2581 833 2647 semoveri
877 2600 1002 2647 non
1046 2581 1244 2665 possit
1290 2581 1411 2644 nisi
1461 2583 1741 2645 metrum
1787 2577 1984 2644 simul
2028 2577 2286 2662 perdas3
2342 2578 2614 2666 denique
2666 2583 2891 2648 scimus

519 2688 588 2754 in
635 2687 1091 2773 antiquissimis
1135 2685 1318 2752 libris
1364 2686 1813 2771 manuscriptis
1860 2683 2113 2749 nullum
2158 2685 2325 2750 inter
2347 2693 2691 2771 utramque
2714 2687 2893 2751 fuisse

521 2793 860 2859 discrimen
873 2811 892 2871 ,·
923 2830 1008 2841 --
1031 2813 1156 2858 non
1205 2791 1479 2858 difficilis
1526 2792 1733 2878 igitur
1772 2791 1946 2875 optio
1988 2795 2116 2868 est,
2161 2793 2385 2876 opinor
2404 2839 2419 2869 ,
2446 2798 2711 2877 apparet
2735 2795 2893 2858 enim

521 2900 600 2966 ab
657 2899 927 2966 Homeri
989 2899 1214 2986 lingua
1273 2897 1509 2964 alienas
1571 2919 1705 2964 esse
1750 2898 2004 2964 -formas
2070 2899 2245 2973 ἡμεῖς
2307 2903 2371 2962 81
2418 2899 2631 2975 ὑμεῖς,
2684 2897 2895 2987 genui·

519 3026 633 3072 nas
677 3026 812 3072 esse
857 3003 1023 3071 solas
1067 3005 1304 3071 formas
1351 3002 1565 3082 ἄμμες
1616 3001 1821 3083 ὔμμες
1845 3054 1861 3083 ,
1915 3003 2018 3070 vel
2064 2999 2216 3080 ἦμες
2264 2999 2416 3081 ὖμες
2440 3053 2457 3082 ,
2508 3006 2564 3069 81
2609 3005 2779 3071 forte
2814 3005 2896 3070 sic

520 3111 791 3178 scribere
856 3113 1064 3198 magis
1123 3108 1406 3196 placeat,
1460 3131 1611 3176 nam
1659 3109 1814 3176 talia
1858 3109 2021 3176 nihil
2066 3130 2276 3176 moror
2324 3110 2518 3177 donec
2566 3111 2897 3198 orthogra-

521 3217 670 3303 phia
735 3216 1053 3283 homerica
1115 3215 1489 3283 certioribus
1553 3214 1809 3304 legibus
1873 3217 2309 3304 adstringatur
2355 3237 2548 3304 quam
2594 3217 2897 3285 hactenus

520 3329 804 3409 repertae
823 3409 833 3416 .
849 3328 999 3388 sunt
1024 3317 1097 3408 ¹).

613 3432 698 3498 At
743 3450 866 3496 non
913 3427 1283 3496 affirmanda
1327 3429 1482 3496 haec
1528 3435 1677 3496 sunt
1724 3429 1831 3496 sed
1877 3429 2215 3515 probanda.
2264 3429 2361 3496 En
2399 3432 2604 3518 igitur
2642 3437 2898 3496 cunctos

520 3560 676 3626 quos
720 3538 1005 3605 noverim
1051 3535 1220 3602 locos
1266 3536 1378 3601 ubi
1425 3537 1666 3603 formae
1716 3535 2066 3601 trochaicae
2112 3542 2469 3602 occurrunt.

609 3645 687 3710 In
749 3643 967 3710 Iliadis
1025 3647 1207 3709 textu
1267 3641 1481 3721 ἄμμες
1543 3643 1743 3709 8811181
1790 3644 2064 3708 occurrit
2116 3649 2166 3706 Φ
2217 3641 2385 3722 432,
2434 3643 2541 3709 sed
2588 3663 2718 3709 non
2762 3644 2895 3707 iure

519 3752 612 3817 ibi
671 3748 883 3816 locum
945 3769 1134 3814 suum
1199 3755 1500 3835 occupat,
1550 3770 1702 3842 nam
1748 3747 1931 3826 ἄμμε
1977 3747 2325 3836 legendum
2371 3771 2503 3816 esse
2554 3769 2748 3880 supra
2793 3745 2897 3813 de-

521 3861 901 3922 monstrasse
949 3853 1114 3921 mihi
1161 3856 1398 3924 videor.

612 3963 689 4028 In
751 3961 1031 4049 Odyssea
1093 3983 1241 4030 vero
1302 3961 1514 4042 ἄμμες
1581 3967 1678 4028 ter
1722 3964 2032 4049 reperitur
2052 4009 2068 4042 ‚
2129 3983 2357 4050 nempe
2405 3988 2423 4028 e
2477 3960 2607 4028 303
2654 3961 2893 4050 (ἄμμες

589 4166 644 4227 1)
679 4167 782 4233 Ipsi
823 4166 936 4217 libri
981 4168 1122 4217 MSS.
1166 4167 1218 4217 111
1261 4167 1436 4233 spiritu
1475 4165 1673 4216 minime
1702 4166 1983 4225 concinunt,
1971 4188 1983 4199 ·
2020 4167 2286 4232 complures
2320 4181 2376 4216 ex
2410 4166 2735 4231 Tyrannionis
2766 4181 2895 4233 prse-

518 4255 656 4316 eepto
691 4249 854 4310 ὔμμες
887 4248 1110 4299 exhibent
1143 4265 1252 4300 cum
1282 4249 1456 4314 spiritu
1489 4265 1657 4314 aspero
1690 4263 1778 4313 pro
1815 4245 2004 4308 ὔμμες
2042 4249 2169 4312 quod
2206 4248 2509 4298 Herodianus
2540 4245 2787 4313 probabat.
2822 4248 2895 4298 Sic

519 4335 666 4384 etiam
683 4333 827 4384 inodo
861 4331 990 4394 ἄμός
1025 4329 1176 4394 vnde,
1211 4333 1350 4382 modo
1387 4329 1518 4391 ἁμάς
1555 4327 1679 4391 ὑμός
1712 4330 1981 4390 invenitur,
2016 4347 2126 4380 cum
2161 4347 2327 4381 revera
2353 4336 2515 4382 tamen
2544 4327 2716 4391 ἅμμος
2735 4327 2893 4392 ῧμμος

517 4415 817 4468 scribendum
849 4430 946 4466 esse
977 4414 1217 4472 videam-3
1256 4389 1315 4463 cf.
1353 4413 1532 4462 Christ.
1567 4413 1618 4462 in
1652 4413 1921 4477 Prolsgom.
1958 4427 2062 4478 pag.
2101 4413 2213 4466 127.
