3150 5000
1177 337 1440 388 osssms
1485 336 1615 386 mo.
2455 313 2586 381 317

215 508 460 572 demum
521 507 672 572 utili
733 513 1040 592 apparatu
1099 507 1319 570 critico
1388 504 1655 570 Dionem
1733 523 1953 569 ornare
2024 502 2373 586 poterimus
2392 545 2409 574 ,
2476 500 2587 583 qui

211 633 370 676 nunc
427 617 604 678 totus
651 615 978 678 omittitur
1023 614 1090 678 in
1137 610 1370 676 ultima
1415 614 1496 674 et·
1526 610 1774 695 optima
1821 608 2099 674 editione
2145 602 2553 672 Dindorfiana
2569 651 2586 680 ,

209 721 272 782 in
325 717 659 784 Sturziana
721 738 872 787 vero
931 725 996 783 et
1059 718 1428 802 praesertim
1493 717 1562 780 in
1625 715 1915 780 Parisina
1970 714 2245 778 editione
2294 708 2587 797 Grosii1)

207 825 430 910 ineptis
477 831 546 890 et
581 825 873 890 absurdis
908 823 1290 915 lectionibus
1330 843 1408 888 ex
1449 823 1774 888 codicibus
1810 819 2053 885 nullius
2094 820 2285 904 pretii
2328 818 2591 883 corrasis

207 929 564 996 foedissime
607 932 977 1016 inquinatus
1019 935 1133 995 est.

289 1035 456 1115 Quid
521 1043 740 1102 autem
805 1037 881 1101 de
943 1035 1164 1100 Dionis
1225 1035 1548 1100 codicibus
1607 1033 2022 1100 iudicandum
2085 1032 2173 1096 sit
2234 1030 2590 1095 recensione

208 1141 363 1206 facta
397 1143 756 1228 apparebit.
819 1141 1171 1207 Duodecim
1220 1145 1370 1206 sunt
1391 1191 1409 1216 ‚
1459 1142 1570 1224 qui
1614 1140 1737 1206 hoc
1786 1138 2003 1204 ordine
2044 1138 2285 1222 optime
2332 1153 2587 1200 enume-

205 1247 543 1312 rabuntur:

289 1352 346 1416 1.
393 1352 747 1418 Vaticanus
792 1374 856 1418 n.
910 1349 1082 1417 1288
1132 1351 1233 1437 (L.
1287 1349 1412 1429 ¹79,
1461 1348 1725 1429 2-80,
1774 1346 1865 1435 8).

289 1455 352 1522 2.
397 1457 739 1523 Mediceus
782 1461 840 1522 A
889 1456 1041 1542 (¹70,
1091 1455 1164 1542 8)
1210 1456 1311 1541 (L.
1362 1454 1488 1534 36,
1539 1456 1600 1520 1.
1649 1454 1726 1532 2;
1781 1453 1902 1533 36,
1952 1451 2259 1530 20-50,
2309 1448 2399 1536 6).

291 1561 352 1627 3.
397 1562 752 1628 Vaticanus
797 1561 862 1626 A
907 1563 998 1647 (n.
1051 1561 1212 1648 144)
1259 1562 1362 1646 (L.
1414 1559 1732 1647 36—54).

288 1669 348 1731 4.
394 1667 735 1733 Parisinus
779 1669 836 1734 A
884 1667 971 1752 (n.
1028 1665 1233 1753 1690)
1282 1667 1383 1753 (L.
1437 1665 1757 1753 36-54).

291 1773 350 1836 5.
399 1773 686 1840 Venetus
732 1777 790 1838 A
833 1773 920 1857 (u.
975 1773 1137 1859 395)
1184 1773 1286 1858 (L.
1335 1774 1458 1857 44,
1513 1771 1829 1857 35—60).

291 1877 350 1942 6.
397 1878 730 1945 Mediceus
775 1877 832 1943 B
881 1878 1029 1966 (70,
1082 1877 1190 1961 10)
1246 1878 1339 1963 (L.
1387 1878 1705 1973 42-60).

293 1983 356 2050 7.
400 1983 738 2050 Parisinus
783 1985 840 2049 B
889 1989 975 2070 (n.
1031 1983 1230 2070 1689)
1281 1985 1380 2070 (L.
1431 1983 1745 2070 36-60).

295 2087 354 2153 8.
399 2089 780 2155 Turinensis
825 2090 916 2174 (n.
967 2089 1081 2177 ¹76)
1134 2089 1232 2178 (L.
1285 2087 1603 2176 37—60).

299 2195 358 2260 9.
404 2196 692 2262 Venetus
736 2195 794 2261 B
843 2197 933 2282 (n.
982 2194 1144 2282 396)
1194 2196 1290 2280 (L.
1344 2194 1663 2282 36-60).

261 2299 360 2365 10.
405 2301 757 2367 Vaticanus
802 2301 858 2365 B
903 2302 991 2387 (n.
1043 2299 1207 2386 993)
1252 2301 1352 2384 (L.
1395 2299 1703 2385 36-60).

265 2405 360 2472 11.
405 2405 862 2472 Escorialensis
909 2407 1010 2492 (L.
1054 2405 1352 2492 36-60)
1395 2407 1474 2472 cf.
1510 2405 1765 2483 Miller,
1817 2407 2135 2487 Cataloqne
2172 2425 2236 2490 p.
2275 2401 2403 2469 261
2447 2424 2539 2488 sq.

259 2512 356 2579 12.
405 2513 792 2580 Vesontinus
838 2512 929 2598 (Z.
981 2536 1048 2579 ιι.
1095 2512 1221 2593 68,
1269 2512 1386 2598 80)
1432 2512 1534 2598 (L.
1584 2511 1743 2576 36-
1766 2511 1899 2599 60).

955 2691 1171 2761 Codex
1217 2694 1570 2761 Vaticanus
1619 2692 1816 2805 1288.

295 2876 570 2944 Honoris
618 2896 807 2943 causa
852 2879 1061 2962 primo
1105 2878 1243 2942 loco
1282 2880 1647 2944 nominetur
1683 2880 2161 2943 vetustissimus
2200 2876 2393 2943 codex
2436 2876 2586 2961 (nisi

225 2982 436 3048 codicis
501 2983 933 3071 fragmentum
997 2983 1202 3049 dicere
1262 2986 1529 3068 mavis),
1595 2983 1749 3050 olim
1814 2983 2033 3049 Fulvii
2100 2982 2349 3062 Ursini,
2419 3000 2587 3047 nunc

226 3082 557 3153 Vaticanus
587 3086 762 3153 1288
782 3136 800 3169 ,
843 3089 1397 3172 membranaceus,
1440 3090 1681 3155 formae
1721 3090 2097 3174 quadratae,
2137 3086 2435 3154 foliorum
2464 3083 2547 3150 12
2566 3133 2583 3164 ,

225 3191 338 3273 (cui
380 3196 648 3259 tertium
699 3194 1020 3287 decimum
1043 3239 1059 3272 ,
1102 3195 1182 3259 ab
1223 3214 1440 3261 aversa
1477 3199 1658 3279 parte
1697 3215 1893 3281 paene
1932 3215 2206 3261 vacuum
2230 3242 2247 3275 ,
2290 3214 2328 3258 a
2352 3213 2589 3259 correc-

225 3300 341 3363 tore
399 3297 692 3363 additum
755 3304 853 3363 est
873 3348 892 3383 ‚
953 3298 1032 3363 ad
1081 3298 1376 3365 lacunam
1423 3301 1490 3364 in
1537 3300 1751 3366 codice
1803 3303 1941 3385 ipso
1988 3299 2111 3385 ¹78,
2162 3298 2282 3376 34,
2338 3299 2371 3363 1
2423 3300 2590 3363 inter

227 3402 397 3468 verba
451 3400 815 3485 προσέμιξεν
869 3408 933 3469 et
981 3404 1008 3468 ὃ
1055 3406 1183 3487 γὰρ
1227 3404 1603 3491 explendam
1653 3407 1757 3492 (cf.
1809 3404 2127 3491 Sauppius
2172 3404 2219 3471 l.
2267 3405 2431 3471 infra
2476 3404 2587 3488 L),

227 3502 435 3575 litteris
478 3509 842 3575 uncialibus
887 3508 1210 3597 eleganter
1256 3514 1661 3597 perscriptus.
1728 3510 2034 3599 Singulae
2071 3513 2341 3599 paginae
2380 3516 2588 3574 ternos

227 3606 544 3681 laterculos
587 3616 947 3699 continent,
985 3636 1188 3681 unum
1232 3637 1546 3701 quemque
1587 3616 1673 3681 42
1713 3637 2035 3681 versuum.
2083 3614 2333 3703 Singuli
2369 3618 2585 3679 autem

229 3734 424 3785 versus
487 3727 638 3786 sunt
705 3718 1006 3799 17—20,
1073 3721 1448 3806 plerumque
1514 3719 1601 3785 18
1663 3720 2043 3786 litterarum.
2119 3720 2184 3785 A
2229 3720 2452 3785 dextra
2495 3721 2590 3785 ita

231 3821 403 3889 codex
448 3824 653 3891 cultro
699 3826 982 3891 abscisus
1031 3833 1165 3904 est,
1207 3834 1282 3891 ut
1320 3828 1388 3892 in
1427 3847 1805 3911 unoquoque
1843 3825 1994 3892 folio
2033 3832 2204 3891 recto
2241 3814 2588 3891 laterculus

233 3930 470 4015 tertius,
533 3934 602 3995 in
662 3950 843 3996 verso
903 3933 1150 4016 primus
1214 3953 1292 3997 ex
1353 3932 1622 3999 dimidia
1685 3937 1864 4018 parte
1933 3933 2214 4017 perierit.
2301 3930 2375 3995 In
2436 3930 2588 3997 folio

289 4108 339 4171 1)
387 4110 601 4161 Histoire
644 4112 872 4161 Bomaine
919 4114 979 4161 do
1016 4112 1144 4162 Dion
1189 4110 1381 4162 Οωεὲω
1411 4111 1631 4162 tradm'te
1662 4130 1721 4163 en
1742 4112 2003 4177 franconis,
2037 4128 2147 4162 avec
2177 4114 2261 4162 des
2290 4116 2425 4161 notes
2454 4112 2587 4161 criti-

235 4202 351 4250 que,
391 4192 690 4258 historiquee,
735 4198 823 4244 etc.
840 4232 854 4253 ,
900 4199 950 4243 et
986 4197 1033 4244 lo
1066 4199 1197 4244 texto
1229 4210 1288 4245 en
1322 4196 1518 4259 aqut-d,
1559 4194 1851 4245 collatioemd
1876 4212 1959 4245 sur
1993 4197 2061 4245 les
2092 4196 2354 4245 meilleum
2383 4194 2589 4245 §ditione

236 4272 276 4315 et
301 4286 376 4320 nr
405 4276 468 4323 les
497 4274 782 4325 manuscr-ite
814 4277 873 4325 de
903 4277 1075 4336 Rome,
1105 4278 1356 4335 onrence,
1396 4276 1585 4336 Venire,
1622 4277 1799 4335 Τιινίη,
1832 4276 2055 4335 Munick,
2080 4276 2392 4341 Heidelberq,
2412 4278 2581 4337 Paris,

243 4348 388 4413 Rure,
431 4356 706 4419 Bon-eon,
739 4372 839 4421 par
879 4358 936 4407 Ε.
987 4358 1130 4417 Oros,
1177 4358 1453 4422 Inspectesr
1490 4359 1550 4407 do
1582 4356 1876 4407 PAcade‘mie
1916 4359 1976 4407 de
2008 4359 2167 4409 Paris.
2206 4359 2249 4408 X
2282 4358 2373 4408 vol.
2411 4359 2579 4417 Par-is,

241 4431 399 4485 limfi-
429 4438 594 4488 Du‘dot.
645 4436 813 4487 Libros
843 4428 1036 4499 ‘ts-10,
1073 4440 1245 4489 Gnosio
1277 4444 1468 4489 mortuo
1483 4477 1499 4499 ‚
1533 4438 1685 4489 edidit
1724 4440 1777 4489 7.
1814 4438 2020 4491 Baianae.
