3150 5000
478 208 566 274 44
1544 222 1786 270 menno.

568 392 675 458 31.
743 391 1014 469 „Dicam
1063 389 1426 457 mehercule
1471 390 1661 476 (quae
1708 408 1828 476 ego
1875 389 2119 454 maiora
2164 407 2299 454 esse
2344 385 2754 473 intellegam)
2798 389 2869 451 et

473 504 839 565 contemnar
885 520 923 565 a
969 503 1034 564 te
1073 498 1336 564 fortasse
1355 546 1373 583 ,
1415 518 1566 564 cum
1606 501 1679 561 tu
1718 499 1845 561 ista
1882 494 2179 562 caelestia
2220 494 2323 581 [de
2346 491 2633 579 Scipione
2672 513 2867 578 quae-

471 608 682 690 sieris]
703 653 718 684 ‚
767 625 888 693 ego
937 609 1154 671 autem
1202 605 1357 671 haec
1374 651 1393 683 ‚
1442 623 1605 689 quae
1652 603 1953 670 videntur
2000 607 2147 666 ante
2186 599 2401 668 oculos
2439 621 2572 667 esse
2590 647 2607 678 ,
2648 601 2868 687 magis

474 719 697 800 putem
748 711 1167 799 quaerenda.”

563 819 749 886 Nihil
798 821 1110 886 attinebat
1160 821 1594 904 quaestionem
1632 816 1918 902 Scipioni
1956 819 2343 903 propositam
2384 835 2551 894 esse;
2594 834 2671 880 eo
2696 814 2865 900 quod

475 925 725 992 Tubero
772 929 1172 1012 quaesiverat
1217 946 1256 990 a
1295 923 1589 1010 Scipione
1608 973 1626 1009 ‚
1666 925 1823 1010 quid
1861 926 1920 989 ei
1958 924 2281 992 videretur
2322 922 2401 988 de
2435 922 2685 988 duobus
2708 920 2864 987 soli-

475 1034 630 1114 bus,
679 1053 804 1100 non
853 1038 990 1099 erat
1033 1030 1292 1098 Laelius
1337 1031 1855 1097 contemnendus.

568 1243 677 1310 32.
725 1243 980 1322 „Solem
1026 1243 1299 1311 alterum
1343 1266 1424 1312 ne
1457 1246 1855 1311 metueritis:
1884 1248 1997 1309 aut
2021 1246 2194 1310 enim
2219 1243 2439 1310 nullus
2462 1263 2595 1308 esse
2616 1245 2867 1328 potest,

472 1355 588 1416 aut
655 1353 742 1416 sit
805 1372 986 1436 eane,
1048 1357 1125 1416 ut
1182 1355 1362 1419 visus
1425 1357 1554 1430 est,
1620 1352 1811 1418 modo
1872 1372 1952 1416 ne
2012 1353 2099 1416 sit
2152 1349 2491 1428 m'olestus3
2544 1360 2655 1413 aut
2702 1351 2865 1416 scire

471 1458 744 1523 istarum
811 1478 1026 1523 rerum
1072 1457 1236 1522 nihil
1262 1507 1276 1534 ,
1329 1464 1443 1523 aut
1487 1458 1742 1524 etiamsi
1787 1460 2070 1524 maxime
2116 1457 2429 1539 sciamus,
2474 1477 2591 1522 neo
2636 1453 2865 1522 melio-

471 1583 572 1628 res
619 1564 699 1629 ob
735 1576 890 1630 'eam
938 1565 1273 1629 scientiam
1321 1585 1436 1630 nec
1483 1566 1794 1631 beatiores
1843 1585 1977 1630 esse
2022 1563 2426 1650 possumus.”

563 1672 688 1735 Aut
735 1676 882 1736 ante
926 1671 1080 1734 seire
1114 1669 1322 1737 alieno
1359 1671 1498 1738 loco
1537 1674 1851 1737 insertum
1892 1677 1988 1737 est
2006 1721 2025 1758 ,
2066 1693 2215 1738 cum
2264 1670 2503 1736 alicubi
2546 1673 2614 1735 in
2652 1671 2868 1757 proxi-

473 1777 600 1842 mis
663 1778 973 1842 omissum
993 1825 1010 1855 ,
1072 1779 1142 1842 in
1197 1780 1490 1865 margine
1534 1781 1815 1865 positum
1864 1783 2030 1844 esset
2077 1785 2141 1844 et
2186 1781 2347 1844 vitio
2392 1777 2491 1842 bis
2537 1778 2865 1863 positum3

470 1901 594 1946 non
657 1882 917 1947 videtur
976 1905 1055 1948 ex
1119 1906 1256 1947 nam
1317 1890 1685 1971 corruptum
1709 1932 1724 1963 ,
1789 1891 1863 1949 ut
1925 1884 2250 1970 Kayserus
2300 1884 2578 1961 iudicat;
2627 1883 2868 1949 melius

473 1993 638 2053 esset
656 2037 672 2066 ‚
739 1991 856 2054 etsi
919 2011 1045 2056 non
1091 1993 1547 2067 necessarium,
1591 1990 1869 2056 fulcrum
1918 1990 2174 2076 aliquod
2219 1990 2425 2058 veluti
2475 1991 2678 2068 „scire
2724 1991 2865 2076 qui-

471 2092 658 2159 dem.''
719 2094 1037 2162 Maiorem
1099 2095 1541 2163 difficultatem
1599 2098 1838 2164 habent
1906 2097 2260 2183 superiora:
2328 2097 2437 2163 vix
2508 2101 2679 2162 recte
2751 2117 2868 2182 per

475 2201 865 2269 disiunctiva
923 2211 1030 2267 aut
1081 2241 1164 2252 —
1215 2212 1321 2268 aut
1367 2202 1745 2290 copulantur
1790 2205 2155 2270 membrum
2203 2201 2661 2268 affirmativum
2714 2204 2867 2287 (esee

465 2310 682 2392 potest)
731 2314 797 2374 et
845 2310 1277 2376 concessivum
1331 2311 1439 2393 (eit
1485 2333 1630 2376 cane
1647 2358 1663 2387 ,
1712 2313 1878 2375 modo
1924 2334 1998 2374 ne
2042 2317 2122 2374 ait
2164 2307 2486 2396 molestus).
2558 2308 2864 2375 Desidero
2908 2311 2913 2318 ’

473 2415 552 2480 ad
615 2415 977 2481 leniendam
1037 2417 1448 2503 asperitatem
1515 2418 1960 2503 oppositionis:
2024 2421 2181 2494 „aut
2236 2417 2407 2481 enim
2468 2413 2689 2480 nullus
2736 2426 2861 2502 eet,

473 2529 582 2588 aut
625 2528 683 2587 ei
727 2544 861 2589 esse
907 2529 1116 2610 potest
1136 2571 1152 2601 ‚
1198 2526 1284 2588 sit
1323 2543 1472 2589 sane
1515 2530 1591 2589 ut
1637 2524 1813 2590 visus
1854 2529 1980 2603 est,
2022 2524 2213 2591 modo
2250 2544 2331 2589 ne
2368 2526 2455 2588 sit
2496 2522 2866 2589 molestus.”

470 2627 602 2696 Hic
664 2650 911 2716 quoque
969 2631 1299 2697 turbatum
1361 2635 1460 2695 est
1521 2638 1629 2695 aab
1690 2630 1890 2697 altero
1950 2652 2065 2697 suo
2127 2629 2267 2697 loco
2315 2633 2584 2715 omisso,
2633 2630 2865 2697 deinde

467 2734 641 2801 male
687 2742 834 2802 ante
879 2738 961 2801 eit
1006 2738 1212 2822 posito
1231 2783 1248 2813 ,
1297 2757 1422 2822 quo
1469 2737 1637 2803 facto
1684 2736 1929 2823 reliqua
1976 2745 2194 2804 secuta
2238 2744 2408 2803 sunt.

562 2944 670 3014 38.
740 2948 923 3026 „Non
963 2953 1367 3017 committam
1393 2999 1412 3036 ,
1463 2957 1537 3017 ut
1584 2954 1670 3017 sit
1714 2950 2041 3017 inlustrior
2082 2949 2201 3017 illa
2242 2952 2383 3035 ipsa
2420 2972 2558 3036 res,
2606 2950 2685 3016 de
2734 2970 2863 3035 qua

470 3055 830 3140 disputem,
879 3077 1070 3140 quam
1122 3060 1321 3123 oratio
1370 3056 1577 3123 mea.'’

557 3160 760 3228 Notat
817 3162 1054 3228 vitium
1104 3161 1631 3248 philosophorum
1686 3168 1749 3229 et
1793 3162 2027 3229 Iconss.
2049 3210 2069 3242 ,
2118 3166 2229 3249 qui
2272 3162 2503 3229 multis
2548 3165 2859 3231 cautioni-

467 3268 588 3333 bus
635 3273 700 3332 et
754 3269 1233 3354 exceptionibus
1279 3289 1416 3334 rem
1469 3289 1661 3354 quam
1706 3269 2025 3356 explicent
2068 3271 2437 3353 obscurent,
2485 3290 2524 3336 a
2561 3289 2686 3355 quo
2724 3271 2865 3355 ipse

464 3394 659 3460 prope
721 3374 936 3440 aberat
993 3376 1030 3459 ξ
1080 3373 1166 3439 38
1213 3376 1357 3440 init.
1405 3382 1470 3440 et
1517 3375 1782 3441 Crassus
1832 3376 1909 3442 de
1957 3376 2131 3441 Orat.
2178 3376 2233 3441 I.
2290 3374 2458 3442 187:
2508 3373 2716 3454 „nihil
2764 3380 2863 3441 est

470 3482 682 3565 enim,
749 3481 916 3566 quod
979 3480 1058 3547 ad
1121 3486 1322 3546 artem
1389 3482 1596 3570 redigi
1656 3485 1889 3567 possit,
1950 3485 2077 3548 nisi
2138 3482 2251 3547 ille
2310 3484 2490 3567 prius
2508 3530 2523 3555 ‚
2587 3484 2699 3566 qui
2744 3480 2863 3547 illa

467 3592 675 3671 tenet,
741 3608 1012 3673 quorum
1077 3593 1282 3654 artem
1344 3590 1681 3655 instituere
1746 3589 1923 3667 vult,
1972 3590 2208 3655 habeat
2254 3588 2435 3653 illam
2486 3590 2817 3655 scientiam
2840 3638 2859 3671 ,

467 3700 540 3759 ut
578 3716 655 3760 ex
697 3696 780 3759 iis
827 3694 1015 3759 rebus
1035 3742 1049 3771 ,
1103 3714 1372 3779 quarum
1424 3716 1524 3760 ars
1569 3694 1850 3761 nondum
1900 3698 1983 3760 sit
2002 3745 2020 3778 ,
2064 3701 2264 3760 artem
2309 3692 2551 3760 efficere
2590 3692 2859 3779 possit'’.

466 3799 570 3865 Ita
638 3798 712 3864 fit
778 3804 854 3864 ut
927 3797 1208 3866 definitio
1280 3802 1366 3865 sit
1434 3802 1569 3886 ipsa
1640 3824 1708 3867 re
1770 3802 2111 3867 obscurior.
2183 3800 2363 3867 Trita
2408 3802 2515 3866 via
2561 3799 2861 3865 incedens

470 3907 770 3971 dixisset:
826 3926 990 3983 „non
1042 3908 1443 3973 committam
1495 3913 1571 3972 ut
1618 3910 1700 3972 sit
1744 3909 2065 3973 obscurior
2100 3929 2240 3974 mea
2280 3910 2481 3973 oratio
2521 3908 2683 3993 (sive
2708 3904 2859 3971 defi-

467 4014 657 4098 nitio)
721 4032 914 4097 quam
977 4012 1140 4089 res”,
1207 4016 1588 4097 exquisitius
1651 4014 1851 4079 dixit:
1919 4035 2083 4092 „non
2154 4018 2558 4080 committam
2626 4018 2705 4077 ut
2771 4016 2859 4079 sit

465 4117 778 4185 illustrior
840 4140 938 4184 res
1000 4140 1194 4204 quam
1259 4116 1528 4205 oratio’',
1592 4122 1785 4206 probe
1812 4121 2104 4197 -curabo,
2170 4125 2245 4184 ut
2290 4142 2477 4186 nemo
2522 4121 2644 4185 hoc
2690 4119 2858 4184 mihi

461 4228 662 4311 possit
725 4226 1014 4292 obiicere.
1100 4225 1287 4292 Nihil
1345 4230 1551 4313 igitur
1609 4248 1765 4313 opus
1810 4231 2167 4294 mutatione
2216 4233 2332 4294 est.
2404 4227 2503 4293 Ad
2550 4224 2855 4292 definitio·

461 4353 611 4397 nem
671 4334 766 4397 rei
829 4331 1123 4418 publicae
1185 4333 1221 4417 ς
1287 4331 1370 4397 39
1436 4337 1693 4411 „coetus
1740 4333 2181 4399 multitudinis
2228 4335 2389 4400 iuris
2437 4354 2737 4400 consensu
2790 4336 2855 4398 et
