3150 5000
1058 318 1334 369 mvms
1382 318 1721 369 rossanus.
2453 302 2583 371 369

227 480 364 544 sisse
431 478 677 565 legatos
752 480 1180 573 Eupolemum
1252 491 1316 551 et
1378 482 1697 551 Jasonem.
1768 485 1985 553 Huius
2047 487 2297 554 Jasonis
2354 510 2585 555 nomen

225 584 471 653 adscivit
545 584 906 675 Cyrenaeus
923 638 942 669 ‚
1023 597 1128 677 qui
1199 591 1462 658 illorum
1531 598 1895 677 temporum
1966 594 2300 660 historiam
2371 603 2588 681 postea

221 680 692 772 consarcinavit,
757 717 1025 781 quorum
1075 698 1380 764 librorum
1430 708 1726 785 excerpta
1770 701 1951 765 nobis
1998 707 2339 786 supersunt
2381 704 2450 766 in
2498 703 2589 769 al-

219 804 338 865 tero
381 799 544 867 libro
589 800 1137 870 Maccahaeorum.
1188 806 1373 871 Alius
1420 806 1545 871 fuit
1593 826 1717 872 non
1764 810 1979 871 minus
2014 805 2398 888 Φιλοψευδής
2420 858 2435 883 .
2480 812 2587 875 cui

215 906 540 994 Eupolemi
599 920 828 977 nomen
884 911 1148 997 placuit.
1221 912 1436 979 Huius
1481 913 1823 1000 Eupolemi
1868 914 2227 998 fragmenta
2272 914 2583 999 quaedam

215 1024 538 1101 supersunt
581 1017 749 1103 apud
794 1018 1144 1085 Eusebium
1166 1070 1184 1105 ‚
1232 1023 1344 1107 qui
1390 1041 1508 1085 sua
1547 1020 1734 1085 debet
1775 1019 2132 1087 Alexandro
2169 1020 2584 1109 Polybistori.

211 1120 405 1188 Lubet
467 1124 661 1189 huius
708 1124 1050 1209 Eupolemi
1095 1147 1295 1192 unum
1347 1126 1560 1193 locum
1611 1126 1981 1212 emendare,
2028 1131 2141 1214 qui
2187 1128 2355 1213 apud
2402 1125 2583 1194 Mul-

209 1227 400 1294 lerum
451 1236 549 1295 est
595 1228 740 1297 Vol.
784 1229 880 1295 111
919 1252 982 1317 p.
1022 1230 1177 1297 212.
1227 1232 1476 1318 Nempe
1516 1231 1913 1318 Eupolemus
1948 1239 2167 1300 auctor
2204 1234 2363 1312 fuit,
2389 1235 2585 1301 Abra·

207 1334 465 1401 hamum
529 1336 888 1424 Aegyptios
948 1338 1366 1427 astrologiam
1434 1338 1722 1405 docuisse
1739 1359 1756 1417 ;
1820 1340 2086 1405 Eusebii
2144 1341 2337 1407 verba
2399 1344 2584 1406 sunt:

209 1442 300 1507 καὶ
363 1446 477 1519 τὴν
540 1444 912 1525 ἀστρολογίαν
973 1447 1076 1511 κα)
1145 1447 1228 1511 τὰ
1291 1446 1485 1511 λοιπὰ
1547 1450 1759 1511 τοῦτον
1822 1446 2035 1519 αὐτοῖς
2090 1446 2573 1525 εἶσηγῆσασθαι,
2684 1468 2689 1475 ·

78 1550 80 1607 ἶ
207 1550 478 1629 <potamon
543 1551 1121 1628 Βαβυλωνίους
1186 1558 1397 1619 ταῦτα
1459 1551 1567 1618 καὶ
1617 1553 1805 1620 αὐτὸν
1852 1552 2317 1638 εὑρηκέναι,
2364 1555 2472 1630 τὴν
2521 1552 2584 1619 δὲ

206 1654 421 1737 εὕρεσιν
489 1659 690 1724 αὐτῶν
752 1660 836 1732 εἰς
887 1658 1092 1742 Ἑνὼχ
1139 1658 1538 1737 ἀναπέμπειν
1587 1658 1691 1724 καὶ
1740 1664 1952 1725 τοῦτον
1998 1660 2309 1740 εὑρηκέναι
2357 1665 2585 1743 πρῶτον

204 1766 303 1839 τὴν
362 1764 776 1849 ἀςρολογίαν,
851 1767 957 1831 οὐκ
1020 1766 1428 1853 Αἰγυπτίους.
1513 1765 1740 1851 Itaque
1800 1764 2144 1854 Babylonii
2204 1764 2585 1855 astrologiae

201 1874 554 1939 inventores
616 1870 874 1937 fuerunt
891 1921 906 1949 ‚
973 1872 1082 1939 sed
1142 1872 1515 1939 Patriarcha
1575 1872 1805 1938 itidem
1851 1875 2145 1939 inventor
2192 1875 2316 1939 fuit
2361 1880 2427 1939 et
2471 1874 2583 1939 diu

205 1982 338 2044 ante
383 1998 536 2044 eum
586 1976 851 2043 Henoch
897 1978 1104 2043 fuerat
1151 1979 1261 2065 qui
1310 1981 1540 2058 πρῶτος
1582 1974 1749 2058 εὗρεν
1768 2029 1786 2062 ,
1831 1984 1905 2043 ut
1944 1976 2172 2046 Graeci
2210 1977 2581 2066 loquuntur.

78 2152 80 2159 ,
205 2080 317 2149 Sed
362 2082 736 2170 perplexam
781 2084 1066 2151 fabulam
1113 2105 1238 2152 non
1286 2085 1579 2171 expedies
1598 2132 1616 2162 ‚
1665 2085 1794 2151 nisi
1834 2088 2256 2172 rescripseris:
2302 2085 2584 2167 Φάμενον

78 2190 80 2249 !
205 2191 750 2269 Βαβυλωνίοις
817 2196 1030 2256 ταῦτα
1095 2193 1198 2257 καὶ
1260 2192 1448 2256 αὑτὸν
1510 2192 1947 2273 εἰρηκέναι.
2027 2192 2253 2277 Itaque
2316 2191 2583 2259 Henoeh

78 2294 80 2331 ³
206 2297 364 2364 solus
427 2301 725 2365 inventor
784 2298 910 2363 fuit
962 2305 1027 2365 et
1075 2304 1356 2385 posteros
1401 2318 1548 2365 suos
1595 2296 2008 2386 astrologiam
2056 2298 2273 2364 docuit
2289 2319 2306 2377 ;
2356 2298 2582 2366 deinde

205 2404 518 2471 Abraham
569 2411 932 2490 praeceptor
974 2405 1099 2470 fuit
1146 2404 1649 2492 Babyloniorum
1694 2406 1979 2490 primum
2027 2410 2092 2469 et
2131 2423 2284 2470 mox
2323 2402 2583 2493 Aegyp-

207 2514 452 2579 tiorum.
505 2511 694 2578 Nunc
740 2518 907 2578 certe
954 2511 1384 2601 intelligimus
1431 2513 1595 2599 quod
1644 2511 1942 2599 legimus.
2021 2510 2145 2593 Qui
2193 2513 2348 2578 haec
2389 2515 2585 2600 scrip-

206 2619 313 2695 sit,
379 2618 543 2685 olim
606 2617 929 2684 nonnullis
993 2622 1168 2688 visus
1227 2619 1354 2685 fuit
1414 2619 1588 2685 idem
1636 2617 1750 2683 ille
1795 2616 2187 2703 Eupolemus
2206 2666 2223 2697 ,
2271 2619 2384 2704 qui
2428 2639 2583 2686 cum

203 2721 504 2792 Romanis
561 2725 780 2792 foedus
836 2726 988 2791 fecit
1005 2746 1021 2803 ;
1073 2725 1180 2792 sed
1227 2747 1351 2792 non
1399 2731 1534 2793 erat
1577 2725 1777 2792 Judas
1823 2725 2237 2791 Maccabaeus
2284 2727 2398 2812 qui
2442 2727 2581 2792 ani-

201 2829 358 2898 libus
421 2831 664 2897 iabulis
727 2830 1026 2897 delectari
1084 2840 1295 2919 posset
1338 2834 1647 2918 misitque
1666 2879 1682 2908 ,
1731 2832 1953 2916 opinor
1970 2879 1987 2909 ,
2034 2830 2311 2896 Romam
2360 2827 2580 2898 eorda-

78 2937 80 2940 ’
205 2939 334 3004 tum
375 2941 631 3016 virum,
672 2959 800 3005 non
837 2943 1217 3027 nugatorem
1255 2945 1319 3005 et
1357 2938 1524 3004 nihil
1554 2938 1685 3004 nisi
1707 2936 2035 3047 mendacia
2057 2937 2575 3004 deblaterantem.

279 3152 486 3220 Venio
550 3152 630 3218 ad
688 3151 910 3238 Antiq.
983 3152 1088 3220 13.
1143 3155 1202 3220 1.
1254 3152 1317 3218 3.
1390 3151 1512 3218 Die
1575 3150 1832 3218 Saturni
1893 3149 2239 3217 Bacchides
2298 3149 2583 3219 adoritur

200 3255 538 3325 Jonatham
588 3259 662 3330 ὥς
711 3259 776 3324 οὗ
823 3260 1309 3341 μαχόμενον
1359 3258 1550 3340 ἐκείνη
1600 3258 1703 3324 διὰ
1750 3259 1854 3324 τὸν
1900 3257 2099 3336 νόμον.
2149 3256 2277 3324 Hie
2312 3279 2393 3324 ne
2416 3257 2579 3326 Bek-

198 3361 380 3432 kerus
445 3365 706 3450 quidem
772 3355 1301 3445 μαχούμενον
1363 3365 1813 3453 corrigendum
1873 3386 2007 3431 esse
2070 3363 2254 3431 vidit.
2326 3364 2449 3432 Sed
2510 3366 2582 3431 in

78 3491 80 3500 ·
199 3468 511 3558 Lipsiensi
569 3472 846 3538 editione
908 3475 1126 3538 omnia
1185 3470 1588 3560 negligenter
1646 3471 2091 3536 administrata
2146 3474 2325 3549 sunt;
2374 3469 2581 3537 veluti

78 3597 80 3606 ·
201 3578 410 3664 Antiq.
465 3577 569 3644 13.
621 3579 682 3643 5.
732 3578 773 3644 3
822 3579 900 3645 de
949 3581 1208 3644 tributis
1256 3599 1464 3645 sermo
1511 3575 1617 3656 fit,
1674 3598 1834 3664 quae
1880 3577 2108 3660 ὤφειλε
2154 3577 2223 3642 τὸ
2267 3583 2385 3643 τῶν
2434 3578 2581 3644 ’1ου-

78 3691 80 3706 “
201 3680 372 3748 δαίων
425 3683 583 3756 ἔθνος
631 3685 778 3749 ἀπὸ
827 3692 943 3750 τῶν
989 3687 1235 3765 πρώτων
1281 3684 1627 3762 βασιλέων,
1668 3684 1783 3749 ubi
1824 3682 1943 3748 ἐπὶ
1987 3704 2214 3750 verum
2253 3690 2368 3751 est.
2417 3682 2582 3752 Con-

78 3805 80 3810 ·
201 3793 289 3853 tra
351 3788 575 3876 Antiq.
646 3789 746 3856 13.
802 3789 862 3856 6.
916 3790 991 3876 ’7,
1054 3792 1168 3856 ubi
1228 3791 1511 3879 legimus
1563 3789 1994 3856 introductam
2042 3789 2237 3857 fuisse
2284 3811 2496 3857 aeram
2542 3812 2583 3859 a

202 3889 454 3962 Simone
501 3894 797 3982 pontifice
842 3898 1160 3974 maxime,
1214 3894 1318 3967 ὅς’
1359 3901 1420 3962 ἐν
1462 3904 1587 3969 τοῖς
1629 3899 1772 3975 πρὸς
1813 3898 2122 3971 ἀλλήλους
2164 3897 2577 3975 συμβολαίοις

78 4013 80 4016 ’
201 4002 297 4065 καὶ
347 4010 477 4075 τοῖς
524 4002 827 4078 δημοσίοις
876 4002 1286 4083 γράμμασιν,
1338 4004 1457 4069 ἐπὶ
1506 4009 1612 4069 τοῦ
1661 4004 1896 4084 πρώτου
1943 4001 2111 4076 ἔτους
2152 4003 2421 4085 γράφειν
2467 4007 2579 4072 Σί-

204 4127 384 4181 μωνος
449 4113 560 4174 τοῦ
623 4109 940 4189 εὐεργέτου
1002 4110 1340 4194 Ἰουδαίων,
1403 4114 1599 4177 etiam
1648 4113 1783 4177 sine
1828 4111 2192 4178 Aristarcho
2239 4113 2577 4179 rescribere

207 4215 548 4296 poterimus
595 4216 746 4282 ἀπὸ
793 4222 900 4283 τοῦ
951 4219 1184 4298 πρώτου
1235 4215 1426 4291 ἔτους.

295 4429 506 4524 antiq.
559 4427 660 4496 13.
717 4427 777 4498 ¹7.
831 4431 868 4496 1
932 4429 1214 4518 legimus
1252 4429 1660 4518 Tryphonem
1699 4451 1811 4518 per
1846 4431 2139 4499 fraudem
2184 4435 2579 4500 interemisse
