3150 5000
1063 312 1338 363 umus
1382 312 1716 363 memus.
2244 348 2253 361 .
2444 290 2579 357 359

225 478 519 551 καυθῆναι.
589 478 752 544 Eoos
812 478 1126 565 exempla.
1195 482 1416 565 Antiq.
1477 480 1540 546 4.
1590 476 1651 543 8.
1705 478 1829 557 23,
1893 480 1948 543 si
1993 497 2120 563 qua
2162 475 2400 542 mulier
2443 482 2586 562 post

224 588 617 670 prostitutam
661 586 1040 672 pudicitiam
1085 587 1396 653 sacerdoti
1437 588 1763 675 nupserit,
1810 584 2067 651 καιέσθω
2115 583 2306 666 ζῶσα.
2364 585 2582 669 Antiq.

223 690 278 753 5.
331 690 388 757 8.
442 690 482 759 ¹7
531 692 896 779 sampsonis
941 714 1207 759 uxorem
1259 714 1408 758 oum
1458 695 1749 781 cog-natis
1796 691 2145 757 Palaestini
2191 687 2423 769 ζῶντας
2468 713 2583 756 κα-

219 797 532 879 τέπρησαν.
607 798 874 865 Miseros
919 801 1226 886 quosdam
1273 800 1563 865 homines
1581 847 1597 876 ‚
1648 802 1759 885 qui
1803 818 2060 865 auream
2102 796 2383 883 aquilam
2420 796 2585 863 ferre

215 923 330 968 non
372 910 744 990 potuerant,
790 925 985 991 quam
1029 905 1316 971 Herodes
1362 904 1586 971 fixerat
1622 908 1691 970 in
1730 904 1905 971 aedis
1943 903 2203 991 fastigio
2220 950 2237 980 ,
2264 925 2376 968 rex
2398 902 2581 969 κατέ·

219 1031 401 1075 καυσε
447 1010 714 1091 ζῶντας,
779 1012 860 1078 of.
905 1014 1118 1099 Antiq.
1175 1012 1281 1081 1‘7.
1331 1014 1392 1076 6.
1445 1014 1488 1075 4
1533 1018 1601 1078 et
1646 1010 1808 1078 Bell.
1852 1009 2003 1078 Jud.
2056 1014 2115 1077 1.
2165 1008 2274 1075 33.
2322 1010 2385 1075 4.
2456 1009 2585 1075 De-

215 1119 394 1201 nique
453 1116 737 1185 Judaeus
794 1119 1054 1204 quidam
1103 1126 1334 1208 rog-atu
1380 1117 1593 1185 Flavii
1637 1116 1935 1203 Josephi‚
1984 1117 2199 1183 oderat
2246 1118 2418 1182 enim
2466 1114 2584 1181 ho-

213 1226 487 1309 minem,
533 1225 780 1291 Romae
825 1223 936 1305 ζῶν
982 1226 1370 1303 κατεκαύθη,
1422 1226 1703 1306 πρότερον
1749 1224 2076 1301 αἰκισθείς,
2127 1221 2288 1289 Bell.
2326 1221 2476 1290 Jud.
2520 1220 2585 1289 ’7.

216 1330 310 1394 11.
359 1334 420 1397 3.
487 1331 820 1418 Nusquam
866 1335 1124 1399 invenio
1168 1333 1460 1399 homines
1505 1334 1741 1413 ζῶντας
1788 1331 2272 1413 ἀνεςαυρῶσθαι,
2331 1329 2588 1395 etiamsi

211 1438 368 1523 apud
409 1437 452 1504 J
455 1438 767 1526 osephum
813 1440 1018 1505 erucis
1062 1443 1219 1506 satis
1264 1440 1557 1525 frequens
1608 1438 1718 1506 flat
1764 1442 2029 1506 mentio.
2074 1436 2267 1505 Latet
2304 1433 2579 1522 aliquid,

210 1544 366 1628 quod
407 1546 700 1611 nondum
743 1547 900 1613 satis
944 1546 1260 1635 explicare
1307 1548 1513 1633 potui.

290 1758 508 1825 Mittit
549 1757 778 1838 Joena,
826 1761 1045 1847 Antiq.
1095 1759 1155 1825 5.
1201 1760 1259 1826 1.
1309 1764 1383 1839 1,
1425 1760 1860 1834 κατασκόπους
1906 1760 1993 1833 εἷς
2034 1760 2448 1839 Ἱεριχοῦντα,
2476 1750 2589 1835 τήν

211 1888 276 1929 τε
321 1864 586 1941 δύναμιν
633 1868 835 1932 αὐτῶν
882 1867 987 1932 καὶ
1036 1867 1174 1933 τίνα
1226 1867 1492 1932 διάνοιαν
1533 1867 1781 1949 ἔχουσιν
1820 1866 1996 1933 αὐτοὶ
2050 1866 2585 1945 γνωσόμενος,

213 1972 388 2045 αὐτὸς
437 1972 506 2037 δὲ
551 1972 899 2051 ἐξέταξε
945 1974 1048 2037 τὸν
1093 1975 1352 2053 ςρατόν,
1399 1976 1476 2045 ὦς
1525 1976 1696 2039 κατὰΙ
1744 1973 1945 2053 καιρὸν
1994 1972 2434 2049 διαβησόμενος
2483 1972 2586 2037 τὸν

219 2075 530 2157 Ἰορδάνην.
599 2078 793 2146 Hune
837 2079 1053 2146 locum
1104 2082 1160 2147 si
1206 2084 1348 2166 quis
1394 2080 1587 2166 paulo
1635 2080 2013 2168 diligentius
2061 2072 2584 2156 considemirerit,

218 2182 392 2251 facile
455 2185 697 2251 incidet
757 2188 826 2251 in
890 2185 1226 2264 lectiones,
1291 2208 1451 2273 quae
1507 2187 1679 2253 haud
1728 2207 1950 2273 parum
2000 2192 2357 2271 praestant,
2403 2210 2450 2264 γ
2471 2211 2587 2252 νω·

225 2290 614 2369 σομένους
661 2298 727 2358 et
772 2290 1154 2375 ἐξήταζε·
1198 2294 1426 2359 deinde
1465 2297 1812 2380 comperiet
1838 2300 2083 2359 veteres
2106 2293 2221 2359 has
2244 2313 2376 2358 esse
2398 2295 2591 2378 serip-

213 2400 374 2463 turas
395 2445 414 2476 ‚
475 2419 634 2483 quas
695 2397 1202 2486 Haveroampius
1261 2400 1657 2478 inconsulto,
1720 2407 1795 2465 ut
1856 2399 2047 2477 solet,
2097 2400 2346 2465 abiecit.
2419 2398 2587 2481 Quid

215 2508 417 2571 tamen
463 2505 691 2572 Editor
730 2503 1116 2594 Lipsiensis?
1163 2506 1412 2593 Nempe
1459 2509 1743 2574 servavit
1777 2506 2155 2584 γνωσόμενος
2198 2513 2263 2572 et
2310 2504 2585 2582 ἐξέταξε.

213 2607 430 2677 Itidem
484 2613 700 2699 Antiq.
744 2613 806 2678 5.
851 2613 910 2678 1.
955 2613 1034 2680 ¹7:
1083 2613 1186 2679 καὶ
1235 2616 1346 2690 τὴν
1393 2613 1731 2695 Ῥαχάβην
1777 2613 1887 2678 σὺν
1934 2621 2062 2684 τοῖς
2108 2613 2339 2685 οἰκείοις
2385 2612 2471 2684 εἰς
2512 2612 2585 2677 τὸ

214 2717 608 2798 καταγώγιον
671 2726 1008 2800 συμφυγ
1029 2725 1273 2785 οὖσαν
1335 2718 1570 2786 ἔσωσαν
1621 2722 1673 2786 οἱ
1721 2718 2145 2796 κατάσκοποι,
2194 2717 2586 2804 quantillum

213 2829 299 2888 est
337 2845 642 2913 reponere
686 2832 1285 2909 συμφυγοῦσιν.

294 3038 662 3128 Legebatur
707 3040 865 3107 olim
914 3044 1132 3129 Antiq.
1183 3041 1242 3108 5.
1297 3043 1354 3108 l.
1410 3040 1532 3107 16:
1592 3038 1754 3117 ήκειν
1801 3039 1974 3106 κατὰ
2019 3040 2243 3108 τίς-ιν
2287 3047 2399 3114 τῆς
2446 3039 2589 3120 αρε·

213 3151 313 3219 ’ΐῆς
373 3150 571 3214 αὐτοῦ
631 3151 867 3224 πολλὴν
931 3151 1283 3224 ἀνύσαντας
1348 3150 1475 3216 δδόν
1531 3148 1835 3232 ἔφασκον,
1886 3149 1995 3215 sed
2042 3153 2212 3215 reete
2260 3148 2590 3214 Bekkerus

215 3255 570 3322 emendavit
632 3257 891 3326 πτύσιν.
985 3254 1093 3325 Sic
1152 3256 1365 3324 editur
1425 3256 1505 3322 ab
1569 3257 1866 3322 omnibus
1938 3257 2157 3341 Antiq.
2226 3254 2332 3323 17.
2390 3255 2451 3320 5.
2513 3253 2587 3319 3:

215 3358 452 3426 πάντων
513 3363 774 3438 ήκόντων
834 3365 917 3436 εἷς
966 3364 1148 3434 πύςιν
1171 3415 1188 3442 ,
1241 3363 1346 3429 18.
1397 3363 1460 3431 4.
1511 3361 1591 3431 5:
1651 3363 2020 3440 Βουλόμενος
2069 3362 2354 3441 γενέσθαι
2403 3362 2589 3430 πός-ιν

215 3469 506 3547 Καίσαρι,
562 3467 668 3535 18.
717 3469 778 3535 5.
831 3469 906 3534 1:
955 3471 1194 3544 πός-ειυς
1243 3472 1404 3554 αὐτῇ
1452 3475 1570 3535 τῶν
1616 3471 1912 3546 συνθηκῶν
1959 3471 2329 3547 γενομένης,
2378 3466 2480 3542 18.
2524 3465 2588 3533 6.

215 3569 282 3637 8:
327 3575 511 3644 πύςει
560 3583 673 3650 τῆς
717 3577 954 3641 ἐκείνων
1001 3577 1381 3659 ἀφηγήσεως
1429 3581 1492 3642 et
1545 3573 1648 3641 18.
1699 3573 1757 3640 6.
1815 3574 1937 3641 10:
2001 3574 2183 3643 πός-ει
2232 3581 2342 3648 τῆς
2393 3571 2588 3649 Τιβε-

213 3682 324 3760 ρίου
367 3689 684 3756 τελευτῆς.
747 3682 972 3749 Restat
1016 3686 1232 3769 Antiq.
1288 3683 1350 3749 5.
1400 3682 1464 3750 2.
1515 3685 1592 3747 3:
1654 3682 1961 3748 δείκνυται
2010 3681 2115 3746 καὶ
2169 3685 2267 3746 νῦν
2316 3680 2405 3746 ἔτι
2454 3680 2590 3744 τοῦ-

218 3809 322 3851 των
382 3789 498 3857 ὅςᾶ
559 3791 748 3868 μηδὲν
808 3799 933 3864 τοῖς
995 3791 1110 3856 ὑπὸ
1159 3791 1383 3859 τίς-ιν
1430 3790 1779 3870 ἐρχομένοις
1822 3788 2062 3853 ἐοικότα
2110 3792 2175 3854 et
2220 3788 2418 3854 miror
2462 3806 2591 3852 non

217 3895 442 3962 vidisse
487 3895 852 3963 Bekkerum
900 3898 1007 3964 hie
1053 3917 1301 3984 quoque
1346 3920 1396 3962 π
1414 3899 1504 3964 ύς·
1522 3920 1589 3961 ιν
1635 3895 2065 3982 reponendum
2112 3915 2269 3961 esse.

301 4109 519 4197 Antiq.
570 4111 632 4178 5.
684 4113 744 4179 1.
796 4115 916 4180 18:
965 4113 1280 4198 πολιορκία
1325 4113 1444 4187 τὰς
1493 4111 1705 4184 πόλεις
1757 4113 1936 4191 αἱρῶν
1981 4109 2086 4177 καὶ
2151 4110 2403 4176 πάλιν
2450 4106 2487 4176 ὅ
2529 4133 2592 4176 τι

225 4215 399 4294 λάβοι
447 4220 734 4301 φονεύων.
781 4219 1040 4308 Repono
1089 4246 1139 4287 π·
1158 4225 1204 4287 οἳ
1221 4247 1250 4287 ν
1303 4227 1368 4288 et
1413 4221 1698 4287 eiusdem
1744 4219 2128 4308 paragraphi
2168 4221 2356 4287 initio
2394 4219 2591 4287 stulte

227 4321 453 4392 editur:
500 4322 554 4391 οἳ
599 4327 740 4400 τοὺς
776 4329 1194 4408 Γαβαωνίτας
1240 4329 1881 4407 πολεμήσαντες
1920 4325 2298 4410 έςράτευσαν
2335 4347 2450 4413 pro
2470 4349 2592 4393 πο·

229 4432 734 4511 λεμήσοντες.
