3150 5000
1361 312 1759 368 monemus.
2664 303 2745 372 31

453 480 634 564 Quod
695 485 930 549 attinet
979 483 1058 549 ad
1107 481 1597 570 explicationem
1633 483 1757 549 ’τοῦ
1808 484 2211 569 «aymam,
2258 506 2418 572 quae
2464 490 2756 573 sequitur

349 589 530 673 apud
591 587 678 653 Η.
700 636 718 666 ,
785 587 940 654 fides
1008 590 1310 656 historico
1378 591 1601 656 haberi
1666 593 1891 676 nequit
1958 590 2261 658 scribenti
2325 594 2473 672 ἀνὴρ
2542 593 2749 674 ἀνδρὸς

351 694 787 767 ἁψάμενος
850 702 989 768 τῆς
1051 696 1328 774 χειρός
1383 697 1452 758 ἐκ
1513 695 1833 767 θαλάσσης
1898 704 2007 770 τῆς
2058 697 2304 776 βορηίης
2352 698 2455 763 ἐπὶ
2504 702 2616 772 τὴν
2664 724 2748 766 νο·

349 803 492 874 vinu
535 802 836 877 διήκουσι,
885 805 1240 885 quasivero
1279 801 1446 866 nulli
1485 811 1769 880 montes,
1810 806 2153 880 torrentes,
2198 803 2433 888 fossae,
2474 805 2751 885 arbores.

349 903 642 974 aedificia
705 907 1090 972 obstiterint.
1177 905 1342 976 Cum
1399 927 1599 995 grano
1647 906 1829 985 salis,
1880 908 2048 994 quod
2096 911 2311 994 aiunt,
2360 910 2529 976 huuc
2577 933 2751 979 ever-

357 1012 548 1078 rendi
593 1033 836 1080 morem
887 1013 1324 1099 accipiendum
1373 1014 1572 1078 fuisse
1621 1015 1731 1080 vix
1777 1019 1873 1080 est
1920 1009 2089 1100 quod
2133 1035 2447 1082 moneam.

461 1223 568 1289 vl.
631 1224 717 1290 32
778 1225 1021 1312 duplici
1079 1227 1241 1295 vitio
1277 1224 1570 1292 laborant
1606 1227 1802 1292 verba
1841 1227 2104 1292 ἐνθαῦτα
2148 1227 2424 1308 Περσέων
2465 1231 2515 1296 οί
2557 1255 2748 1311 στρα-

343 1333 538 1410 τηγοὶ
602 1332 707 1397 οὐκ
772 1333 1117 1410 ἐψεύσαντο
1151 1335 1297 1426 ’τὰς
1363 1333 1637 1404 ἀπειλὰς
1700 1333 1817 1404 τὰς
1885 1335 2311 1409 ἐπηπείλησαν
2361 1345 2517 1401 τοῖσι
2574 1340 2748 1403 Ἴωσι

346 1438 1246 1516 στρατοπεδευομένοις
1305 1439 1646 1504 ἐναντία
1690 1439 1896 1518 σφίσι.
1958 1437 2423 1526 corrigendum
2471 1443 2747 1522 ἐστρα-

343 1544 970 1618 τοπεδευμένοις
1034 1545 1288 1609 ’ἀντία
1354 1546 1558 1624 σφίσι.
1654 1545 1821 1610 Nam
1892 1567 2067 1608 semu
2134 1547 2319 1610 locali
2387 1555 2444 1614 et
2498 1555 2750 1632 proprio

343 1657 568 1716 noster
626 1653 982 1716 constanter
1046 1651 1322 1741 abstinet
1365 1670 1403 1716 a
1450 1652 1655 1716 forma
1702 1652 2054 1735 composita
2098 1652 2387 1724 ἐναντίος.
2460 1652 2749 1720 Calidius

355 1755 580 1822 coam.
657 1755 808 1822 Crit.
875 1778 1020 1844 pag.
1085 1756 1170 1820 46
1234 1757 1353 1822 hoc
1415 1759 1839 1841 compositum
1891 1777 2145 1841 prorsus
2190 1758 2513 1825 Herodoto
2562 1761 2747 1825 abiu-

345 1863 604 1946 dicavi,
667 1883 818 1930 nam
883 1884 1070 1930 sensu
1135 1862 1442 1948 translato
1499 1869 1716 1936 ⁴noster
1778 1883 1853 1928 oo
1923 1883 2176 1947 prorsus
2244 1867 2337 1930 sic
2404 1865 2613 1930 utitur
2672 1872 2748 1930 ut

345 1968 606 2052 Attici,
655 1971 866 2034 dicens
913 1971 1184 2047 γνώμην·
1211 1969 1524 2042 ἐναντίην,
1571 1988 1698 2033 non
1746 1968 1993 2052 ἀντίην,
2040 1968 2425 2056 similiaque.

450 2179 590 2245 vn.
643 2178 728 2244 33
777 2179 1140 2260 Χερσόνησος
1193 2217 1276 2228 —-
1327 2180 1702 2257 Σηλυμβρίη
1766 2216 1837 2226 -
1880 2178 2295 2256 Προκόννησος.
2350 2179 2559 2246 Nihili
2596 2190 2748 2250 sunt

346 2289 572 2353 variae
627 2285 930 2352 lectiones
995 2286 1311 2365 Σκλυβρίη
1377 2269 1443 2352 et
1501 2284 1869 2365 Προκόνησος
1938 2284 2045 2350 vel
2104 2286 2545 2364 Προικόννησος.
2650 2287 2747 2356 De

345 2391 727 2479 Selymbria
775 2391 920 2458 vide
965 2375 1255 2476 Lupiam
1301 2392 1376 2454 de
1419 2391 1568 2454 dial.
1620 2397 1747 2455 Att.
1802 2399 1939 2472 test.
1982 2411 2044 2478 p.
2098 2391 2185 2454 34
2225 2412 2317 2477 sq.
2370 2390 2550 2472 Quod
2590 2394 2744 2460 atti-

345 2506 468 2565 net
527 2497 604 2563 ad
668 2498 1104 2575 Προκόννησος,
1166 2505 1412 2565 constat
1467 2500 1685 2563 omnia
1746 2500 2002 2563 nomina
2070 2500 2324 2583 propria
2396 2504 2745 2585 composita

347 2626 504 2671 cum
567 2612 732 2678 νῆσος
798 2625 1047 2690 semper
1107 2601 1417 2688 liquidam
1481 2604 1871 2689 duplicasse,
1929 2623 2056 2669 uno
2120 2611 2381 2689 excepto
2443 2624 2517 2672 eo
2574 2606 2743 2691 quod

347 2716 454 2775 est
503 2712 864 2790 Χερσόνησος
888 2759 908 2794 ,
949 2711 1114 2796 quod
1163 2711 1382 2776 eadem
1432 2708 1783 2775 constantia
1829 2730 1954 2774 una
1993 2708 2237 2794 liquida
2276 2714 2519 2776 exarari
2560 2711 2740 2777 solet.

347 2814 453 2885 Of.
515 2816 664 2901 Lap.
727 2823 860 2883 teet.
921 2837 984 2902 p.
1051 2814 1159 2881 33.
1227 2813 1334 2883 39.
1417 2814 1626 2881 Multo
1690 2815 2019 2881 absurdior
2074 2836 2244 2881 error
2290 2824 2387 2883 est
2432 2820 2743 2903 scriptura

347 2922 814 3005 Προικόννησος,
855 2943 1014 3007 quae
1054 2929 1198 2988 ante
1243 2920 1466 2989 Cobeti
1507 2920 1985 2987 Hellenicorum
2031 2921 2371 2987 editionem
2396 2924 2741 2991 secundam

345 3027 794 3115 Xenophontis
838 3029 1032 3095 libros
1087 3018 1396 3094 foedabat.
1427 3026 1612 3091 —Iu
1660 3030 1895 3092 vicinia
1942 3025 2114 3092 solus
2157 3027 2350 3093 codex
2391 3028 2743 3095 Vaticanus

347 3138 640 3199 servavit
695 3154 912 3201 veram
974 3134 1308 3200 lectionem
1375 3134 1780 3215 Καλχηδόνιοι
1845 3153 1958 3217 pro
2008 3133 2443 3213 Χαλκηδόνιοι,
2494 3136 2570 3200 de
2618 3156 2743 3221 quo

351 3243 524 3307 vitio
567 3244 981 3326 quantumvis
1027 3244 1291 3326 antiquo
1336 3239 1627 3326 pluribus
1664 3242 1771 3327 egi
1806 3242 1871 3304 in
1912 3239 2132 3305 eodem
2175 3238 2394 3307 libello
2434 3262 2581 3329 pag.
2633 3240 2741 3307 18.

447 3450 554 3517 VI.
627 3451 714 3519 34
772 3460 927 3520 extr.
993 3453 1181 3527 ίόντες
1225 3454 1309 3535 ,δὲ
1370 3455 1423 3519 οἱ
1473 3453 1778 3531 Δόλογκοι
1825 3454 1935 3527 τὴν
1982 3454 2106 3534 ἱρὴν
2161 3453 2287 3520 ὁδὸν
2340 3453 2439 3519 διὰ
2489 3454 2767 3521 Φωκέων

347 3584 428 3624 τε
505 3560 610 3624 καὶ
675 3567 937 3626 Βοιωτῶν
1004 3560 1179 3637 ἤισαν
1208 3583 1223 3600 ·
1283 3562 1394 3625 καί
1452 3565 1657 3633 σΦεας
1726 3562 1801 3631 ὥς
1870 3558 2057 3631 οὐδεὶς
2123 3560 2384 3636 ἐκάλεε,
2458 3559 2742 3639 ἐκτρά-

353 3688 661 3731 πονται
709 3668 806 3731 ἐπ’
857 3668 1170 3739 Ἀθηνέων.
1240 3665 1310 3733 Si
1357 3666 1762 3745 ἐκτρέπονται
1812 3686 2036 3733 sanum
2077 3674 2279 3751 esset,
2324 3666 2478 3729 viam
2516 3688 2743 3731 sam-cm

349 3771 758 3857 reliquissent
819 3772 1242 3839 Doloncorum
1305 3772 1526 3861 legati.
1613 3776 1701 3838 At
1772 3779 2031 3856 apparet
2100 3792 2205 3838 eos
2275 3792 2349 3837 ea
2404 3773 2544 3857 ipsa
2599 3773 2740 3857 via,

349 3896 520 3963 qnae
587 3878 854 3943 Athenis
923 3880 1192 3944 ducebat
1263 3878 1524 3943 Eleusin
1595 3888 1660 3944 et
1729 3879 1875 3943 inde
1946 3876 2264 3963 Delphos,
2326 3879 2450 3941 iter
2519 3878 2742 3943 fecisse

351 3984 662 4061 Athenas3
732 4006 876 4050 uam
943 3984 1307 4050 Miltiadem
1375 3986 1453 4049 ad
1516 3984 1697 4049 illam
1752 3988 1919 4048 viam
1971 3986 2039 4048 iu
2088 3982 2500 4048 Laciadarum
2552 3983 2739 4049 demo

349 4088 674 4155 habitasse
745 4093 1044 4156 novimus
1114 4111 1149 4154 e
1217 4090 1548 4155 Plutarchi
1612 4091 1747 4155 vita
1811 4086 2133 4169 CimoniS,
2198 4108 2332 4172 cap.
2394 4088 2457 4153 4.
2531 4088 2740 4167 Quare

353 4195 578 4281 procul
639 4198 833 4263 dubio
896 4200 1141 4263 abiecta
1201 4198 1694 4282 praepositione,
1758 4216 1948 4280 quam
2018 4194 2451 4283 dittographia
2518 4204 2778 4281 natam¹

353 4321 496 4369 esse
540 4306 823 4387 suspicor
869 4324 904 4368 e
948 4324 1314 4391 praegresso
1365 4306 1551 4369 verbo
1604 4303 1892 4385 ΕΚαὶλεε,
1934 4300 2379 4387 corrigendum
2422 4308 2518 4365 est
2555 4302 2737 4387 τριέ-

357 4431 654 4479 ποντκι
707 4408 808 4473 ἐπ’
857 4411 1167 4489 Ἀθηνέων.
