3150 5000
1330 237 1699 290 smsromn.
1821 266 1828 282 .
2578 213 2734 302 30¹⁷,

319 401 634 468 Horatius
674 401 883 469 voluit
922 423 1054 470 esse
1090 404 1537 492 negligentior.
1587 403 1922 472 Facillime
1959 405 2168 472 multi¹
2193 423 2412 470 versus
2447 408 2712 488 possunt

318 511 564 576 mutari
609 514 679 575 in
725 509 1007 576 mollius.
1056 510 1303 578 Vitavit
1349 532 1473 597 quo
1518 512 1711 579 Musa
1757 514 1967 601 magis
2010 513 2337 579 videretur
2382 510 2709 596 pedestris.

319 615 490 682 Sunt
549 615 745 682 multi
811 637 1029 683 versus
1089 617 1433 706 Virgiliani
1494 619 1720 686 coloris
1735 669 1754 704 ,
1819 621 1998 705 quasi
2067 619 2395 713 ostendere
2437 615 2714 683 voluerit

319 744 391 789 se
432 743 615 809 posse
631 772 650 807 ‚
697 725 753 788 si
798 722 1011 790 vellet.

416 827 525 894 23.
575 829 749 894 nosti.
798 830 963 894 novit
1008 828 1200 918 longe
1244 829 1499 896 melius.

417 933 705 1001 2¹21ssoe
749 957 1027 1000 numerus
1069 937 1289 1014 simne,
1328 939 1545 1023 fraqee
1582 959 1914 1003 consumere
1950 937 2102 1002 nati.
2148 935 2250 1002 Ita
2287 937 2552 1023 corrigit
2588 933 2708 1000 Pk.

324 1049 383 1106 et
451 1040 659 1107 deleto
728 1047 793 1106 et
852 1043 921 1106 in
984 1063 1047 1109 v.
1115 1041 1195 1107 31
1266 1049 1410 1129 post
1455 1067 1658 1108 euram
1704 1047 1885 1129 ponit
1929 1046 2188 1131 signum
2235 1041 2709 1130 interrogandi,

324 1146 629 1232 additque
696 1147 885 1213 haec:
968 1145 1177 1225 „Cum
1248 1149 1571 1216 Homerus
1633 1149 1762 1216 tale
1826 1148 2196 1234 exemplum
2260 1151 2586 1235 proposuit
2644 1150 2713 1212 in

324 1253 560 1340 Ulysse
577 1303 596 1338 ,
641 1274 755 1320 nos
800 1253 966 1321 illud
1013 1276 1351 1341 sequemur
1368 1307 1385 1340 ,
1435 1277 1514 1322 an
1562 1277 1897 1342 procorum
1945 1262 2009 1322 et
2055 1256 2306 1322 Alcinoi
2321 1253 2392 1322 ?’'

420 1359 527 1426 46.
592 1360 801 1448 Lege}
848 1362 949 1425 eui
992 1363 1141 1426 satie
1189 1371 1275 1427 eet
1291 1410 1308 1440 ‚
1358 1365 1517 1448 quod
1558 1365 1866 1445 eontinyit.
1928 1365 2140 1428 Avaro
2184 1362 2349 1428 nihil
2396 1365 2550 1429 satis
2596 1366 2712 1428 est.

326 1465 401 1532 In
448 1466 736 1554 vulgatis
780 1488 903 1533 non
952 1473 1047 1534 est
1093 1474 1266 1534 recta
1308 1472 1638 1536 sententia.
1714 1469 1884 1535 Illud
1930 1470 2082 1534 eatis
2125 1469 2394 1536 indicari
2439 1471 2628 1534 debet
2675 1489 2713 1534 a

326 1573 705 1659 possidente.
769 1571 1155 1662 Contingere
1201 1575 1395 1641 alicui
1439 1581 1647 1662 potest
1664 1623 1682 1653 ,
1738 1576 1906 1662 quod
1953 1578 2108 1642 satis
2154 1581 2251 1641 est
2295 1597 2372 1641 ex
2420 1577 2715 1660 opinione

332 1679 615 1746 alterius.
680 1679 752 1745 Si
814 1701 940 1746 non
986 1675 1063 1747 eir
1110 1683 1405 1767 opinione
1450 1682 1828 1768 possidentis
1847 1729 1863 1759 ,
1911 1682 2030 1748 hoc
2073 1680 2174 1747 illi
2223 1702 2346 1747 non
2392 1683 2549 1747 satis
2595 1686 2712 1746 est.

420 1785 529 1851 52.
582 1787 867 1871 fomenta
901 1789 1253 1872 podayrum.
1324 1787 1567 1874 Lippus
1612 1809 1736 1854 non
1784 1790 1956 1873 capit
2001 1788 2402 1873 voluptatem
2449 1807 2486 1852 e
2531 1788 2716 1854 tabu-

326 1891 410 1959 lis
430 1939 446 1968 ,
497 1892 725 1958 surdus
771 1914 895 1958 non
943 1914 1019 1958 ex
1067 1893 1345 1977 cithara,
1393 1895 1671 1981 podager
1715 1915 1840 1959 non
1885 1915 1923 1960 e
1965 1893 2284 1960 fomentis.
2345 1893 2719 1978 Requiritur

332 1997 609 2084 aliquid,
655 2020 732 2066 ex
779 2020 903 2085 quo
948 2006 1197 2085 caperet
1243 1999 1642 2085 voluptatem
1665 2048 1680 2078 ‚
1730 2003 1786 2065 si
1831 2021 1957 2066 non
2002 2006 2165 2066 esset
2212 2000 2518 2088 podager,
2572 2021 2636 2065 v.
2663 2021 2715 2064 c.

322 2106 476 2192 fora
517 2107 733 2189 plena,
786 2107 991 2191 spatia
1039 2106 1118 2172 ad
1167 2104 1650 2172 ambulandum.

430 2209 537 2278 53.
602 2211 885 2278 doleam.
950 2209 1179 2278 Sordes
1223 2214 1290 2277 in
1336 2233 1486 2278 aure
1530 2233 1658 2278 non
1703 2213 1947 2279 faciunt
1993 2211 2297 2278 dolorem.
2346 2211 2720 2297 Requiritur

332 2319 567 2384 surdae.

423 2423 539 2490 III.
592 2425 653 2490 4.
702 2426 970 2511 vicinae,
1020 2427 1350 2512 Abydenus.

424 2532 535 2599 26.
566 2532 825 2615 friqida
870 2554 1150 2598 curarum
1186 2534 1462 2619 fomenta
1506 2538 1658 2599 sunt
1704 2532 1944 2599 leviora
1989 2533 2238 2610 studia,
2285 2537 2443 2617 puta
2487 2534 2719 2598 carmi-

330 2659 510 2703 num.
583 2636 1004 2723 Opponuntur
1071 2638 1420 2721 sapientiae.
1506 2637 1734 2705 Florus
1803 2640 2008 2724 aptior
2077 2644 2213 2704 erat
2282 2638 2718 2725 philosophiae

333 2766 525 2832 quam
575 2747 982 2811 carminibus.

424 2852 505 2918 V.
563 2853 621 2917 1.
670 2852 1004 2917 Archiacis.
1054 2852 1345 2917 Fortasse
1392 2852 1732 2918 Aroadieis.

428 2958 489 3023 6.
538 2958 727 3023 babes.
781 2957 991 3045 Lege:
1042 2980 1199 3023 avec.

429 3064 488 3131 ’7.
556 3065 670 3129 tibi
722 3071 820 3130 est
874 3070 1063 3129 tuum
1108 3068 1176 3129 in
1222 3085 1412 3130 usum
1435 3112 1453 3143 ‚
1501 3065 1578 3130 de
1624 3085 1747 3150 quo
1792 3063 2074 3150 plurima
2119 3063 2368 3129 notavit
2414 3060 2721 3127 Heinsius

333 3176 401 3238 in
464 3172 725 3238 Advers.
792 3174 878 3257 (p.
944 3170 1355 3256 515--518),
1418 3193 1533 3256 an,
1595 3172 1756 3256 quod
1807 3172 1971 3238 forte
2017 3170 2375 3256 Torquatus
2425 3169 2538 3234 ille
2583 3174 2722 3235 erat

333 3300 459 3343 non
507 3277 853 3343 admodum
900 3278 1213 3363 mundus,
1263 3284 1337 3344 ut
1382 3278 1469 3344 sit
1514 3277 1803 3363 supellex
1849 3280 2004 3343 satis
2051 3276 2324 3354 munda,
2373 3280 2450 3340 ut
2495 3281 2568 3339 tu
2615 3296 2713 3353 es,

336 3384 441 3452 vel
487 3385 748 3450 barbare
769 3431 785 3461 ‚
836 3404 949 3468 pro
994 3389 1079 3449 te.

433 3488 534 3555 19.
589 3491 870 3577 fecundi.
916 3488 991 3553 L.
1026 3490 1339 3574 facundi,
1389 3496 1465 3555 ut
1508 3491 1577 3554 in
1625 3488 1886 3554 Anthol.
1935 3485 2084 3560 οἶνος
2135 3488 2510 3571 dynam-coc.

430 3594 535 3660 VI.
602 3595 666 3661 4.
725 3602 865 3659 eunt
911 3596 1017 3680 qui
1052 3596 1389 3682 formidine
1432 3596 1609 3659 nulla
1651 3595 1862 3657 imbuti
1909 3602 2184 3677 spectent.
2233 3594 2294 3659 N
2297 3614 2378 3659 on
2422 3592 2720 3680 intelligo

340 3722 503 3787 quae
560 3723 694 3767 esse
738 3702 937 3787 possit
981 3702 1253 3767 formido
1299 3703 1367 3765 in
1414 3700 1919 3786 contemplandis
1967 3699 2095 3765 sole
2118 3748 2134 3777 ‚
2181 3702 2366 3765 astris
2385 3749 2402 3783 ,
2450 3707 2724 3785 quatuor

338 3810 490 3873 anni
551 3808 1059 3893 tempestatibus.
1126 3806 1531 3890 Requiritur:
1581 3807 1686 3892 qui
1731 3806 1882 3871 lenti
1927 3812 2220 3887 spectent,
2270 3814 2404 3871 met
2452 3826 2564 3871 een
2614 3827 2724 3871 on-

337 3911 713 4001 verschillig
772 3933 915 4000 oog.
985 3914 1184 3997 Atqui
1246 3911 1402 3978 talia
1446 3933 1561 3978 nos
1609 3912 1914 3977 admirari
1961 3912 2322 3997 oportebat,
2377 3914 2528 3996 quia
2574 3916 2723 3976 sunt

336 4016 681 4106 magnifica
724 4026 987 4083 naturae
1032 4017 1413 4103 spectacula.

435 4123 539 4193 19.
604 4128 943 4213 loquentem.
1012 4124 1084 4189 P.
1152 4146 1341 4211 supra
1390 4145 1611 4192 vocem
1659 4128 1992 4213 expunctis
2039 4125 2276 4191 litteris
2325 4130 2381 4190 lo
2431 4126 2718 4209 scripsit:

346 4234 650 4317 Quiritum
704 4241 767 4298 et
813 4235 877 4298 in
928 4234 1239 4319 superiori
1286 4235 1578 4320 margine
1626 4232 1992 4318 adscripsit:
2051 4231 2296 4316 „Epist
2345 4230 2396 4297 1.
2447 4229 2550 4309 16,
2595 4227 2724 4297 57”

338 4340 533 4427 (omne
584 4341 797 4426 forum
857 4362 1022 4426 quem
1067 4338 1338 4425 epectac).
1396 4337 1573 4403 Idem
1625 4338 1704 4403 ad
1750 4336 1961 4403 Schol.
2011 4337 2206 4423 Oruq.
2253 4336 2723 4403 adnotationem
