3150 5000
1161 313 1247 364 An
1294 315 1643 365 rmmuu.
2466 299 2590 366 181

570 476 882 544 Assiduae
925 477 1152 544 multis
1199 480 1418 546 odium
1466 501 1762 568 peperere
1813 480 2173 566 querellae:

661 585 982 672 frangitur
1024 587 1092 650 in
1139 588 1332 653 tacito
1383 587 1623 652 femina
1671 607 1855 674 saepe
1900 589 2062 654 viro.

572 687 643 754 Si
691 691 844 775 quid
893 692 1148 770 vidisti,
1199 714 1448 779 semper
1495 694 1733 760 vidisse
1780 698 2047 782 negato:

665 801 776 862 aut
821 799 878 863 si
925 799 1076 884 quid
1125 798 1334 865 doluit
1381 800 1578 878 forte,
1632 799 1843 866 dolere
1889 820 2076 888 nega.

311 900 476 966 Haec
537 907 688 968 sunt
750 904 1074 982 absoluta3
1141 906 1330 972 breve
1392 912 1801 992 praeceptum
1860 905 1967 971 sed
2015 906 2367 993 perfectum
2418 911 2601 994 quasi

235 1007 608 1093 epigramma
669 1008 946 1094 aliquod.
1033 1009 1338 1096 Sequitur
1392 998 1524 1077 iam
1582 1034 1642 1079 v.
1712 1010 1932 1077 5-22
1997 1014 2320 1078 excusatio
2373 1015 2602 1080 aetatis

235 1116 526 1198 proposito
572 1115 865 1202 exemplo
912 1119 1194 1184 Aurorae
1214 1165 1230 1197 ,
1280 1139 1440 1204 quae
1480 1139 1691 1184 senem
1734 1118 2087 1184 Tithonum
2128 1123 2301 1186 amet
2318 1167 2335 1198 ,
2378 1125 2442 1185 et
2477 1121 2601 1184 im-

238 1221 488 1303 precatio
534 1222 603 1286 in
643 1222 1038 1290 fastidiosam
1085 1222 1370 1310 puellam
1419 1245 1615 1310 quae,
1655 1226 1795 1310 ipsa
1835 1246 1993 1291 anus
2031 1245 2261 1312 paene,
2300 1227 2599 1292 iuvenem

239 1330 461 1408 poetam
509 1335 796 1415 spernat,
845 1331 1126 1416 praeciso
1171 1351 1318 1398 sane
1365 1333 1587 1397 initio:

571 1433 790 1516 Quid?
837 1439 895 1502 si
941 1439 1074 1503 iam
1122 1441 1296 1504 canis
1343 1443 1516 1504 aetas
1564 1438 1963 1504 candesceret
2010 1442 2075 1503 et
2122 1441 2217 1504 mi

663 1544 798 1608 iam
846 1543 1080 1610 faceret
1125 1546 1350 1610 scissas
1393 1544 1702 1632 languida
1748 1564 1909 1632 ruga
1956 1540 2194 1631 genas?

239 1665 336 1710 nec
389 1651 601 1714 tamen
660 1655 989 1736 propterea
1051 1671 1196 1716 cum
1261 1650 1691 1736 superioribus
1759 1649 2083 1737 iungendo
2098 1670 2117 1728 ;
2190 1649 2357 1715 nihil
2424 1652 2599 1716 enim

243 1760 594 1840 argumento
646 1759 960 1822 convenit.
1035 1756 1214 1837 Quod
1263 1757 1345 1824 ad
1389 1758 1728 1823 materiam
1777 1758 2091 1844 posterius
2138 1777 2393 1822 carmen
2438 1758 2603 1823 inte-

241 1879 407 1944 grum
454 1867 562 1927 est.
642 1860 942 1929 Ceterum
990 1864 1257 1930 subinde
1297 1866 1365 1930 in
1399 1864 1520 1929 hoc
1555 1883 1787 1952 genere
1824 1864 2033 1948 poesis
2072 1862 2426 1930 cavendum
2468 1870 2596 1944 est,

242 1984 309 2029 ne
361 1987 466 2051 pro
526 1968 888 2057 fragmento
944 1970 1293 2038 habeamus
1351 1969 1414 2035 id
1436 2017 1452 2046 ‚
1519 1970 1685 2055 quod
1737 1973 1921 2054 poeta
1967 1971 2102 2053 ipse
2147 1969 2597 2055 imperfectum

245 2068 507 2157 reliquit3
571 2075 830 2141 coniicit
881 2078 950 2141 in
1010 2075 1256 2144 chartas
1317 2075 1384 2140 id
1448 2074 1617 2160 quod
1676 2077 1967 2141 animum
2030 2077 2213 2162 angit
2259 2081 2370 2142 aut
2419 2087 2602 2142 acute

243 2175 460 2244 dictum
521 2184 635 2247 aut
695 2185 1020 2247 monitum
1083 2183 1296 2260 breve,
1362 2203 1439 2246 ex
1503 2181 1736 2267 quibus
1800 2183 1912 2266 qui
1973 2181 2171 2247 edunt
2235 2185 2602 2262 „veneriam

243 2283 394 2350 vient
438 2285 798 2373 corollam’',
845 2288 1001 2354 dum
1057 2291 1292 2376 posteri
1339 2287 1523 2353 facile
1571 2286 2069 2371 obliviscuntur,
2116 2288 2432 2374 quomodo
2488 2287 2602 2355 ille

241 2395 398 2474 quasi
447 2393 754 2476 στέφανος
817 2395 1206 2480 compositus
1264 2396 1376 2472 sit,
1443 2399 1509 2459 et
1569 2393 1920 2477 perfectum
1970 2391 2316 2465 artificium
2364 2394 2605 2461 deside-

241 2503 381 2563 rant.
447 2500 520 2567 In
566 2503 1023 2581 recentioribus
1069 2502 1326 2587 quidem
1375 2502 1579 2587 poetis
1626 2500 1869 2565 similia
1915 2521 2037 2566 non
2085 2501 2333 2567 desunt.

317 2604 404 2672 De
470 2602 1018 2675 emendationibus
1083 2608 1461 2694 recipiendis
1531 2628 1723 2673 suum
1794 2608 2021 2693 cuique
2088 2606 2407 2674 iudicium
2476 2612 2600 2687 sit;

243 2730 420 2795 neque
476 2717 650 2781 enim
714 2721 905 2794 „voto
967 2717 1211 2783 vivitur
1265 2713 1460 2791 uno'’‚
1523 2712 1699 2779 aliud
1762 2711 2045 2799 postulat
2109 2715 2202 2791 is,
2251 2717 2362 2797 qui
2408 2735 2474 2779 se
2522 2713 2604 2779 ad

244 2820 682 2887 emendandum
743 2820 984 2888 librum
1045 2826 1259 2907 parat,
1320 2819 1797 2907 quemadmodum
1853 2842 1925 2883 ex
1962 2819 2327 2904 antiquitate
2371 2824 2453 2883 ad
2497 2842 2603 2884 noe

241 2926 480 3008 pervenit
501 2976 517 3001 ,
585 2926 761 2994 aliud
781 2976 800 3011 ‚
856 2931 971 3012 qui
1015 2930 1192 3013 cupit
1235 2946 1648 3014 cognoscere,
1698 2925 2014 3010 quomodo
2060 2924 2267 2991 adhuc
2314 2925 2604 2992 emenda-

249 3030 336 3091 tus
389 3034 466 3095 sit
527 3037 592 3098 et
646 3031 858 3120 legere
906 3035 1116 3119 potius
1163 3037 1414 3117 poetam
1433 3078 1451 3110 ‚
1503 3050 1696 3116 quam
1744 3032 2111 3117 aenigmata
2155 3032 2291 3115 ipse
2337 3030 2604 3115 solvere.

248 3132 532 3203 Prioribus
555 3140 955 3206 satisfactum
992 3139 1200 3206 voluit
1227 3138 1556 3215 Hillerus;
1583 3144 1797 3203 tamen
1820 3136 2205 3222 quibusdam
2229 3136 2421 3223 locis,
2446 3157 2604 3223 quos

248 3238 302 3304 in
355 3246 624 3313 confesso
685 3252 784 3312 est
843 3267 976 3312 esse
1039 3250 1364 3331 corruptos
1385 3292 1401 3321 ,
1468 3242 1575 3310 vel
1636 3244 1706 3307 in
1751 3244 1868 3309 hac
1916 3243 2194 3308 editione
2242 3264 2348 3308 me
2395 3243 2606 3309 iudice

247 3352 462 3429 poterat
505 3352 612 3418 bic
655 3350 794 3418 illic
837 3350 1184 3437 probabilis
1231 3349 1593 3417 emendatio
1632 3351 1871 3433 recipi,
1906 3348 2023 3414 etsi
2073 3354 2295 3435 sponte
2335 3348 2605 3415 concedo

248 3456 436 3523 minus
495 3460 564 3525 in
623 3479 697 3524 ea
741 3456 1058 3524 libertatis
1106 3456 1238 3523 dari
1261 3504 1279 3541 ‚
1332 3477 1526 3542 quam
1573 3457 1643 3519 in
1692 3452 2237 3520 Weidmannianis
2281 3456 2396 3538 iis,
2446 3474 2608 3539 quae

247 3564 538 3629 continent
583 3566 654 3629 in
701 3567 992 3653 margine
1036 3564 1373 3630 lectionem
1423 3563 1716 3628 codicum
1736 3611 1755 3639 ‚
1808 3558 1863 3627 si
1912 3581 1985 3627 ea
2029 3564 2096 3625 in
2147 3561 2358 3626 verbis
2404 3561 2605 3645 scrip·

249 3666 379 3733 toris
429 3672 510 3735 sit
567 3669 794 3737 relicta
811 3693 830 3749 ;
888 3669 1037 3736 talis
1085 3670 1281 3735 editio
1333 3672 1540 3754 potest
1587 3670 1655 3732 in
1700 3666 2019 3754 plerisque
2064 3664 2427 3731 auctoribus
2474 3683 2609 3730 om·

247 3771 404 3839 nium
447 3777 672 3843 usibus
719 3776 1098 3843 satisfacere.

325 3970 642 4065 Subiungo
707 3976 1176 4042 annotationem
1241 3994 1437 4039 unam
1499 3976 1564 4039 et
1627 3972 1895 4039 alteram
1959 3970 2035 4036 ad
2086 3968 2375 4059 singulos
2418 3969 2606 4037 locos.

247 4072 416 4249 {⁸781
477 4082 508 4145 1
554 4081 742 4256 gale
787 4084 1004 4148 vincta
1053 4086 1202 4147 sunt
1252 4079 1364 4144 1-
1387 4078 1473 4143 50
1520 4084 1586 4143 et
1634 4076 1938 4157 51—78,
1988 4077 2069 4145 cf.
2114 4076 2341 4165 Reisig
2388 4076 2466 4143 R.
2516 4077 2607 4142 M.

326 4286 407 4356 Ib.
445 4209 534 4357 34
571 4291 808 4382 frangit
844 4290 1096 4381 aliquis„
1113 4297 1359 4379 portam
1402 4296 1467 4357 et
1505 4290 1725 4356 inserit
1762 4290 1953 4358 rixas.
2000 4288 2077 4356 In
2117 4226 2416 4375 portam?
2442 4288 2602 4355 'Pam

247 4393 497 4464 ridicula
541 4402 934 4493 ambiguitas
981 4400 1244 4468 vitanda
1291 4404 1415 4465 est:
1465 4397 1711 4463 dudum
1762 4403 2117 4464 correctum
2163 4401 2538 4461 conseruisse.
