3150 5000
560 253 696 323 270
1419 273 1693 328 uiuus
1736 274 2071 326 sosarnus.

559 440 954 521 αἰκισάμενος
1007 444 1112 516 τὴν
1158 441 1368 522 ἑτέραν
1414 467 1484 508 τε
1530 447 1649 508 τῶν
1697 449 1915 525 χειρῶν
1954 440 2277 522 ἀποκόψαι
2320 440 2619 514 κελεύσας
2662 440 2761 506 καὶ
2801 465 2907 522 κρε·

558 549 778 625 μοὶσας
839 549 908 613 ἐκ
954 555 1061 614 τοῦ
1109 551 1431 631 τραχήλου
1457 599 1472 626 ,
1523 555 1787 616 τοιοῦτον
1836 549 2141 628 ἐξέβαλεν
2189 551 2335 629 πρὸς
2381 550 2520 619 τοὺς
2568 549 2910 616 αἶπος-εἵλαν-

559 679 696 728 τας.
770 655 958 721 Fides
1019 661 1233 722 tamen
1295 656 1538 722 violata
1595 667 1659 721 et
1703 659 1771 721 in
1820 677 1887 722 re
1934 659 2091 722 satis
2134 655 2267 722 levi
2314 675 2513 739 poena
2559 653 2703 739 plus
2744 675 2910 738 quam

558 780 832 846 aequum
883 767 1018 826 erat
1063 763 1285 828 acerba
1299 781 1316 839 ς
1364 762 1473 827 sed
1518 765 1613 827 ita
1657 769 1755 827 est
1799 761 1838 828 J
1841 762 2150 846 osephus:
2198 758 2579 848 sanguinem
2626 762 2817 845 spirat
2862 765 2915 823 et

558 869 780 934 atatim
827 871 1095 934 recurrit
1143 868 1221 933 ad
1269 867 1502 932 ultima
1547 867 1847 934 remedia.
1923 867 2222 934 Habebat
2269 867 2703 935 adversarium
2748 885 2913 950 quem

557 977 828 1060 pessime
870 974 1122 1052 oderat,
1162 972 1517 1041 Johannem
1560 973 2030 1062 Gisgalensem.
2080 976 2207 1038 Δια
2245 975 2513 1054 κηρύκων
2551 973 2911 1048 ἀπειλήσας,

558 1087 674 1146 τῶν
733 1081 897 1154 ἐντὸς
961 1080 1190 1161 ἡμέρας
1253 1080 1546 1158 πέμπτης
1615 1083 1703 1159 μὴ
1766 1080 2240 1146 καταλιπόντων
2308 1080 2413 1144 τὸν
2458 1079 2772 1158 Ἰωάννην,
2816 1079 2915 1150 τοὶς

557 1212 628 1252 τε
687 1187 896 1259 οὐσίας
961 1185 1318 1268 διαρπάσειν
1365 1187 1469 1252 κα)
1523 1187 1640 1260 τὰς
1690 1189 1882 1258 οἰκίας
1933 1183 2075 1264 ἅμα
2123 1194 2267 1260 ταῖς
2315 1193 2563 1265 γενεαῖς
2612 1183 2917 1268 καταφλέ-

559 1292 713 1371 ξειν,
779 1293 1158 1376 τρισχιλίους
1214 1295 1328 1371 μὲν
1377 1295 1577 1360 αὐτῶν
1623 1292 1937 1369 ἄπέςησεν
1984 1291 2236 1378 εὐθέως,
2287 1297 2619 1378 ceteraque
2664 1292 2743 1358 ad
2789 1313 2917 1357 eun·

558 1400 701 1465 dem
750 1401 1037 1466 modum.

649 1505 773 1574 Sed
821 1508 1094 1572 frontem
1143 1507 1456 1574 exhilarat
1499 1508 1845 1573 interdum.
1917 1508 2090 1573 Audi
2138 1505 2467 1573 oculatum
2508 1511 2737 1572 testem
2774 1502 2915 1570 Bell.

557 1611 709 1680 Jud.
778 1611 837 1677 3.
905 1613 965 1680 ¹7.
1015 1611 1139 1677 23:
1191 1615 1458 1691 πληγείς
1505 1637 1603 1686 τις
1652 1614 1769 1680 ὑπὸ
1816 1620 1923 1680 τοῦ
1972 1614 2437 1693 μηχανήματος
2489 1619 2608 1676 τῶν
2654 1610 2784 1692 περὶ
2826 1608 2915 1674 τὸν

562 1718 848 1793 Ἰώσηπον
907 1721 1144 1789 ἑςώτων
1206 1720 1331 1785 α’νὰ
1394 1723 1463 1786 τὸ
1529 1728 1781 1802 τεῖχος,
1831 1720 2279 1799 ἀπαράσσεται
2327 1720 2436 1793 τὴν
2484 1720 2770 1798 κεφαλῆν
2814 1718 2911 1782 ὑπὸ

557 1833 668 1899 τῆς
709 1824 939 1906 πέτρας
981 1825 1086 1890 κα)
1125 1826 1197 1891 τὸ
1235 1828 1468 1908 κρανίον
1505 1828 1632 1892 ἀπὸ
1672 1827 1844 1914 (lege
1885 1827 2015 1913 ἐπὶ)
2053 1833 2227 1908 τριῶν
2250 1823 2653 1906 ἐσφενδονήθη
2680 1823 2911 1892 ςαδίων·

560 1931 850 2009 γυναικός
897 1955 968 1996 τε
1016 1934 1153 2008 μεθ’
1202 1933 1432 2012 ἡμέραν
1481 1934 1660 2018 (quid
1699 1934 1818 2000 hoc
1855 1931 2019 2016 est‘C)
2066 1934 2402 2012 ἐγκύμονος
2443 1933 2785 2010 πληγείσης
2822 1930 2913 2002 τὴν

559 2038 836 2122 γαςέρα,
883 2041 1086 2121 προῄει
1134 2038 1196 2103 δὲ
1245 2039 1366 2104 νέον
1417 2037 1487 2115 έξ
1533 2040 1759 2115 οἷκίας,
1812 2038 2111 2116 ἐξέσεισεν
2157 2040 2260 2120 ἐφ’
2311 2037 2630 2116 §ms-aiam
2676 2037 2745 2102 τὸ
2788 2034 2915 2116 βρέ·

559 2149 710 2224 Φος·
769 2144 1040 2220 τοσαύτη
1089 2142 1157 2219 ἦν
1207 2150 1313 2210 τοῦ
1363 2144 1683 2223 λιθοβόλου
1730 2145 1869 2222 βία.
1942 2144 2081 2226 Quo
2130 2147 2345 2211 animo
2388 2145 2692 2210 ridiculas
2735 2161 2913 2229 nugas

558 2250 790 2338 legisse
853 2250 1225 2336 putabimus
1288 2251 1745 2337 Imperatorem
1808 2251 2033 2316 Titum
2090 2250 2198 2318 vel
2260 2253 2615 2337 Agrippam
2679 2243 2912 2336 regem?

557 2355 799 2422 Taedet
841 2357 918 2422 de
967 2357 1086 2422 hoc
1130 2379 1360 2444 genere
1407 2356 1593 2443 plura
1636 2357 2014 2441 describere,
2064 2358 2173 2422 sed
2220 2357 2431 2423 solnm
2474 2356 2741 2430 addam,
2786 2355 2913 2437 quia

554 2461 841 2547 lepidum
907 2469 1038 2547 est,
1099 2462 1138 2529 J
1143 2464 1450 2550 osephum
1510 2465 1665 2530 dum
1726 2463 1982 2530 Bellum
2038 2462 2077 2529 J
2082 2464 2380 2530 udaicum
2430 2462 2761 2540 scriberet,
2804 2477 2911 2524 non

557 2572 712 2635 satis
751 2572 1118 2636 meminisse
1165 2571 1412 2655 quando
1459 2570 1745 2635 duxisset
1790 2592 2074 2636 uxorem.
2114 2568 2333 2635 Oratio
2370 2574 2507 2656 ejus
2544 2576 2643 2636 est
2682 2569 2756 2633 ad
2778 2566 2913 2631 Hie-

555 2674 1077 2762 rosolymitanos,
1143 2698 1266 2763 qua
1325 2680 1406 2741 iie
1467 2676 1843 2761 persuadere
1902 2684 2165 2741 conatur
2226 2682 2301 2741 ut
2361 2675 2586 2741 urbem
2634 2673 2912 2739 Romanis

556 2783 845 2860 tradant,
911 2782 1072 2848 Bell.
1139 2782 1287 2849 Jud.
1355 2783 1416 2846 5.
1467 2782 1530 2847 9.
1582 2784 1642 2846 4.
1715 2782 1811 2847 De
1857 2804 1930 2849 ea
1978 2784 2257 2848 oratione
2302 2802 2463 2867 quae
2510 2800 2700 2865 supra
2744 2795 2911 2863 quam

559 2889 727 2954 credi
773 2896 980 2973 potest
1027 2890 1291 2975 puerilis
1337 2894 1433 2955 est
1452 2936 1467 2967 ,
1515 2888 1679 2953 nihil
1729 2889 1974 2967 dicam;
2025 2887 2135 2954 sed
2172 2891 2239 2953 in
2280 2891 2461 2954 exitu
2500 2888 2657 2952 haec
2694 2900 2913 2970 quoque

560 2997 752 3060 verba
811 2998 1054 3080 posuit:
1121 2990 1270 3059 οἶδα
1327 2993 1419 3059 ὅτι
1482 3017 1587 3072 μοι
1650 2994 2100 3073 συγκινδυνεύει
2147 2995 2346 3071 μήτηρ
2398 2993 2503 3057 καὶ
2555 3002 2660 3057 ΓΤ
2668 3000 2779 3057 ΝΗ
2824 2986 2909 3050 καὶ

559 3098 732 3177 γένος
791 3103 896 3165 οὐκ
958 3098 1215 3178 ἄσημον.
1297 3101 1486 3167 Nunc
1547 3107 1717 3166 certe
1782 3101 2089 3165 dormitat
2141 3101 2343 3165 bonue
2388 3098 2744 3183 «Iosephus,
2786 3112 2908 3159 nam

558 3226 684 3271 non
741 3212 875 3271 erat
935 3226 1096 3272 uxor
1155 3207 1623 3295 Hierosolymis
1681 3207 1932 3272 obsessa
1952 3253 1967 3284 ‚
2033 3205 2111 3272 cf.
2164 3204 2291 3271 Vit.
2342 3206 2375 3290 ς
2428 3205 2535 3271 75.
2608 3204 2911 3267 Praeterea

557 3314 758 3399 patris
819 3312 1254 3396 obliviscitur,
1322 3334 1512 3398 quem
1573 3312 1828 3379 Zelotae
1888 3316 1955 3377 in
2013 3332 2322 3377 carcerem
2374 3312 2794 3395 conjecerant,
2842 3304 2908 3367 cf.

557 3417 719 3484 Bell.
766 3416 911 3482 Jud.
967 3418 1028 3481 5.
1082 3417 1186 3483 13.
1239 3419 1312 3495 1,
1365 3422 1462 3483 uti
1509 3425 1574 3485 et
1622 3426 1927 3495 matrem,
1982 3418 2057 3483 cf.
2112 3417 2274 3485 Bell.
2320 3416 2469 3482 Jud.
2523 3416 2583 3481 5.
2640 3414 2741 3481 13.
2780 3412 2835 3477 3.

648 3525 910 3590 Praeter
958 3545 1062 3590 eas
1105 3546 1205 3589 res
1249 3527 1480 3610 quibus
1525 3526 1820 3590 interfuit
1860 3528 2030 3609 ipse,
2065 3524 2381 3609 Josephus
2420 3524 2697 3607 optimos
2736 3520 2911 3585 fontes

561 3632 722 3697 adiit
784 3652 1012 3716 eosque
1072 3631 1243 3695 haud
1306 3626 1718 3718 indiligenter
1786 3633 2138 3715 usurpavit.
2238 3629 2421 3708 Quod
2490 3626 2709 3694 sedulo
2775 3620 2913 3708 legit

561 3738 826 3803 Sacrum
891 3737 1228 3820 Codicem,
1290 3738 1357 3801 id
1421 3740 1637 3802 minus
1694 3758 2026 3821 curamus;
2090 3756 2239 3801 nam
2302 3736 2383 3800 ad
2432 3734 2705 3799 eundem
2750 3727 2911 3797 hodie

561 3864 806 3929 quoque
868 3844 1080 3909 aditus
1139 3852 1236 3909 est
1295 3850 1359 3909 et
1423 3847 1547 3909 viri
1610 3844 1780 3909 docti
1839 3842 2156 3907 affirmant
2217 3839 2568 3926 Josephum
2636 3832 2909 3904 Hebraici

561 3952 869 4015 sermonis
913 3969 1038 4015 non
1082 3951 1276 4015 fuisse
1321 3951 1826 4035 peritissimum;
1872 3948 1982 4014 sed
2026 3946 2189 4034 legit
2236 3946 2479 4012 multos
2516 3946 2711 4011 libros
2748 3939 2909 4007 hodie

560 4040 948 4139 deperditos,
995 4055 1342 4142 Polybium
1364 4103 1380 4131 ,
1431 4055 1757 4121 Strabonis
1806 4056 2125 4121 Historias
2144 4105 2161 4139 ‚
2210 4053 2553 4120 Nicolaum
2598 4052 2905 4117 Damasce-

559 4181 753 4245 nnm,
797 4160 1170 4245 Vespasiani
1207 4165 1725 4237 commentarios,
1771 4160 1961 4245 alios,
2003 4162 2078 4226 de
2119 4162 2351 4245 quibus
2390 4180 2515 4225 non
2542 4165 2673 4223 tam
2696 4150 2908 4240 liquido

561 4272 827 4332 constat.
897 4264 1018 4331 Sed
1085 4288 1161 4332 ex
1213 4268 1488 4333 fontium
1537 4268 1911 4333 diversitate
1956 4268 2373 4353 repetendum
2422 4268 2719 4340 arbitror,
2766 4254 2907 4345 quod

559 4392 744 4457 saepe
803 4370 1061 4457 Josephi
1125 4379 1258 4437 tam
1305 4381 1454 4439 sunt
1501 4373 1674 4439 fluxa
1720 4374 1995 4445 iudicia.
2046 4382 2121 4439 ut
2166 4375 2411 4439 nescias
2456 4380 2673 4436 utrum
2716 4365 2907 4433 laudet
