3150 5000
551 305 684 373 178
1501 329 1589 378 u>
1636 324 1986 378 nemun.
2040 381 2051 390 ,

542 510 686 556 vox.
757 489 1126 575 Sequuntur
1183 492 1480 578 exempla
1543 492 1857 577 quaedam
1920 491 1999 557 ad
2053 488 2431 556 illustranda
2476 488 2672 554 verba
2710 487 2938 574 femori

539 596 899 661 conserui-m
948 598 1158 684 femur
1172 625 1193 663 .·
1259 597 1386 675 „Et
1445 603 1661 664 cubare
1722 599 1807 661 ad
1864 598 2026 662 tatus
2085 595 2357 662 Ovidius
2402 593 2665 659 Heroid.
2716 591 2800 660 11.
2850 589 2937 658 58

543 701 745 779 „dicit
804 703 986 767 lateri
1043 709 1403 768 comet-wiese
1449 704 1613 768 latus
1634 749 1651 782 ,
1701 722 2088 787 quamquam
2135 703 2229 768 ibi
2276 699 2353 768 de
2397 699 2565 766 lecto
2608 696 2936 784 coniugali

543 827 812 885 „sermo
884 808 1125 875 'l'amen
1171 811 1366 876 etiam
1415 808 1553 876 illic
1601 811 1779 875 abest
1824 807 2201 874 concubitus
2244 804 2649 893 significatio.
2722 806 2937 888 Atque

542 913 738 990 „haec
779 914 1139 982 hactenus”.
1211 913 1452 1001 Opinor
1497 914 1654 980 haec
1700 917 1855 980 satis
1898 934 2229 999 superque.
2280 911 2367 978 Et
2404 917 2623 978 tamen
2659 909 2739 976 D.
2768 913 2936 976 recte

538 1021 851 1085 sentiebat
887 1020 1350 1086 cohaerentiam
1401 1023 1683 1105 partium
1732 1039 1865 1085 esse
1913 1019 2372 1104 quaerendam3
2418 1035 2571 1084 nam
2596 1019 2933 1082 cuiuscun-

537 1145 660 1208 que
697 1124 903 1208 operis
941 1132 1396 1212 argumentum
1441 1145 1574 1192 esse
1616 1125 1841 1190 debere
1884 1124 2200 1209 „simplex
2233 1123 2546 1188 duntaxat
2568 1129 2633 1186 et
2659 1119 2931 1186 unum”.

537 1226 799 1294 Scilicet
843 1229 1134 1295 Dissenio
1173 1231 1384 1296 iudice
1427 1223 1558 1295 i'am
1604 1231 1682 1296 ab
1721 1231 1909 1296 initio
1932 1229 2306 1294 Marathum
2332 1227 2685 1313 alloquitur
2708 1231 2929 1311 poeta,

535 1354 806 1419 puerum
828 1380 844 1409 ‚
928 1337 1038 1420 qui
1099 1356 1381 1401 amorem
1453 1332 1726 1402 Pholoes
1799 1334 1941 1422 (69)
2014 1332 2555 1418 dissimulaverit3
2627 1332 2933 1417 puduisse

537 1460 688 1506 eum
733 1459 1014 1508 amorem
1065 1461 1277 1508 coram
1325 1440 1585 1507 Tibullo
1634 1443 1821 1508 fateri
1840 1491 1857 1526 ‚
1907 1443 2203 1527 quoniam
2254 1438 2593 1506 TibuUum
2638 1439 2781 1524 ipse
2819 1459 2929 1504 cu-

535 1546 761 1632 pidum
808 1549 909 1612 sui
957 1546 1112 1612 olim
1157 1553 1528 1633 aspernatus
1564 1555 1761 1626 esset3
1804 1548 1951 1613 inde
1990 1549 2304 1613 nimirum
2329 1545 2686 1614 irrisionem
2712 1551 2931 1612 natam

534 1671 704 1717 esse:
773 1652 969 1736 „quid
1032 1651 1154 1718 tibi
1211 1674 1380 1718 nunc
1444 1653 1699 1738 prodest
1758 1652 2028 1720 coluisse
2074 1651 2337 1738 capillos
2352 1649 2424 1716 ‘P’
2494 1652 2669 1740 Ergo
2718 1653 2931 1717 Mara-

535 1757 686 1822 thus
745 1755 904 1823 olim
967 1763 1335 1844 aspernatus
1395 1779 1566 1824 nunc
1622 1760 1941 1844 spernitur
2000 1767 2066 1825 et
2125 1758 2451 1824 irridetur.
2522 1756 2631 1823 Sic
2678 1758 2931 1823 divinat

533 1859 886 1928 Disaenius.
956 1862 1197 1930 'l'amen
1243 1862 1542 1930 Tibullus
1587 1865 1757 1930 idem
1808 1867 1963 1930 satis
2010 1885 2353 1952 generosus
2397 1869 2495 1930 est
2511 1910 2527 1941 ,
2577 1884 2731 1930 nam
2782 1883 2927 1930 cum

534 1967 870 2034 Marathus
916 1969 1067 2040 miae,-
1115 1965 1190 2042 ὣς
1241 1969 1403 2035 πεδὰ
1449 1957 1699 2049 ματ-ἐμὰ
1745 1973 1811 2035 in
1860 1973 1998 2036 eius
2044 1972 2258 2037 sinum
2308 1971 2743 2058 confugisset,
2786 1990 2930 2036 con·

534 2071 712 2140 ciliat
759 2072 818 2139 ei
865 2072 1020 2138 olim
1071 2081 1320 2159 spretus
1367 2081 1613 2142 amator
1658 2097 1784 2140 non
1830 2097 1929 2161 se,
1975 2077 2085 2142 sed
2134 2075 2416 2142 Pholoen
2436 2123 2453 2154 ‚
2504 2075 2614 2154 67,
2660 2097 2839 2161 sqq.:

895 2178 1160 2245 desistas
1207 2179 1542 2247 lacrimare
1585 2202 1780 2268 puer:
1814 2229 2009 2246 .....

988 2285 1288 2364 oderunt,
1336 2285 1575 2352 Pholoe
1594 2335 1611 2364 ,
1660 2306 1889 2353 moneo
1934 2287 2194 2354 fastidia
2238 2287 2395 2354 divi.

531 2388 753 2474 Apage
799 2390 1072 2472 ineptias
1118 2390 1306 2457 audio
1351 2391 1633 2476 aliquem
1682 2392 2163 2458 exclamantem.
2216 2391 2343 2460 Sed
2376 2413 2501 2460 non
2538 2392 2694 2458 haec
2719 2393 2927 2458 excito

529 2498 606 2559 ut
649 2493 950 2561 irrideam
969 2545 988 2581 ,
1039 2502 1292 2563 tantum
1339 2505 1414 2563 ut
1459 2500 1787 2565 ostendam
1808 2548 1827 2583 ‚
1875 2519 1998 2585 quo
2041 2501 2541 2585 perveniendum
2590 2502 2679 2564 sit
2708 2502 2770 2565 si
2810 2500 2926 2565 hoc

527 2620 781 2665 carmen
819 2602 1145 2689 integrum
1195 2624 1328 2669 esse
1373 2606 1724 2670 existimes.
1795 2604 1885 2670 Ut
1930 2608 2213 2690 partium
2263 2606 2743 2673 cohaerentiam
2798 2605 2926 2671 effi-

527 2712 696 2771 ceret
754 2708 1080 2792 iustasque
1129 2714 1193 2775 et
1247 2708 1464 2792 plenas
1518 2709 1644 2774 sibi
1685 2714 1750 2775 et
1788 2710 2133 2779 lectoribus
2172 2713 2447 2777 rationes
2488 2712 2668 2777 daret
2708 2733 2923 2778 rerum

523 2810 986 2897 affectuumque
1005 2859 1021 2890 ‚
1085 2812 1252 2879 unde
1302 2814 1456 2879 haec
1501 2820 1727 2880 octava
1774 2815 1984 2902 elegia
2029 2821 2181 2882 nata
2228 2817 2349 2898 sit,
2398 2816 2739 2883 Disaenius
2788 2820 2925 2883 vim

520 2916 672 2982 fecit
732 2918 944 2983 verbis
1005 2925 1255 3002 poetae,
1320 2925 1384 2985 et
1443 2920 1645 2985 facere
1711 2927 1965 2987 coactus
2020 2931 2135 2990 est.
2224 2922 2369 2988 Non
2418 2924 2588 2989 vidit
2632 2922 2925 3008 puellam

519 3019 610 3103 (v.
679 3020 790 3107 13)
842 3024 1073 3107 opponi
1121 3043 1246 3089 non
1291 3044 1485 3108 puero
1505 3070 1522 3103 ‚
1569 3025 1680 3091 sed
1728 3025 1981 3109 puellae
2029 3027 2257 3104 alicui,
2308 3048 2503 3112 quam
2554 3026 2925 3113 alloquatur

520 3131 725 3209 poeta.
795 3123 1064 3195 Gomtus
1111 3131 1222 3213 qui
1269 3129 1650 3195 describitur
1697 3137 1794 3196 est
1849 3130 2181 3197 muliebris
2202 3180 2219 3211 ‚
2266 3154 2393 3201 non
2438 3136 2659 3219 pueri:
2712 3140 2923 3201 muta-

517 3234 626 3296 tur
683 3251 867 3315 saepe
927 3253 1144 3299 comae
1206 3235 1538 3320 dispositio
1596 3234 1743 3317 (10)
1762 3283 1779 3312 ,
1840 3242 2177 3303 mutantur
2242 3241 2440 3305 vestis
2506 3245 2573 3305 et
2643 3243 2925 3307 amictus

516 3333 684 3421 (13).
752 3335 948 3403 Porro
1012 3344 1312 3423 tanquam
1377 3340 1558 3406 fatali
1631 3340 1845 3423 aliquo
1919 3341 2093 3409 malo
2162 3351 2491 3430 correptus
2538 3345 2923 3413 describitur

518 3440 856 3507 Marathus
916 3464 980 3509 v.
1051 3443 1163 3528 1²7,
1225 3465 1357 3529 sqq.
1378 3494 1396 3529 ,
1463 3465 1606 3511 cum
1664 3449 1879 3529 potius
1924 3468 2138 3532 amor,
2187 3469 2313 3533 quo
2358 3448 2706 3521 Marathus
2754 3472 2923 3519 nunc

517 3545 793 3624 arderet,
839 3553 1061 3632 poetae
1079 3594 1098 3625 ,
1147 3548 1304 3615 olim
1343 3555 1551 3635 spreto
1590 3554 1859 3617 amatori
1878 3599 1894 3627 ,
1940 3572 2131 3619 causa
2154 3553 2505 3622 exultantis
2526 3558 2761 3644 gaudii
2788 3578 2923 3623 esse

517 3650 792 3718 deberet.
862 3651 1137 3719 Omnino
1185 3652 1314 3719 tale
1362 3652 1704 3720 artificium
1747 3657 1912 3721 nihil
1959 3656 2227 3741 proficit.

610 3754 672 3819 N
675 3775 754 3820 on
797 3762 958 3840 puto
1004 3758 1309 3823 editorem
1359 3760 1526 3842 quod
1571 3761 1640 3825 in
1687 3760 1791 3826 his
1829 3762 2234 3831 similibusve
2272 3767 2629 3853 quidquam
2664 3772 2728 3835 ei
2768 3792 2919 3837 cum

520 3857 806 3923 Dissenio
851 3880 1192 3927 commune
1239 3869 1433 3941 esset,
1477 3884 1665 3931 omne
1701 3866 2015 3933 iudicium
2056 3870 2301 3937 turbati
2340 3873 2585 3940 ordinis
2622 3882 2689 3941 et
2736 3876 2917 3943 lacu·

517 3980 636 4027 nae
680 3965 999 4040 omisisse,
1047 3967 1156 4031 sed
1203 3968 1370 4052 quod
1418 3969 1611 4053 probe
1656 3972 1884 4056 sciret,
1924 3992 2121 4055 quam
2159 3976 2480 4044 incertum
2520 3985 2693 4047 esset
2716 4002 2921 4049 reme-

521 4065 740 4142 dium3
803 4066 1144 4155 diligenter
1207 4078 1418 4137 autem
1487 4076 1552 4139 in
1616 4080 2026 4144 annotatione
2090 4082 2312 4149 critica
2376 4088 2733 4169 praemissa
2793 4107 2919 4155 non

519 4174 772 4234 tantum
835 4171 1136 4239 lectiones
1191 4176 1479 4243 codicum
1543 4186 1609 4244 et
1667 4180 2141 4251 emendationes
2208 4193 2351 4271 post
2420 4188 2918 4260 Lwhmannum

519 4274 718 4339 factas
777 4279 1205 4364 consignavit,
1275 4283 1384 4349 sed
1444 4286 1641 4348 etiam
1689 4287 1897 4351 varios
1942 4296 2206 4355 conatus
2253 4296 2641 4361 restituendi
2684 4299 2917 4385 genui-

517 4398 676 4442 num
736 4399 1038 4445 versuum
1094 4383 1396 4450 ordinem.
1481 4386 1572 4452 Ut
1628 4396 1841 4455 tamen
1902 4412 1982 4457 ex
2042 4394 2146 4459 his
2207 4401 2659 4467 conaminibus
2708 4402 2918 4491 aliqui
