3150 5000
461 228 466 237 ·
551 209 687 276 254
1588 235 1922 284 amnunvs

547 396 661 460 sis
706 394 938 462 accolis
985 397 1282 463 omnibus
1327 397 1536 464 solum
1579 401 1649 465 in
1682 407 1929 468 remoto
1965 422 2215 468 secessu
2236 401 2548 468 latentem
2570 403 2919 470 inuenimus

549 499 897 566 militem.”

640 605 983 675 Geminato
1028 610 1108 675 di
1153 612 1356 676 scribe
1407 611 1571 689 „dil
1591 634 1628 681 a
1644 635 1685 702 p
1708 617 1827 680 sis
1875 615 2173 681 accolis.”

641 821 706 889 6.
752 821 861 890 20.
913 823 1109 903 „Erat
1156 845 1229 892 eo
1266 831 1550 913 tempore
1596 826 1864 914 Satrapa
1901 827 2266 897 Corduenae
2284 879 2303 914 ‚
2342 851 2505 916 quae
2542 830 2922 915 obtempera-

548 931 660 996 bat
719 933 1018 1016 potestati
1080 930 1422 996 Persarum
1439 981 1456 1010 ‚
1519 933 1889 1000 louinianus
1945 939 2202 1002 nomine
2250 935 2608 1022 appellatus
2626 983 2644 1013 ‚
2690 938 2763 999 in
2806 932 2923 998 solo

546 1034 836 1102 Romano
908 1036 1448 1124 adulescens,
1515 1040 1851 1106 nobiscum
1921 1040 2169 1108 occulte
2238 1043 2513 1107 sentiens
2584 1062 2661 1108 ea
2730 1041 2926 1129 gratia

547 1142 716 1228 quod
776 1141 1105 1208 obsidatus
1149 1151 1316 1210 sorte
1361 1146 1430 1209 in
1476 1143 1686 1232 Syriis
1734 1145 2030 1213 detentus
2077 1154 2142 1214 et
2190 1147 2523 1214 dulcedine
2568 1145 2929 1214 liberalium

520 1248 908 1334 ⁸studiorum
955 1248 1228 1314 inlectus
1265 1271 1546 1316 remeare
1589 1252 1666 1317 ad
1707 1258 1919 1318 nostra
1958 1253 2205 1318 ardenti
2231 1254 2542 1320 desiderio
2562 1249 2927 1340 gestiebat.”

637 1354 792 1420 Post
837 1375 950 1420 uu.
999 1357 1110 1433 „in
1157 1355 1290 1421 solo
1337 1355 1672 1423 Romano”
1720 1357 2027 1424 nonnulla
2066 1360 2261 1425 uerba
2299 1359 2699 1425 intercidisse
2724 1358 2929 1423 uiden·

546 1475 688 1539 tur,
753 1462 986 1547 quibus
1030 1462 1202 1527 haud
1248 1465 1377 1528 scio
1424 1484 1504 1528 an
1551 1475 1879 1530 narratum
1930 1467 2017 1530 sit
2065 1465 2471 1531 Iouinianum
2519 1469 2587 1531 in
2633 1465 2773 1531 solo
2816 1463 2931 1528 Ro-

547 1589 736 1634 mano
782 1575 1008 1649 natum
1057 1577 1121 1634 et
1166 1569 1508 1635 educatum
1556 1591 1711 1636 esse.
1776 1570 1921 1636 Nisi
1969 1572 2129 1637 forte
2172 1570 2566 1657 probabilius
2612 1578 2713 1637 est
2762 1569 2930 1636 adu·

546 1674 876 1742 lescens
921 1695 1254 1760 perperam
1303 1677 1615 1761 scriptum
1664 1697 1798 1744 esse
1845 1697 1959 1763 pro
2009 1677 2469 1744 educatus..

640 1891 704 1962 ’7.
754 1893 816 1963 ¹7.
891 1892 1316 1972 „Sabinianus
1388 1941 1404 1956 .
1435 1943 1452 1961 .
1477 1942 1498 1961 .
1567 1915 1681 1980 per
1744 1893 2061 1962 Edessena
2108 1895 2395 1982 sepulcra
2443 1898 2623 1982 quasi
2674 1895 2932 1962 fundata

547 2023 697 2069 cum
759 2003 1031 2067 mortuis
1094 2021 1246 2086 pace
1293 1999 1458 2066 nihil
1505 2001 1858 2068 formidans
1876 2052 1894 2086 ‚
1943 2022 2119 2068 more
2165 2003 2341 2068 uitae
2386 1983 2774 2068 remissioris
2818 2001 2931 2066 flu·

546 2111 692 2175 xius
739 2128 935 2196 agens
982 2106 1252 2174 militari
1297 2108 1599 2194 pyrricha
1646 2109 2017 2175 sonantibus
2063 2107 2343 2174 modulis
2388 2129 2502 2194 pro
2550 2106 2933 2174 histrionicis

547 2215 838 2303 gestibus
897 2217 982 2278 in
1045 2213 1409 2279 silentio
1471 2233 1789 2279 summo
1851 2213 2286 2281 delectabatur
2346 2217 2633 2281 ominoso
2681 2208 2832 2280 sane
2874 2217 2933 2276 et

547 2325 799 2406 incepto
847 2326 911 2387 et
954 2319 1162 2386 loco.”

637 2427 937 2493 Ridicule
997 2426 1212 2492 editur
1273 2429 1354 2491 in
1412 2424 1783 2493 silentio
1845 2447 2160 2493 summo
2206 2448 2357 2493 cum
2400 2448 2529 2493 uno
2572 2433 2794 2494 tenore
2838 2445 2933 2491 so-

547 2540 772 2601 nantes
817 2532 1068 2600 moduli
1114 2540 1715 2600 commemorentur.
1767 2531 2029 2621 Corrige
2074 2533 2556 2600 insolentia
2602 2554 2931 2602 summa.

641 2752 702 2821 8.
751 2752 814 2823 8.
893 2755 1143 2841 ¹,Atque
1193 2759 1263 2819 ut
1306 2756 1374 2819 in
1421 2753 1612 2818 rebus
1656 2751 1943 2819 solent
1991 2751 2297 2829 adflictis,
2350 2752 2753 2841 ambigentes
2802 2754 2931 2818 cui-

545 2882 699 2929 nam
745 2862 1000 2928 deberet
1047 2866 1160 2926 aut
1205 2866 1417 2947 posset
1462 2862 1708 2925 occurri
1759 2908 1775 2924 .
1806 2906 1823 2925 .
1852 2907 1868 2923 .
1917 2858 2339 2926 diffundimur
2386 2861 2739 2925 uniuersi.”

639 2966 1177 3053 Imm0‚·hercle,
1224 2965 1467 3033 solet.

639 3188 699 3253 8.
756 3187 860 3254 13.
935 3186 1386 3275 „Tandemque
1449 3208 1561 3272 per
1622 3188 1930 3273 posticam
1992 3187 2315 3272 ingressus
2369 3185 2668 3253 refertam
2719 3182 2931 3251 inueni

549 3296 901 3361 confluente
949 3316 1025 3361 ex
1071 3293 1364 3358 finitimis
1411 3293 1591 3359 uirili
1640 3300 1705 3359 et
1749 3292 2053 3359 muliebri
2102 3289 2317 3355 sexu.”

639 3401 718 3467 In
779 3404 985 3487 priore
1047 3402 1396 3465 sententiae
1459 3406 1639 3484 parte
1686 3398 2011 3465 intercidit
2064 3397 2506 3481 „ciuitatem’',
2558 3418 2683 3482 quo
2730 3414 2927 3465 carere

548 3508 728 3574 nullo
773 3508 964 3573 modo
1009 3527 1370 3592 possumus.

642 3712 708 3778 9.
753 3712 817 3777 2.
895 3708 1218 3797 „Spiranti
1285 3710 1576 3798 Zephyro
1640 3713 2041 3776 contrauersa
2103 3706 2579 3775 Gumathenam
2628 3709 2927 3795 contingit

548 3822 871 3909 regionem
925 3838 966 3882 u
987 3820 1258 3883 berem
1311 3824 1376 3883 et
1421 3816 1605 3883 cultu
1654 3818 1835 3880 iuxta
1880 3814 2285 3881 fecundam.”

638 3926 882 4003 Imma,
945 3926 1200 4011 opinor,
1270 3926 1570 4003 „ubere
1630 3930 1695 3988 et
1758 3920 2004 3987 cultu.’'
2056 3922 2136 3988 cf.
2185 3920 2379 4009 Verg.
2426 3918 2585 3987 Gen.
2636 3920 2720 3988 11.
2772 3918 2922 3986 185:

554 4032 827 4111 „fertilis
875 4031 1065 4097 ubere
1114 4029 1442 4125 campus.”

645 4236 750 4303 10.
798 4235 864 4302 2.
934 4233 1206 4314 „Subita
1249 4236 1453 4301 animi
1499 4235 2001 4300 consternatione
2048 4232 2403 4299 defensores
2449 4252 2771 4299 armorum
2818 4248 2920 4295 ua-

548 4346 775 4411 rietate
822 4343 1180 4430 praestricti
1228 4362 1295 4407 se
1339 4346 1723 4427 cunctosque
1769 4340 2098 4426 prodidere
2146 4342 2257 4424 qui
2304 4339 2383 4405 ad
2428 4339 2742 4425 praesidia
2786 4358 2919 4403 con·
