3150 5000
1098 271 1106 279 ,
1224 228 1645 283 mucronis&
2534 212 2620 281 87

231 404 376 468 tum
443 402 986 486 ἦπει-ρῶσθαι,
1048 420 1175 486 qua
1235 400 1314 465 de
1371 421 1438 466 re
1487 398 1849 467 Classenius
1896 400 2060 466 dixit
2106 402 2174 465 in
2220 390 2653 467 adnotatione·

233 512 476 575 critica.
546 507 622 574 Id
682 514 898 573 tamen
963 508 1178 584 obest,
1243 507 1410 592 quod
1476 507 1840 573 Demetrius
1901 505 2246 573 Phalereus
2306 508 2343 591 §
2394 505 2479 573 72
2544 529 2623 573 ex

231 614 610 703 Thucydide
656 614 972 680 laudavit:
1028 614 1098 678 τὸ
1148 615 1237 691 μὴ
1287 612 1522 694 ἤπειρος
1575 610 1749 679 εἶναι.
1802 612 1950 681 Alia
1988 633 2148 700 quae
2173 633 2246 679 eo
2269 616 2623 699 pertinent,

229 721 382 788 vide
429 721 600 807 apud
648 720 1008 787 Dobraeum
1058 720 1137 786 ad
1185 720 1649 807 Thucydidem·
1676 718 1754 785 11.
1810 720 1869 785 4.

321 934 512 1017 Quod
557 933 889 1021 adscripsit
934 932 1402 1001 Herwerdenus
1445 932 1526 1001 ad
1572 933 1629 998 1.
1686 931 1813 999 115
1830 982 1845 1011 ‚
1875 932 2247 1021 Krugerum
2281 936 2622 1002 correxisse

227 1044 455 1115 ’Λλιᾶς
501 1061 616 1127 pro
660 1040 940 1122 Ἀχαΐαν
960 1087 977 1117 ,
1039 1039 1107 1104 id
1173 1044 1340 1107 certe
1404 1037 1614 1106 voluit
1672 1040 1843 1105 hunc
1901 1042 2184 1125 primum
2234 1042 2461 1118 fuisse,
2510 1043 2623 1127 qui

228 1168 372 1213 eam
421 1147 763 1214 lectionem
811 1146 1318 1225 commendaret,
1359 1166 1508 1211 nam
1553 1151 1697 1231 post
1734 1167 1883 1211 eum
1908 1144 2238 1211 infinitum
2261 1153 2356 1212 est
2380 1147 2621 1225 dicere,

228 1276 426 1339 quam
473 1252 671 1321 multi
713 1256 807 1319 ite
845 1255 1226 1319 correxerint
1240 1272 1258 1330 ς
1301 1252 1412 1319 sed
1451 1254 1649 1317 etiam
1686 1257 1833 1319 ante
1855 1250 2227 1339 Krugerum
2253 1274 2416 1319 anno
2446 1252 2621 1319 1829

225 1359 718 1437 Bloomfieldus,
764 1362 876 1445 qui
921 1380 1062 1425 raro
1107 1357 1236 1425 tale
1285 1359 1438 1443 quid
1488 1358 1717 1438 audet,
1760 1361 1826 1424 in
1868 1379 2011 1425 eam
2061 1361 2486 1445 suspicionem
2527 1362 2625 1425 in·

183 1523 188 1538 .
227 1468 406 1534 cidit.
457 1464 758 1532 Ceterum
809 1465 1444 1532 animadvertendum
1493 1471 1627 1543 est,
1676 1468 1808 1531 iam
1858 1466 2208 1533 Aristidem
2256 1463 2339 1531 Π.
2381 1465 2465 1531 69
2511 1487 2622 1532 cx-

225 1573 450 1639 hibere
499 1576 860 1657 corruptam
906 1570 1244 1638 lectionem
1295 1570 1600 1652 Ἀχαΐαν.
1665 1569 1790 1636 Vix
1839 1570 2055 1637 credas
2100 1591 2292 1657 quam
2330 1576 2623 1639 vetustae

228 1682 358 1744 sint
417 1682 490 1743 in
553 1682 785 1745 nostris
845 1675 1030 1743 libris
1092 1676 1504 1762 corruptelae.
1575 1676 1821 1743 Deinde
1887 1679 2094 1763 capite
2157 1675 2207 1742 Ι.
2281 1676 2444 1743 118:
2510 1685 2623 1751 τῆς

227 1784 267 1860 ξ
285 1808 461 1863 vau.
483 1807 526 1847 α
541 1784 690 1866 xla
710 1809 739 1856 ς
805 1785 1005 1849 αὐτῶν
1071 1780 1329 1859 ἥπτοντο
1351 1831 1368 1860 ,
1432 1783 1758 1849 ostendere
1818 1785 2051 1869 poterit
2112 1784 2393 1851 imitatio
2455 1785 2624 1873 apud

232 1890 510 1957 Dionem
561 1888 852 1956 Cassium
901 1888 1037 1955 Vol.
1092 1888 1138 1953 Ι.
1190 1911 1249 1976 p.
1305 1888 1392 1955 83
1437 1889 1540 1955 Df.
1608 1889 2083 1958 rescribendum
2134 1910 2269 1955 esse
2311 1888 2466 1967 ξυμ
2485 1917 2625 1967 μα-

231 1997 497 2079 χίδος.
584 1995 824 2062 Eodem
888 1996 1078 2061 modo
1138 1992 1442 2061 Cobetus'
1479 1995 1750 2061 correxit
1820 1992 1907 2060 ΙΙ.
1967 1992 2007 2061 ’7
2071 1999 2290 2081 estque
2360 1998 2626 2065 fortasse

231 2111 558 2189 praeterea
617 2100 1064 2191 corrigendum
1125 2100 1207 2167 11.
1283 2100 1365 2167 10
1427 2107 1491 2169 et
1551 2100 1665 2169 IV.
1720 2100 1870 2169 118.
1941 2100 2181 2169 Itidem
2239 2102 2461 2169 eodem
2508 2104 2624 2171 illo

235 2212 441 2295 capite
493 2212 539 2273 I.
573 2208 701 2275 118
747 2210 814 2273 in
863 2209 1107 2275 verbis:
1158 2210 1261 2273 καὶ
1305 2209 1856 2289 παρακαλούμενος
1905 2206 2009 2272 καὶ
2052 2208 2413 2285 ἄκλητος
2452 2208 2626 2277 Thu-

233 2317 447 2403 cydidi
500 2314 790 2401 prodesse
836 2316 1070 2400 poterit
1115 2312 1239 2380 Dio
1285 2312 1545 2381 Cassius
1592 2313 1784 2380 LVII.
1836 2312 1912 2379 7:
1977 2314 2082 2379 καί
2133 2318 2623 2398 παρακαλούμε-

236 2446 323 2495 νος
376 2422 483 2486 ὑπ’
531 2422 732 2486 αὐτῶν
780 2421 884 2485 καὶ
935 2421 1529 2501 ἀπαράκλητος
1594 2442 1791 2507 esque
1839 2422 2154 2508 scriptura
2199 2423 2427 2489 itidem
2473 2445 2623 2492 oon-

233 2527 529 2596 firmatur
586 2528 919 2596 Plutarchi
961 2530 1346 2594 testimonio
1409 2527 1486 2594 de
1551 2527 1741 2615 Pyth.
1809 2548 1973 2594 orac.
2034 2549 2097 2614 p.
2166 2528 2296 2594 403
2356 2530 2444 2608 Β,
2511 2532 2623 2598 sed

236 2637 364 2700 iam
432 2641 582 2702 ante
641 2633 883 2700 multos
943 2653 1136 2700 annos
1183 2634 1278 2720 ad⁴
1309 2633 1581 2700 Dionem
1632 2629 1924 2700 Cassium
1971 2634 2092 2699 hoc
2141 2654 2245 2699 me
2292 2636 2624 2703 observare

235 2762 530 2808 memini.

325 2954 498 3020 Mire
567 2953 970 3020 dissuadetur
1039 2953 1094 3018 I.
1158 2951 1324 3019 12οε
1396 2953 1560 3029 μήτε
1636 2961 1714 3034 τῇ·
1784 2950 1953 3017 κατὰ
2017 2951 2289 3032 πόλεμον
2352 2955 2623 3038 εὐτυχίᾳ

243 3059 595 3134 ἐπαίρεσθαι
657 3061 821 3137 μήτε
885 3061 970 3140 τῷ
1037 3059 1273 3140 ἧσυχίῳ
1319 3065 1429 3132 τῆς
1479 3059 1707 3138 εἰρήνης
1761 3057 2077 3136 ἡδομένους
2124 3059 2623 3127 ἀδικεῖσθαι.

239 3162 572 3254 Significat
632 3166 751 3232 hoc
807 3167 1154 3232 secundum
1202 3169 1576 3250 interpretes
1621 3165 1849 3252 offendi
1891 3188 1953 3230 ee
1988 3172 2129 3248 pati
2171 3166 2363 3251 idque
2405 3187 2623 3232 neces-

237 3275 474 3338 sarium
539 3278 670 3349 est,
737 3275 791 3337 si
851 3275 1094 3340 sincera
1155 3277 1249 3338 est
1314 3271 1534 3346 lecti0,
1614 3272 1723 3338 sed
1786 3278 2021 3357 quanto
2082 3271 2443 3360 eleg-antius
2491 3255 2627 3338 ‘erit

240 3379 576 3444 rescribere
637 3376 1107 3458 οἰρκεῒσθαιί
1179 3378 1336 3446 Mox
1398 3377 1564 3442 illud
1624 3379 1677 3442 εἰ
1728 3377 2065 3462 ἡσυχάζοι,
2131 3379 2298 3464 quod
2346 3376 2625 3445 Gobetus

241 3487 580 3569 expunxit,
629 3487 845 3551 tuetur
894 3490 1106 3551 tamen
1155 3481 1466 3550 Stobaeus
1511 3482 1679 3550 Flor.
1732 3483 1838 3548 50.
1894 3483 1996 3549 13.
2063 3483 2187 3566 Qui
2232 3485 2625 3560 autem'nissd·

241 3611 412 3663 μενος
477 3591 798 3670 ἀρκεῖται,
857 3591 1078 3657 eodem
1135 3610 1321 3656 sensu
1345 3599 1348 3602 ’
1371 3607 1525 3654 mox
1568 3589 1807 3654 dicitur
1851 3589 1952 3654 διὰ
1999 3591 2108 3665 τὴν
2157 3590 2362 3667 ἡδονὴν
2408 3591 2623 3658 ὀκνεῖν.

247 3727 324 3744 --
373 3695 468 3762 De
516 3697 991 3762 extraordinario
1039 3697 1280 3762 tributo
1325 3694 1608 3762 solemne
1654 3699 1753 3760 est
1795 3697 2061 3762 verbum
2110 3695 2409 3777 εἰσφέρειν
2448 3696 2625 3763 inde-

243 3818 360 3883 que
405 3801 454 3868 Ι.
511 3801 634 3870 121
686 3805 997 3883 χρήματα
1043 3803 1516 3878 εἰσοίσομεν
1566 3800 1738 3867 malo
1786 3822 1975 3887 quem
2027 3800 2378 3880 οἴσομεν.
2454 3802 2623 3869 Tum

247 3912 525 3990 sequenti
585 3911 792 3996 capite
853 3907 1024 3974 malo
1085 3911 1313 3975 iterata
1379 3909 1841 3993 praepositione
1899 3911 2043 3972 κατ’
2094 3906 2225 3984 ἔθνη
2273 3909 2375 3974 καὶ
2425 3907 2624 3996 (καθ’)

245 4005 456 4082 {nacon
516 4012 638 4084 ἄςυ
702 4021 767 4082 et
828 4035 1006 4081 mox:
1077 4016 1185 4088 σὺν
1236 4008 1468 4094 ἧσσαν,
1522 4015 1570 4078 εἰ
1622 4013 1723 4078 καί
1776 4012 1958 4080 δεινόν
2006 4038 2090 4096 τῳ
2137 4017 2435 4094 οἰκοῦσαι,
2483 4015 2623 4084 ἰςω

249 4116 350 4181 οὐκ
395 4117 552 4188 ἄλλο
597 4145 659 4186 τι
706 4121 1009 4201 Φέρουσαν
1057 4122 1092 4200 ἢ
1137 4119 1420 4202 ἄντικρυς
1471 4120 1789 4198 δουλείαν,
1840 4119 2075 4187 vellem
2124 4123 2274 4189 boni
2319 4122 2473 4188 libri
2518 4123 2627 4188 ob-

250 4221 566 4314 tulissent,
611 4227 778 4314 quod
823 4230 1138 4296 sententia
1180 4228 1472 4316 flagitare
1521 4228 1813 4296 videtur:
1862 4225 1941 4297 1ς
1958 4252 2009 4294 ε.
