<?xml version="1.0" encoding="UTF-8"?>
<!DOCTYPE html PUBLIC "-//W3C//DTD XHTML 1.0 Transitional//EN"
    "http://www.w3.org/TR/xhtml1/DTD/xhtml1-transitional.dtd">
<html xmlns="http://www.w3.org/1999/xhtml" xml:lang="en" lang="en">
 <head>
  <title>
</title>
<meta http-equiv="Content-Type" content="text/html;charset=utf-8" />
  <meta name='ocr-system' content='tesseract 3.04.00' />
  <meta name='ocr-capabilities' content='ocr_page ocr_carea ocr_par ocr_line ocrx_word'/>
</head>
<body>
  <div class='ocr_page' id='page_1' title='image "./mnemosyne06servgoog_0494.png"; bbox 0 0 3150 5000; ppageno 0'>
   <div class='ocr_carea' id='block_1_1' title="bbox 537 268 1934 341">
    <p class='ocr_par' dir='ltr' id='par_1_1' title="bbox 537 268 1934 341">
     <span class='ocr_line' id='line_1_1' title="bbox 537 268 1934 341; baseline -0.001 -1"><span class='ocrx_word' id='word_1_1' title='bbox 537 268 625 341; x_wconf 87' lang='grc'><strong><em>16</em></strong></span> <span class='ocrx_word' id='word_1_2' title='bbox 920 312 923 320; x_wconf 92' lang='lat'>·</span> <span class='ocrx_word' id='word_1_3' title='bbox 1514 284 1934 341; x_wconf 67' lang='lat' dir='ltr'><strong><em>mmmmm.</em></strong></span> 
     </span>
    </p>
   </div>
   <div class='ocr_carea' id='block_1_2' title="bbox 529 452 2905 1280">
    <p class='ocr_par' dir='ltr' id='par_1_2' title="bbox 529 452 2905 1280">
     <span class='ocr_line' id='line_1_2' title="bbox 530 452 2896 546; baseline -0.003 -19"><span class='ocrx_word' id='word_1_4' title='bbox 530 459 663 527; x_wconf 90' lang='lat' dir='ltr'><strong>mel</strong></span> <span class='ocrx_word' id='word_1_5' title='bbox 706 460 931 546; x_wconf 87' lang='lat' dir='ltr'><strong>positis</strong></span> <span class='ocrx_word' id='word_1_6' title='bbox 974 457 1215 544; x_wconf 88' lang='lat' dir='ltr'><strong>reliqua</strong></span> <span class='ocrx_word' id='word_1_7' title='bbox 1253 457 1377 523; x_wconf 92' lang='lat' dir='ltr'><strong>loci</strong></span> <span class='ocrx_word' id='word_1_8' title='bbox 1416 458 1773 523; x_wconf 76' lang='lat' dir='ltr'><strong>emendatio</strong></span> <span class='ocrx_word' id='word_1_9' title='bbox 1811 478 1935 523; x_wconf 93' lang='lat' dir='ltr'><strong><em>non</em></strong></span> <span class='ocrx_word' id='word_1_10' title='bbox 1975 460 2070 523; x_wconf 88' lang='lat' dir='ltr'><strong><em>est</em></strong></span> <span class='ocrx_word' id='word_1_11' title='bbox 2095 454 2392 522; x_wconf 87' lang='lat' dir='ltr'><strong>difficilis.</strong></span> <span class='ocrx_word' id='word_1_12' title='bbox 2439 452 2896 541; x_wconf 83' lang='lat' dir='ltr'><strong>Interpolatum</strong></span> 
     </span>
     <span class='ocr_line' id='line_1_3' title="bbox 530 560 2902 650; baseline -0.003 -17"><span class='ocrx_word' id='word_1_13' title='bbox 530 572 628 633; x_wconf 88' lang='lat' dir='ltr'><strong><em>est</em></strong></span> <span class='ocrx_word' id='word_1_14' title='bbox 674 587 710 632; x_wconf 89' lang='lat' dir='ltr'><strong>a</strong></span> <span class='ocrx_word' id='word_1_15' title='bbox 757 566 963 631; x_wconf 91' lang='lat' dir='ltr'><strong>nescio</strong></span> <span class='ocrx_word' id='word_1_16' title='bbox 1010 582 1168 650; x_wconf 86' lang='lat' dir='ltr'><strong>quo:</strong></span> <span class='ocrx_word' id='word_1_17' title='bbox 1219 563 1252 638; x_wconf 74' lang='grc' dir='ltr'>ἢ</span> <span class='ocrx_word' id='word_1_18' title='bbox 1303 562 1696 639; x_wconf 77' lang='grc' dir='ltr'><strong><em>άμαθέςατοί</em></strong></span> <span class='ocrx_word' id='word_1_19' title='bbox 1742 564 1877 642; x_wconf 77' lang='grc' dir='ltr'><strong><em>ἐςε,</em></strong></span> <span class='ocrx_word' id='word_1_20' title='bbox 1926 569 1990 628; x_wconf 89' lang='lat' dir='ltr'><strong><em>et</em></strong></span> <span class='ocrx_word' id='word_1_21' title='bbox 2039 566 2292 649; x_wconf 87' lang='lat' dir='ltr'><strong>propter</strong></span> <span class='ocrx_word' id='word_1_22' title='bbox 2337 564 2602 630; x_wconf 82' lang='lat' dir='ltr'><strong>verbum</strong></span> <span class='ocrx_word' id='word_1_23' title='bbox 2647 562 2748 630; x_wconf 76' lang='grc' dir='ltr'><strong><em>ἐςε</em></strong></span> <span class='ocrx_word' id='word_1_24' title='bbox 2788 560 2902 627; x_wconf 87' lang='lat' dir='ltr'><strong>ali-</strong></span> 
     </span>
     <span class='ocr_line' id='line_1_4' title="bbox 529 668 2905 758; baseline -0.002 -21"><span class='ocrx_word' id='word_1_25' title='bbox 529 674 672 758; x_wconf 85' lang='lat' dir='ltr'><strong>quis</strong></span> <span class='ocrx_word' id='word_1_26' title='bbox 718 674 785 737; x_wconf 91' lang='lat' dir='ltr'><strong><em>in</em></strong></span> <span class='ocrx_word' id='word_1_27' title='bbox 834 670 1060 736; x_wconf 83' lang='lat' dir='ltr'>’AAA’</span> <span class='ocrx_word' id='word_1_28' title='bbox 1107 669 1236 746; x_wconf 77' lang='grc' dir='ltr'><strong><em>ἥτοι</em></strong></span> <span class='ocrx_word' id='word_1_29' title='bbox 1286 670 1365 735; x_wconf 89' lang='lat' dir='ltr'><strong>de</strong></span> <span class='ocrx_word' id='word_1_30' title='bbox 1410 689 1524 735; x_wconf 90' lang='lat' dir='ltr'><strong>suo</strong></span> <span class='ocrx_word' id='word_1_31' title='bbox 1571 669 1722 734; x_wconf 75' lang='grc' dir='ltr'><strong><em>αλλ’</em></strong></span> <span class='ocrx_word' id='word_1_32' title='bbox 1769 671 2056 736; x_wconf 85' lang='lat' dir='ltr'><strong>inseruit.</strong></span> <span class='ocrx_word' id='word_1_33' title='bbox 2129 668 2358 735; x_wconf 88' lang='lat' dir='ltr'><strong>Omnia</strong></span> <span class='ocrx_word' id='word_1_34' title='bbox 2420 690 2589 734; x_wconf 89' lang='lat' dir='ltr'><strong>nunc</strong></span> <span class='ocrx_word' id='word_1_35' title='bbox 2646 669 2905 755; x_wconf 79' lang='lat' dir='ltr'><strong>egregie</strong></span> 
     </span>
     <span class='ocr_line' id='line_1_5' title="bbox 530 773 2900 864; baseline -0.003 -20"><span class='ocrx_word' id='word_1_36' title='bbox 530 779 878 864; x_wconf 87' lang='lat' dir='ltr'><strong>composita</strong></span> <span class='ocrx_word' id='word_1_37' title='bbox 935 782 1085 842; x_wconf 87' lang='lat' dir='ltr'><strong>sunt</strong></span> <span class='ocrx_word' id='word_1_38' title='bbox 1145 780 1209 841; x_wconf 89' lang='lat' dir='ltr'><strong><em>st</em></strong></span> <span class='ocrx_word' id='word_1_39' title='bbox 1272 773 1666 841; x_wconf 84' lang='lat' dir='ltr'><strong>admirabilis</strong></span> <span class='ocrx_word' id='word_1_40' title='bbox 1728 781 1824 841; x_wconf 86' lang='lat' dir='ltr'><strong><em>est</em></strong></span> <span class='ocrx_word' id='word_1_41' title='bbox 1883 773 2008 841; x_wconf 92' lang='lat' dir='ltr'><strong>loci</strong></span> <span class='ocrx_word' id='word_1_42' title='bbox 2070 776 2454 841; x_wconf 77' lang='lat' dir='ltr'><strong>concinnitas</strong></span> <span class='ocrx_word' id='word_1_43' title='bbox 2509 780 2574 841; x_wconf 88' lang='lat' dir='ltr'><strong><em>et</em></strong></span> <span class='ocrx_word' id='word_1_44' title='bbox 2617 776 2900 859; x_wconf 85' lang='lat' dir='ltr'><strong>partium</strong></span> 
     </span>
     <span class='ocr_line' id='line_1_6' title="bbox 532 879 2901 967; baseline -0.003 -17"><span class='ocrx_word' id='word_1_45' title='bbox 532 892 906 965; x_wconf 67' lang='grc' dir='ltr'><strong><em>συμμετρία.</em></strong></span> <span class='ocrx_word' id='word_1_46' title='bbox 977 884 1301 950; x_wconf 80' lang='lat' dir='ltr'>Acerrime</span> <span class='ocrx_word' id='word_1_47' title='bbox 1358 901 1464 947; x_wconf 90' lang='lat' dir='ltr'><strong><em>eos</em></strong></span> <span class='ocrx_word' id='word_1_48' title='bbox 1519 883 1832 967; x_wconf 84' lang='lat' dir='ltr'><strong>increpat:</strong></span> <span class='ocrx_word' id='word_1_49' title='bbox 1879 879 1922 946; x_wconf 80' lang='grc' dir='ltr'><strong><em>ὦ</em></strong></span> <span class='ocrx_word' id='word_1_50' title='bbox 1972 880 2217 947; x_wconf 85' lang='grc' dir='ltr'><strong><em>πάντων</em></strong></span> <span class='ocrx_word' id='word_1_51' title='bbox 2263 880 2712 959; x_wconf 78' lang='grc' dir='ltr'><strong><em>άξυνετώτατοι</em></strong></span> <span class='ocrx_word' id='word_1_52' title='bbox 2739 916 2820 928; x_wconf 85' lang='lat'><strong><em>--</em></strong></span> <span class='ocrx_word' id='word_1_53' title='bbox 2851 880 2901 944; x_wconf 77' lang='grc' dir='ltr'><strong><em>εἷ</em></strong></span> 
     </span>
     <span class='ocr_line' id='line_1_7' title="bbox 529 986 2901 1073; baseline -0.002 -18"><span class='ocrx_word' id='word_1_54' title='bbox 529 992 620 1070; x_wconf 70' lang='grc' dir='ltr'><strong><em>μὴ</em></strong></span> <span class='ocrx_word' id='word_1_55' title='bbox 681 988 1024 1068; x_wconf 71' lang='grc' dir='ltr'><strong><em>μανθάνετε</em></strong></span> <span class='ocrx_word' id='word_1_56' title='bbox 1088 988 1257 1053; x_wconf 76' lang='grc' dir='ltr'><strong><em>κακοὶ</em></strong></span> <span class='ocrx_word' id='word_1_57' title='bbox 1304 986 1704 1066; x_wconf 80' lang='grc' dir='ltr'><strong><em>σπεύδοντες,</em></strong></span> <span class='ocrx_word' id='word_1_58' title='bbox 1753 988 1984 1072; x_wconf 88' lang='lat' dir='ltr'><strong>quibus</strong></span> <span class='ocrx_word' id='word_1_59' title='bbox 2031 988 2239 1053; x_wconf 86' lang='lat' dir='ltr'><strong>verbis</strong></span> <span class='ocrx_word' id='word_1_60' title='bbox 2285 986 2659 1073; x_wconf 85' lang='lat' dir='ltr'><strong>respondent</strong></span> <span class='ocrx_word' id='word_1_61' title='bbox 2709 987 2901 1051; x_wconf 77' lang='lat' dir='ltr'><strong>haec:</strong></span> 
     </span>
     <span class='ocr_line' id='line_1_8' title="bbox 529 1089 2901 1179; baseline -0.003 -16"><span class='ocrx_word' id='word_1_62' title='bbox 529 1094 683 1163; x_wconf 69' lang='grc' dir='ltr'><strong><em>ἀλλ’</em></strong></span> <span class='ocrx_word' id='word_1_63' title='bbox 733 1096 824 1162; x_wconf 80' lang='grc' dir='ltr'><strong><em>ἔτι</em></strong></span> <span class='ocrx_word' id='word_1_64' title='bbox 871 1095 975 1160; x_wconf 77' lang='grc' dir='ltr'><strong><em>καὶ</em></strong></span> <span class='ocrx_word' id='word_1_65' title='bbox 1024 1099 1124 1159; x_wconf 83' lang='grc' dir='ltr'><strong><em>νῦν</em></strong></span> <span class='ocrx_word' id='word_1_66' title='bbox 1168 1093 1467 1173; x_wconf 81' lang='grc' dir='ltr'><strong><em>μαθόντες</em></strong></span> <span class='ocrx_word' id='word_1_67' title='bbox 1508 1130 1597 1144; x_wconf 90' lang='grc'>-</span> <span class='ocrx_word' id='word_1_68' title='bbox 1639 1092 1899 1179; x_wconf 78' lang='grc' dir='ltr'><strong><em>αὔξετε,</em></strong></span> <span class='ocrx_word' id='word_1_69' title='bbox 1957 1099 2022 1159; x_wconf 87' lang='lat' dir='ltr'><strong><em>et</em></strong></span> <span class='ocrx_word' id='word_1_70' title='bbox 2067 1113 2213 1157; x_wconf 88' lang='lat' dir='ltr'><strong><em>cum</em></strong></span> <span class='ocrx_word' id='word_1_71' title='bbox 2261 1091 2505 1179; x_wconf 87' lang='lat' dir='ltr'><strong>reliqua</strong></span> <span class='ocrx_word' id='word_1_72' title='bbox 2551 1098 2732 1178; x_wconf 87' lang='lat' dir='ltr'><strong>parte</strong></span> <span class='ocrx_word' id='word_1_73' title='bbox 2777 1089 2901 1157; x_wconf 90' lang='lat' dir='ltr'><strong>loci</strong></span> 
     </span>
     <span class='ocr_line' id='line_1_9' title="bbox 534 1196 2900 1280; baseline -0.003 -11"><span class='ocrx_word' id='word_1_74' title='bbox 534 1204 569 1280; x_wconf 75' lang='grc' dir='ltr'>ἢ</span> <span class='ocrx_word' id='word_1_75' title='bbox 618 1205 980 1269; x_wconf 71' lang='grc' dir='ltr'><strong><em>ἀδικώτατοι</em></strong></span> <span class='ocrx_word' id='word_1_76' title='bbox 1030 1201 1080 1266; x_wconf 79' lang='grc' dir='ltr'><strong><em>εἶ</em></strong></span> <span class='ocrx_word' id='word_1_77' title='bbox 1129 1199 1351 1273; x_wconf 74' lang='grc' dir='ltr'><strong><em>εἰδότες</em></strong></span> <span class='ocrx_word' id='word_1_78' title='bbox 1402 1203 1682 1279; x_wconf 69' lang='grc' dir='ltr'><strong><em>τολμᾶτε</em></strong></span> <span class='ocrx_word' id='word_1_79' title='bbox 1730 1200 2070 1266; x_wconf 82' lang='lat' dir='ltr'><strong>concinunt</strong></span> <span class='ocrx_word' id='word_1_80' title='bbox 2113 1200 2266 1265; x_wconf 85' lang='lat' dir='ltr'><strong>haec</strong></span> <span class='ocrx_word' id='word_1_81' title='bbox 2305 1200 2339 1275; x_wconf 75' lang='grc' dir='ltr'>ἢ</span> <span class='ocrx_word' id='word_1_82' title='bbox 2381 1198 2805 1278; x_wconf 75' lang='grc' dir='ltr'><strong><em>μεταγνόντες</em></strong></span> <span class='ocrx_word' id='word_1_83' title='bbox 2831 1196 2900 1261; x_wconf 80' lang='grc' dir='ltr'><strong><em>τὸ</em></strong></span> 
     </span>
    </p>
   </div>
   <div class='ocr_carea' id='block_1_3' title="bbox 530 1308 1007 1385">
    <p class='ocr_par' dir='ltr' id='par_1_3' title="bbox 530 1308 1007 1385">
     <span class='ocr_line' id='line_1_10' title="bbox 530 1308 1007 1385; baseline -0.01 -8"><span class='ocrx_word' id='word_1_84' title='bbox 530 1309 715 1377; x_wconf 80' lang='grc' dir='ltr'><strong><em>κοινὸν</em></strong></span> <span class='ocrx_word' id='word_1_85' title='bbox 761 1308 1007 1385; x_wconf 80' lang='grc' dir='ltr'><strong><em>αὔξετε.</em></strong></span> 
     </span>
    </p>
   </div>
   <div class='ocr_carea' id='block_1_4' title="bbox 524 1518 2902 2345">
    <p class='ocr_par' dir='ltr' id='par_1_4' title="bbox 524 1518 2902 2345">
     <span class='ocr_line' id='line_1_11' title="bbox 618 1518 2900 1610; baseline -0.001 -21"><span class='ocrx_word' id='word_1_86' title='bbox 618 1520 907 1610; x_wconf 84' lang='lat' dir='ltr'><strong>Thucyd.</strong></span> <span class='ocrx_word' id='word_1_87' title='bbox 955 1520 1063 1588; x_wconf 84' lang='lat' dir='ltr'><strong><em>VI.</em></strong></span> <span class='ocrx_word' id='word_1_88' title='bbox 1113 1520 1222 1589; x_wconf 81' lang='lat'><strong><em>42.</em></strong></span> <span class='ocrx_word' id='word_1_89' title='bbox 1283 1520 1700 1603; x_wconf 79' lang='grc' dir='ltr'><strong><em>προῦπεμψαν</em></strong></span> <span class='ocrx_word' id='word_1_90' title='bbox 1743 1557 1824 1570; x_wconf 92' lang='grc'><strong><em>--</em></strong></span> <span class='ocrx_word' id='word_1_91' title='bbox 1864 1528 2020 1603; x_wconf 83' lang='grc' dir='ltr'><strong><em>τρεῖς</em></strong></span> <span class='ocrx_word' id='word_1_92' title='bbox 2075 1524 2221 1593; x_wconf 82' lang='grc' dir='ltr'><strong><em>ναῦς</em></strong></span> <span class='ocrx_word' id='word_1_93' title='bbox 2269 1519 2621 1600; x_wconf 79' lang='grc' dir='ltr'><strong><em>εΞσομένΛΟ</em></strong></span> <span class='ocrx_word' id='word_1_94' title='bbox 2672 1518 2900 1593; x_wconf 78' lang='grc' dir='ltr'><strong><em>αἵτινες</em></strong></span> 
     </span>
     <span class='ocr_line' id='line_1_12' title="bbox 528 1624 2898 1711; baseline -0.001 -16"><span class='ocrx_word' id='word_1_95' title='bbox 528 1634 703 1711; x_wconf 67' lang='grc' dir='ltr'><strong><em>σφοῖς</em></strong></span> <span class='ocrx_word' id='word_1_96' title='bbox 750 1631 867 1693; x_wconf 82' lang='grc' dir='ltr'><strong><em>τῶν</em></strong></span> <span class='ocrx_word' id='word_1_97' title='bbox 912 1628 1145 1695; x_wconf 78' lang='grc' dir='ltr'><strong><em>πόλεων</em></strong></span> <span class='ocrx_word' id='word_1_98' title='bbox 1192 1628 1481 1707; x_wconf 78' lang='grc' dir='ltr'><strong><em>δέξονται.</em></strong></span> <span class='ocrx_word' id='word_1_99' title='bbox 1544 1624 1842 1694; x_wconf 81' lang='lat' dir='ltr'><strong>Graeculi</strong></span> <span class='ocrx_word' id='word_1_100' title='bbox 1889 1625 2070 1692; x_wconf 88' lang='lat' dir='ltr'><strong>nullo</strong></span> <span class='ocrx_word' id='word_1_101' title='bbox 2115 1626 2303 1692; x_wconf 88' lang='lat' dir='ltr'><strong>modo</strong></span> <span class='ocrx_word' id='word_1_102' title='bbox 2350 1630 2418 1695; x_wconf 88' lang='lat' dir='ltr'><strong><em>in</em></strong></span> <span class='ocrx_word' id='word_1_103' title='bbox 2464 1630 2758 1695; x_wconf 80' lang='lat' dir='ltr'><strong>animum</strong></span> <span class='ocrx_word' id='word_1_104' title='bbox 2799 1630 2898 1693; x_wconf 84' lang='lat' dir='ltr'><strong><em>in-</em></strong></span> 
     </span>
     <span class='ocr_line' id='line_1_13' title="bbox 528 1733 2900 1821; baseline -0.002 -18"><span class='ocrx_word' id='word_1_105' title='bbox 528 1736 757 1803; x_wconf 89' lang='lat' dir='ltr'><strong>ducere</strong></span> <span class='ocrx_word' id='word_1_106' title='bbox 808 1741 1097 1821; x_wconf 87' lang='lat' dir='ltr'><strong>poterant</strong></span> <span class='ocrx_word' id='word_1_107' title='bbox 1160 1734 1288 1800; x_wconf 89' lang='lat' dir='ltr'><strong>dici</strong></span> <span class='ocrx_word' id='word_1_108' title='bbox 1345 1754 1525 1821; x_wconf 87' lang='lat' dir='ltr'><strong>posse</strong></span> <span class='ocrx_word' id='word_1_109' title='bbox 1587 1742 1744 1813; x_wconf 81' lang='grc' dir='ltr'><strong><em>τρεῖς</em></strong></span> <span class='ocrx_word' id='word_1_110' title='bbox 1809 1738 1954 1807; x_wconf 81' lang='grc' dir='ltr'><strong><em>ναῢς</em></strong></span> <span class='ocrx_word' id='word_1_111' title='bbox 2014 1733 2455 1811; x_wconf 75' lang='grc' dir='ltr'><strong><em>εἷσομένΟΤΟ,</em></strong></span> <span class='ocrx_word' id='word_1_112' title='bbox 2503 1736 2724 1819; x_wconf 83' lang='lat' dir='ltr'><strong>itaque</strong></span> <span class='ocrx_word' id='word_1_113' title='bbox 2771 1754 2900 1800; x_wconf 86' lang='lat' dir='ltr'><strong>cor·</strong></span> 
     </span>
     <span class='ocr_line' id='line_1_14' title="bbox 526 1838 2898 1920; baseline -0.003 -11"><span class='ocrx_word' id='word_1_114' title='bbox 526 1850 825 1909; x_wconf 83' lang='lat' dir='ltr'><strong>rexerunt</strong></span> <span class='ocrx_word' id='word_1_115' title='bbox 870 1840 1112 1907; x_wconf 85' lang='lat' dir='ltr'><strong>scilicet</strong></span> <span class='ocrx_word' id='word_1_116' title='bbox 1154 1839 1526 1916; x_wconf 72' lang='grc' dir='ltr'><strong><em>εἷσομένΛΟ.</em></strong></span> <span class='ocrx_word' id='word_1_117' title='bbox 1601 1840 1742 1905; x_wconf 90' lang='lat' dir='ltr'><strong>Non</strong></span> <span class='ocrx_word' id='word_1_118' title='bbox 1800 1840 2153 1906; x_wconf 78' lang='lat' dir='ltr'><strong>sentiebant</strong></span> <span class='ocrx_word' id='word_1_119' title='bbox 2199 1840 2307 1915; x_wconf 68' lang='grc' dir='ltr'><strong><em>την</em></strong></span> <span class='ocrx_word' id='word_1_120' title='bbox 2355 1838 2499 1920; x_wconf 81' lang='grc' dir='ltr'><strong><em>πρὸς</em></strong></span> <span class='ocrx_word' id='word_1_121' title='bbox 2545 1840 2616 1905; x_wconf 78' lang='grc' dir='ltr'><strong><em>τὸ</em></strong></span> <span class='ocrx_word' id='word_1_122' title='bbox 2665 1862 2898 1919; x_wconf 89' lang='grc' dir='ltr'><strong><em>σημαι-</em></strong></span> 
     </span>
     <span class='ocr_line' id='line_1_15' title="bbox 527 1945 2900 2034; baseline -0.002 -19"><span class='ocrx_word' id='word_1_123' title='bbox 527 1948 767 2028; x_wconf 76' lang='grc' dir='ltr'><strong><em>νόμενον</em></strong></span> <span class='ocrx_word' id='word_1_124' title='bbox 827 1946 1115 2022; x_wconf 76' lang='grc' dir='ltr'><strong><em>σύνταξιν</em></strong></span> <span class='ocrx_word' id='word_1_125' title='bbox 1176 1947 1411 2032; x_wconf 88' lang='lat' dir='ltr'><strong>ubique</strong></span> <span class='ocrx_word' id='word_1_126' title='bbox 1463 1966 1596 2012; x_wconf 89' lang='lat' dir='ltr'><strong>esse</strong></span> <span class='ocrx_word' id='word_1_127' title='bbox 1657 1948 2068 2013; x_wconf 86' lang='lat' dir='ltr'><strong>necessariam</strong></span> <span class='ocrx_word' id='word_1_128' title='bbox 2091 1993 2107 2024; x_wconf 87' lang='lat'>‚</span> <span class='ocrx_word' id='word_1_129' title='bbox 2174 1947 2286 2011; x_wconf 90' lang='lat' dir='ltr'><strong>ubi</strong></span> <span class='ocrx_word' id='word_1_130' title='bbox 2333 1967 2406 2012; x_wconf 89' lang='lat' dir='ltr'><strong>ea</strong></span> <span class='ocrx_word' id='word_1_131' title='bbox 2450 1945 2747 2034; x_wconf 81' lang='lat' dir='ltr'><strong>neglecta</strong></span> <span class='ocrx_word' id='word_1_132' title='bbox 2793 1967 2900 2012; x_wconf 83' lang='lat' dir='ltr'><strong>na-</strong></span> 
     </span>
     <span class='ocr_line' id='line_1_16' title="bbox 526 2051 2900 2140; baseline -0.002 -19"><span class='ocrx_word' id='word_1_133' title='bbox 526 2061 805 2121; x_wconf 85' lang='lat' dir='ltr'><strong>sceretur</strong></span> <span class='ocrx_word' id='word_1_134' title='bbox 840 2056 1151 2120; x_wconf 86' lang='lat' dir='ltr'><strong>sententia</strong></span> <span class='ocrx_word' id='word_1_135' title='bbox 1189 2074 1335 2118; x_wconf 91' lang='lat' dir='ltr'><strong><em>cum</em></strong></span> <span class='ocrx_word' id='word_1_136' title='bbox 1377 2073 1587 2118; x_wconf 88' lang='lat' dir='ltr'><strong>rerum</strong></span> <span class='ocrx_word' id='word_1_137' title='bbox 1613 2058 1839 2120; x_wconf 85' lang='lat' dir='ltr'><strong>natura</strong></span> <span class='ocrx_word' id='word_1_138' title='bbox 1861 2074 2170 2140; x_wconf 83' lang='lat' dir='ltr'><strong>pugnans.</strong></span> <span class='ocrx_word' id='word_1_139' title='bbox 2197 2051 2256 2118; x_wconf 89' lang='grc' dir='ltr'><strong>Ν</strong></span> <span class='ocrx_word' id='word_1_140' title='bbox 2262 2074 2409 2119; x_wconf 82' lang='lat' dir='ltr'><strong>aves</strong></span> <span class='ocrx_word' id='word_1_141' title='bbox 2432 2056 2605 2139; x_wconf 81' lang='lat' dir='ltr'><strong>ipsae</strong></span> <span class='ocrx_word' id='word_1_142' title='bbox 2631 2054 2900 2120; x_wconf 81' lang='lat' dir='ltr'><strong>absurde</strong></span> 
     </span>
     <span class='ocr_line' id='line_1_17' title="bbox 527 2157 2902 2246; baseline -0.001 -19"><span class='ocrx_word' id='word_1_143' title='bbox 527 2162 827 2228; x_wconf 86' lang='lat' dir='ltr'><strong>dicuntur</strong></span> <span class='ocrx_word' id='word_1_144' title='bbox 868 2160 1086 2227; x_wconf 75' lang='grc' dir='ltr'><strong><em>εἰδέναι</em></strong></span> <span class='ocrx_word' id='word_1_145' title='bbox 1136 2183 1195 2226; x_wconf 85' lang='grc' dir='ltr'><strong><em>τι</em></strong></span> <span class='ocrx_word' id='word_1_146' title='bbox 1244 2160 1350 2227; x_wconf 82' lang='lat' dir='ltr'><strong>vel</strong></span> <span class='ocrx_word' id='word_1_147' title='bbox 1392 2157 1683 2225; x_wconf 74' lang='grc' dir='ltr'><strong><em>εἴσεσθαι.</em></strong></span> <span class='ocrx_word' id='word_1_148' title='bbox 1732 2158 1828 2227; x_wconf 84' lang='lat' dir='ltr'><strong><em>Of.</em></strong></span> <span class='ocrx_word' id='word_1_149' title='bbox 1877 2182 2008 2246; x_wconf 86' lang='lat' dir='ltr'><strong>cap.</strong></span> <span class='ocrx_word' id='word_1_150' title='bbox 2063 2161 2170 2227; x_wconf 87' lang='lat'><strong><em>44.</em></strong></span> <span class='ocrx_word' id='word_1_151' title='bbox 2217 2160 2429 2227; x_wconf 75' lang='grc' dir='ltr'><strong><em>πολλοὶ</em></strong></span> <span class='ocrx_word' id='word_1_152' title='bbox 2473 2162 2536 2226; x_wconf 85' lang='grc' dir='ltr'><strong><em>δὲ</em></strong></span> <span class='ocrx_word' id='word_1_153' title='bbox 2577 2162 2682 2227; x_wconf 81' lang='grc' dir='ltr'><strong><em>καὶ</em></strong></span> <span class='ocrx_word' id='word_1_154' title='bbox 2725 2159 2902 2227; x_wconf 77' lang='grc' dir='ltr'><strong><em>ἄλλα</em></strong></span> 
     </span>
     <span class='ocr_line' id='line_1_18' title="bbox 524 2258 2060 2345; baseline -0.001 -12"><span class='ocrx_word' id='word_1_155' title='bbox 524 2276 721 2334; x_wconf 75' lang='grc' dir='ltr'><strong><em>πλοῖα</em></strong></span> <span class='ocrx_word' id='word_1_156' title='bbox 767 2268 871 2333; x_wconf 76' lang='grc' dir='ltr'><strong><em>καὶ</em></strong></span> <span class='ocrx_word' id='word_1_157' title='bbox 920 2265 1177 2341; x_wconf 77' lang='grc' dir='ltr'><strong><em>ὁλκάδες</em></strong></span> <span class='ocrx_word' id='word_1_158' title='bbox 1225 2264 1516 2332; x_wconf 62' lang='lat' dir='ltr'><strong>Exodo-101</strong></span> <span class='ocrx_word' id='word_1_159' title='bbox 1564 2258 2060 2345; x_wconf 51' lang='grc' dir='ltr'><strong><em>ξυνηκολούθουν.ὁ</em></strong></span> 
     </span>
    </p>
   </div>
   <div class='ocr_carea' id='block_1_5' title="bbox 524 2477 2896 3208">
    <p class='ocr_par' dir='ltr' id='par_1_5' title="bbox 524 2477 2896 2883">
     <span class='ocr_line' id='line_1_19' title="bbox 618 2477 2894 2570; baseline -0.001 -23"><span class='ocrx_word' id='word_1_160' title='bbox 618 2479 904 2570; x_wconf 79' lang='lat' dir='ltr'><strong>Thucyd.</strong></span> <span class='ocrx_word' id='word_1_161' title='bbox 956 2479 1063 2548; x_wconf 87' lang='lat' dir='ltr'><strong><em>VI.</em></strong></span> <span class='ocrx_word' id='word_1_162' title='bbox 1111 2477 1218 2546; x_wconf 89' lang='grc'><strong><em>48.</em></strong></span> <span class='ocrx_word' id='word_1_163' title='bbox 1268 2478 1676 2559; x_wconf 78' lang='grc' dir='ltr'><strong><em>Ἀλκιβιάδης</em></strong></span> <span class='ocrx_word' id='word_1_164' title='bbox 1727 2483 1832 2548; x_wconf 82' lang='grc' dir='ltr'><strong><em>οὐκ</em></strong></span> <span class='ocrx_word' id='word_1_165' title='bbox 1882 2480 2002 2564; x_wconf 77' lang='grc' dir='ltr'><strong><em>ἔφη</em></strong></span> <span class='ocrx_word' id='word_1_166' title='bbox 2050 2488 2274 2564; x_wconf 77' lang='grc' dir='ltr'><strong><em>χρῆναι</em></strong></span> <span class='ocrx_word' id='word_1_167' title='bbox 2321 2482 2592 2565; x_wconf 71' lang='grc' dir='ltr'><strong><em>τοσαύτη</em></strong></span> <span class='ocrx_word' id='word_1_168' title='bbox 2638 2480 2894 2560; x_wconf 85' lang='grc' dir='ltr'><strong><em>δυνάμει</em></strong></span> 
     </span>
     <span class='ocr_line' id='line_1_20' title="bbox 528 2587 2894 2673; baseline 0 -20"><span class='ocrx_word' id='word_1_169' title='bbox 528 2588 994 2660; x_wconf 76' lang='grc' dir='ltr'><strong><em>ἐκπλεύσαντας</em></strong></span> <span class='ocrx_word' id='word_1_170' title='bbox 1044 2587 1312 2670; x_wconf 78' lang='grc' dir='ltr'><strong><em>αἰσχρῶς</em></strong></span> <span class='ocrx_word' id='word_1_171' title='bbox 1363 2587 1527 2673; x_wconf 75' lang='grc' dir='ltr'><strong><em>[καὶ]</em></strong></span> <span class='ocrx_word' id='word_1_172' title='bbox 1572 2588 1922 2668; x_wconf 68' lang='grc' dir='ltr'><strong><em>ἀπράκτους</em></strong></span> <span class='ocrx_word' id='word_1_173' title='bbox 1968 2591 2280 2656; x_wconf 70' lang='grc' dir='ltr'><strong><em>ἀπελθεῖν.</em></strong></span> <span class='ocrx_word' id='word_1_174' title='bbox 2330 2590 2552 2656; x_wconf 87' lang='lat' dir='ltr'><strong>Nonne</strong></span> <span class='ocrx_word' id='word_1_175' title='bbox 2589 2593 2789 2656; x_wconf 83' lang='lat' dir='ltr'><strong>sentis</strong></span> <span class='ocrx_word' id='word_1_176' title='bbox 2829 2591 2894 2653; x_wconf 84' lang='lat' dir='ltr'><strong><em>in</em></strong></span> 
     </span>
     <span class='ocr_line' id='line_1_21' title="bbox 527 2692 2896 2781; baseline -0.001 -21"><span class='ocrx_word' id='word_1_177' title='bbox 527 2696 628 2761; x_wconf 90' lang='lat' dir='ltr'><strong><em>his</em></strong></span> <span class='ocrx_word' id='word_1_178' title='bbox 673 2695 965 2781; x_wconf 79' lang='lat' dir='ltr'><strong>copulam</strong></span> <span class='ocrx_word' id='word_1_179' title='bbox 1016 2696 1241 2761; x_wconf 85' lang='lat' dir='ltr'><strong>vitiose</strong></span> <span class='ocrx_word' id='word_1_180' title='bbox 1288 2692 1648 2761; x_wconf 78' lang='lat' dir='ltr'><strong>abundare?</strong></span> <span class='ocrx_word' id='word_1_181' title='bbox 1693 2694 1834 2776; x_wconf 73' lang='lat' dir='ltr'><strong><em>Hoc</em></strong></span> <span class='ocrx_word' id='word_1_182' title='bbox 1871 2699 2078 2780; x_wconf 87' lang='lat' dir='ltr'><strong>ipsum</strong></span> <span class='ocrx_word' id='word_1_183' title='bbox 2123 2696 2192 2762; x_wconf 82' lang='grc' dir='ltr'><strong><em>τὸ</em></strong></span> <span class='ocrx_word' id='word_1_184' title='bbox 2228 2694 2578 2776; x_wconf 78' lang='grc' dir='ltr'><strong><em>άπράκτονς</em></strong></span> <span class='ocrx_word' id='word_1_185' title='bbox 2603 2700 2896 2762; x_wconf 82' lang='grc' dir='ltr'><strong><em>άπελθεῒν</em></strong></span> 
     </span>
     <span class='ocr_line' id='line_1_22' title="bbox 524 2799 1409 2883; baseline -0.002 -15"><span class='ocrx_word' id='word_1_186' title='bbox 524 2808 659 2869; x_wconf 86' lang='lat' dir='ltr'><strong>erat</strong></span> <span class='ocrx_word' id='word_1_187' title='bbox 706 2802 982 2883; x_wconf 74' lang='grc' dir='ltr'><strong><em>αἰσχρόν.</em></strong></span> <span class='ocrx_word' id='word_1_188' title='bbox 1054 2799 1409 2867; x_wconf 80' lang='lat' dir='ltr'><strong>Homerus:</strong></span> 
     </span>
    </p>

    <p class='ocr_par' dir='ltr' id='par_1_6' title="bbox 888 2905 2521 2990">
     <span class='ocr_line' id='line_1_23' title="bbox 888 2905 2521 2990; baseline 0.004 -18"><span class='ocrx_word' id='word_1_189' title='bbox 888 2906 1143 2990; x_wconf 79' lang='grc' dir='ltr'><strong><em>αἰσχρόν</em></strong></span> <span class='ocrx_word' id='word_1_190' title='bbox 1188 2932 1275 2973; x_wconf 87' lang='grc' dir='ltr'><strong><em>τοι</em></strong></span> <span class='ocrx_word' id='word_1_191' title='bbox 1326 2905 1492 2988; x_wconf 80' lang='grc' dir='ltr'><strong><em>δηρόν</em></strong></span> <span class='ocrx_word' id='word_1_192' title='bbox 1539 2933 1610 2973; x_wconf 86' lang='grc' dir='ltr'><strong><em>τε</em></strong></span> <span class='ocrx_word' id='word_1_193' title='bbox 1659 2908 1859 2986; x_wconf 80' lang='grc' dir='ltr'><strong><em>μένειν</em></strong></span> <span class='ocrx_word' id='word_1_194' title='bbox 1906 2909 2102 2976; x_wconf 79' lang='grc' dir='ltr'><strong><em>κενεόν</em></strong></span> <span class='ocrx_word' id='word_1_195' title='bbox 2149 2934 2220 2975; x_wconf 89' lang='grc' dir='ltr'><strong><em>τε</em></strong></span> <span class='ocrx_word' id='word_1_196' title='bbox 2267 2911 2521 2978; x_wconf 75' lang='grc' dir='ltr'><strong><em>νέεσθαι.</em></strong></span> 
     </span>
    </p>

    <p class='ocr_par' dir='ltr' id='par_1_7' title="bbox 614 3013 2895 3103">
     <span class='ocr_line' id='line_1_24' title="bbox 614 3013 2895 3103; baseline -0.002 -22"><span class='ocrx_word' id='word_1_197' title='bbox 614 3016 909 3103; x_wconf 82' lang='lat' dir='ltr'><strong>Negabat</strong></span> <span class='ocrx_word' id='word_1_198' title='bbox 969 3013 1326 3080; x_wconf 77' lang='lat' dir='ltr'><strong>Alcibiades</strong></span> <span class='ocrx_word' id='word_1_199' title='bbox 1388 3020 1671 3099; x_wconf 81' lang='lat' dir='ltr'><strong>oportere</strong></span> <span class='ocrx_word' id='word_1_200' title='bbox 1731 3037 1878 3080; x_wconf 89' lang='lat' dir='ltr'><strong><em>cum</em></strong></span> <span class='ocrx_word' id='word_1_201' title='bbox 1938 3021 2116 3082; x_wconf 85' lang='lat' dir='ltr'><strong>tanto</strong></span> <span class='ocrx_word' id='word_1_202' title='bbox 2178 3019 2458 3082; x_wconf 84' lang='lat' dir='ltr'><strong>exercitu</strong></span> <span class='ocrx_word' id='word_1_203' title='bbox 2522 3017 2782 3100; x_wconf 72' lang='lat' dir='ltr'><strong>turpiter</strong></span> <span class='ocrx_word' id='word_1_204' title='bbox 2833 3037 2895 3079; x_wconf 86' lang='lat' dir='ltr'><strong><em>re</em></strong></span> 
     </span>
    </p>

    <p class='ocr_par' dir='ltr' id='par_1_8' title="bbox 524 3119 2355 3208">
     <span class='ocr_line' id='line_1_25' title="bbox 524 3119 2355 3208; baseline 0 -22"><span class='ocrx_word' id='word_1_205' title='bbox 524 3123 757 3208; x_wconf 71' lang='lat' dir='ltr'><strong>infecta</strong></span> <span class='ocrx_word' id='word_1_206' title='bbox 801 3120 1059 3185; x_wconf 89' lang='lat' dir='ltr'><strong>domum</strong></span> <span class='ocrx_word' id='word_1_207' title='bbox 1111 3119 1312 3185; x_wconf 86' lang='lat' dir='ltr'><strong>redire</strong></span> <span class='ocrx_word' id='word_1_208' title='bbox 1332 3168 1347 3196; x_wconf 87' lang='lat'>,</span> <span class='ocrx_word' id='word_1_209' title='bbox 1395 3140 1521 3185; x_wconf 90' lang='lat' dir='ltr'><strong><em>non</em></strong></span> <span class='ocrx_word' id='word_1_210' title='bbox 1566 3121 1824 3204; x_wconf 74' lang='lat' dir='ltr'><strong>turpiter</strong></span> <span class='ocrx_word' id='word_1_211' title='bbox 1869 3141 1948 3187; x_wconf 73' lang='grc' dir='ltr'><strong><em>ΒΤ</em></strong></span> <span class='ocrx_word' id='word_1_212' title='bbox 1996 3145 2062 3186; x_wconf 83' lang='lat' dir='ltr'><strong>re</strong></span> <span class='ocrx_word' id='word_1_213' title='bbox 2105 3123 2355 3208; x_wconf 75' lang='lat' dir='ltr'><strong>infecta.</strong></span> 
     </span>
    </p>
   </div>
   <div class='ocr_carea' id='block_1_6' title="bbox 522 3319 2888 3526">
    <p class='ocr_par' dir='ltr' id='par_1_9' title="bbox 522 3319 2888 3526">
     <span class='ocr_line' id='line_1_26' title="bbox 616 3319 2888 3422; baseline 0.002 -23"><span class='ocrx_word' id='word_1_214' title='bbox 616 3319 1059 3420; x_wconf 76' lang='lat' dir='ltr'><strong>Thucyd.&#39;V1.</strong></span> <span class='ocrx_word' id='word_1_215' title='bbox 1109 3332 1216 3398; x_wconf 83' lang='lat'><strong><em>51.</em></strong></span> <span class='ocrx_word' id='word_1_216' title='bbox 1278 3334 1353 3406; x_wconf 77' lang='grc' dir='ltr'><strong><em>ὥς</em></strong></span> <span class='ocrx_word' id='word_1_217' title='bbox 1403 3328 1559 3398; x_wconf 77' lang='grc' dir='ltr'><strong><em>εἶδον</em></strong></span> <span class='ocrx_word' id='word_1_218' title='bbox 1607 3333 1676 3398; x_wconf 81' lang='grc' dir='ltr'><strong><em>τὸ</em></strong></span> <span class='ocrx_word' id='word_1_219' title='bbox 1723 3333 2047 3415; x_wconf 78' lang='grc' dir='ltr'><strong><em>ςράτευμα</em></strong></span> <span class='ocrx_word' id='word_1_220' title='bbox 2095 3334 2273 3401; x_wconf 81' lang='grc' dir='ltr'><strong><em>ἔνδον.</em></strong></span> <span class='ocrx_word' id='word_1_221' title='bbox 2345 3337 2548 3402; x_wconf 80' lang='lat' dir='ltr'><strong>Periit</strong></span> <span class='ocrx_word' id='word_1_222' title='bbox 2607 3336 2888 3422; x_wconf 81' lang='lat' dir='ltr'><strong>syllaba,</strong></span> 
     </span>
     <span class='ocr_line' id='line_1_27' title="bbox 522 3437 1541 3526; baseline -0.001 -21"><span class='ocrx_word' id='word_1_223' title='bbox 522 3460 671 3507; x_wconf 86' lang='lat' dir='ltr'><strong>nam</strong></span> <span class='ocrx_word' id='word_1_224' title='bbox 718 3437 1061 3526; x_wconf 82' lang='lat' dir='ltr'><strong>legendum</strong></span> <span class='ocrx_word' id='word_1_225' title='bbox 1110 3437 1325 3504; x_wconf 81' lang='grc' dir='ltr'><strong><em>ἔνδΟΝ</em></strong></span> <span class='ocrx_word' id='word_1_226' title='bbox 1368 3443 1541 3504; x_wconf 86' lang='grc' dir='ltr'><strong><em>ὌΝ.</em></strong></span> 
     </span>
    </p>
   </div>
   <div class='ocr_carea' id='block_1_7' title="bbox 520 3652 2886 4145">
    <p class='ocr_par' dir='ltr' id='par_1_10' title="bbox 520 3652 2886 4145">
     <span class='ocr_line' id='line_1_28' title="bbox 613 3652 2885 3747; baseline 0.001 -29"><span class='ocrx_word' id='word_1_227' title='bbox 613 3652 902 3740; x_wconf 82' lang='lat' dir='ltr'><strong>Thucyd.</strong></span> <span class='ocrx_word' id='word_1_228' title='bbox 965 3652 1068 3719; x_wconf 87' lang='lat' dir='ltr'><strong><em>VI.</em></strong></span> <span class='ocrx_word' id='word_1_229' title='bbox 1118 3653 1221 3720; x_wconf 85' lang='lat'><strong><em>53.</em></strong></span> <span class='ocrx_word' id='word_1_230' title='bbox 1288 3653 1855 3733; x_wconf 68' lang='grc' dir='ltr'><strong><em>καταλαμβάνουσι</em></strong></span> <span class='ocrx_word' id='word_1_231' title='bbox 1917 3656 2026 3729; x_wconf 72' lang='grc' dir='ltr'><strong><em>την</em></strong></span> <span class='ocrx_word' id='word_1_232' title='bbox 2089 3657 2488 3736; x_wconf 77' lang='grc' dir='ltr'><strong><em>Σαλαμινίαν</em></strong></span> <span class='ocrx_word' id='word_1_233' title='bbox 2549 3659 2752 3747; x_wconf 79' lang='grc' dir='ltr'><strong><em>[ναῦν]</em></strong></span> <span class='ocrx_word' id='word_1_234' title='bbox 2825 3659 2885 3722; x_wconf 78' lang='grc' dir='ltr'><strong><em>ἐκ</em></strong></span> 
     </span>
     <span class='ocr_line' id='line_1_29' title="bbox 523 3759 2877 3849; baseline 0.002 -25"><span class='ocrx_word' id='word_1_235' title='bbox 523 3763 639 3824; x_wconf 79' lang='grc' dir='ltr'><strong><em>τῶν</em></strong></span> <span class='ocrx_word' id='word_1_236' title='bbox 707 3759 965 3834; x_wconf 83' lang='grc' dir='ltr'><strong><em>Ἀθηνῶν</em></strong></span> <span class='ocrx_word' id='word_1_237' title='bbox 1025 3760 1285 3838; x_wconf 71' lang='grc' dir='ltr'><strong><em>ἤκουσαν</em></strong></span> <span class='ocrx_word' id='word_1_238' title='bbox 1346 3761 1451 3826; x_wconf 77' lang='grc' dir='ltr'><strong><em>ἐπί</em></strong></span> <span class='ocrx_word' id='word_1_239' title='bbox 1513 3785 1584 3825; x_wconf 92' lang='grc' dir='ltr'><strong><em>τε</em></strong></span> <span class='ocrx_word' id='word_1_240' title='bbox 1652 3759 2062 3836; x_wconf 82' lang='grc' dir='ltr'><strong><em>’Λλκιβιάδην</em></strong></span> <span class='ocrx_word' id='word_1_241' title='bbox 2128 3761 2246 3849; x_wconf 76' lang='grc' dir='ltr'><strong><em>[ὦς’</em></strong></span> <span class='ocrx_word' id='word_1_242' title='bbox 2277 3763 2680 3836; x_wconf 81' lang='grc' dir='ltr'><strong><em>κελεύσοντας</em></strong></span> <span class='ocrx_word' id='word_1_243' title='bbox 2732 3766 2877 3831; x_wconf 79' lang='grc' dir='ltr'><strong><em>άπο·</em></strong></span> 
     </span>
     <span class='ocr_line' id='line_1_30' title="bbox 522 3866 2886 3956; baseline 0 -24"><span class='ocrx_word' id='word_1_244' title='bbox 522 3867 730 3951; x_wconf 82' lang='grc' dir='ltr'><strong><em>πλεῖν]</em></strong></span> <span class='ocrx_word' id='word_1_245' title='bbox 779 3903 859 3914; x_wconf 95' lang='grc'>-</span> <span class='ocrx_word' id='word_1_246' title='bbox 896 3868 1000 3931; x_wconf 77' lang='grc' dir='ltr'><strong><em>καὶ</em></strong></span> <span class='ocrx_word' id='word_1_247' title='bbox 1050 3869 1149 3930; x_wconf 78' lang='grc' dir='ltr'><strong><em>ἐπ’</em></strong></span> <span class='ocrx_word' id='word_1_248' title='bbox 1196 3866 1425 3939; x_wconf 76' lang='grc' dir='ltr'><strong><em>ἄλλους</em></strong></span> <span class='ocrx_word' id='word_1_249' title='bbox 1471 3867 1666 3938; x_wconf 83' lang='grc' dir='ltr'><strong><em>τινάς.</em></strong></span> <span class='ocrx_word' id='word_1_250' title='bbox 1737 3866 2032 3954; x_wconf 85' lang='lat' dir='ltr'><strong>Ineptum</strong></span> <span class='ocrx_word' id='word_1_251' title='bbox 2083 3868 2400 3935; x_wconf 88' lang='lat' dir='ltr'><strong>emblema</strong></span> <span class='ocrx_word' id='word_1_252' title='bbox 2444 3891 2634 3956; x_wconf 88' lang='lat' dir='ltr'><strong>supra</strong></span> <span class='ocrx_word' id='word_1_253' title='bbox 2683 3871 2886 3936; x_wconf 84' lang='lat' dir='ltr'><strong>redar-</strong></span> 
     </span>
     <span class='ocr_line' id='line_1_31' title="bbox 521 3971 2866 4061; baseline 0.001 -24"><span class='ocrx_word' id='word_1_254' title='bbox 521 3975 802 4060; x_wconf 79' lang='lat' dir='ltr'><strong>guimus.</strong></span> <span class='ocrx_word' id='word_1_255' title='bbox 872 3971 1275 4061; x_wconf 80' lang='lat' dir='ltr'><strong>Thucydides</strong></span> <span class='ocrx_word' id='word_1_256' title='bbox 1334 3994 1537 4060; x_wconf 87' lang='lat' dir='ltr'><strong>nsque</strong></span> <span class='ocrx_word' id='word_1_257' title='bbox 1582 3976 1659 4046; x_wconf 79' lang='grc' dir='ltr'><strong><em>ὥς</em></strong></span> <span class='ocrx_word' id='word_1_258' title='bbox 1709 3973 2053 4041; x_wconf 82' lang='lat' dir='ltr'><strong>addidisset</strong></span> <span class='ocrx_word' id='word_1_259' title='bbox 2097 3996 2297 4060; x_wconf 89' lang='lat' dir='ltr'><strong>neque</strong></span> <span class='ocrx_word' id='word_1_260' title='bbox 2344 3977 2536 4042; x_wconf 84' lang='lat' dir='ltr'><strong>verbo</strong></span> <span class='ocrx_word' id='word_1_261' title='bbox 2584 3977 2866 4041; x_wconf 80' lang='grc' dir='ltr'><strong><em>άποπλεΐ</em></strong></span> 
     </span>
     <span class='ocr_line' id='line_1_32' title="bbox 520 4077 1292 4145; baseline -0.001 -1"><span class='ocrx_word' id='word_1_262' title='bbox 520 4081 591 4144; x_wconf 91' lang='lat' dir='ltr'><strong><em>in</em></strong></span> <span class='ocrx_word' id='word_1_263' title='bbox 638 4077 753 4144; x_wconf 86' lang='lat' dir='ltr'><strong>tali</strong></span> <span class='ocrx_word' id='word_1_264' title='bbox 800 4099 868 4143; x_wconf 91' lang='lat' dir='ltr'><strong>re</strong></span> <span class='ocrx_word' id='word_1_265' title='bbox 912 4099 1066 4144; x_wconf 88' lang='lat' dir='ltr'><strong>usus</strong></span> <span class='ocrx_word' id='word_1_266' title='bbox 1112 4083 1292 4145; x_wconf 88' lang='lat' dir='ltr'><strong>esset.</strong></span> 
     </span>
    </p>
   </div>
   <div class='ocr_carea' id='block_1_8' title="bbox 614 4293 2888 4383">
    <p class='ocr_par' dir='ltr' id='par_1_11' title="bbox 614 4293 2888 4383">
     <span class='ocr_line' id='line_1_33' title="bbox 614 4293 2888 4383; baseline 0 -23"><span class='ocrx_word' id='word_1_267' title='bbox 614 4293 881 4380; x_wconf 80' lang='lat' dir='ltr'><strong>Thucyd</strong></span> <span class='ocrx_word' id='word_1_268' title='bbox 929 4293 1033 4360; x_wconf 87' lang='lat' dir='ltr'><strong><em>VI.</em></strong></span> <span class='ocrx_word' id='word_1_269' title='bbox 1086 4294 1190 4359; x_wconf 83' lang='lat'><strong><em>54.</em></strong></span> <span class='ocrx_word' id='word_1_270' title='bbox 1241 4295 1301 4358; x_wconf 76' lang='grc' dir='ltr'><strong><em>ἐν</em></strong></span> <span class='ocrx_word' id='word_1_271' title='bbox 1350 4293 1548 4375; x_wconf 77' lang='grc' dir='ltr'><strong><em>τρόπῳ</em></strong></span> <span class='ocrx_word' id='word_1_272' title='bbox 1595 4294 1660 4360; x_wconf 78' lang='grc' dir='ltr'><strong><em>δέ</em></strong></span> <span class='ocrx_word' id='word_1_273' title='bbox 1708 4319 1821 4359; x_wconf 91' lang='grc' dir='ltr'><strong><em>τινι</em></strong></span> <span class='ocrx_word' id='word_1_274' title='bbox 1871 4299 2112 4376; x_wconf 81' lang='grc' dir='ltr'><strong><em>άφανεῖ</em></strong></span> <span class='ocrx_word' id='word_1_275' title='bbox 2156 4297 2255 4383; x_wconf 81' lang='grc' dir='ltr'><strong><em>[ὥς</em></strong></span> <span class='ocrx_word' id='word_1_276' title='bbox 2306 4300 2370 4362; x_wconf 83' lang='grc' dir='ltr'><strong><em>οὖ</em></strong></span> <span class='ocrx_word' id='word_1_277' title='bbox 2422 4297 2524 4364; x_wconf 72' lang='grc' dir='ltr'><strong><em>διὰ</em></strong></span> <span class='ocrx_word' id='word_1_278' title='bbox 2570 4301 2749 4362; x_wconf 82' lang='grc' dir='ltr'><strong><em>τοῦτο</em></strong></span> <span class='ocrx_word' id='word_1_279' title='bbox 2791 4295 2888 4379; x_wconf 71' lang='grc' dir='ltr'><strong><em>δή]</em></strong></span> 
     </span>
    </p>
   </div>
   <div class='ocr_carea' id='block_1_9' title="bbox 523 4399 2887 4483">
    <p class='ocr_par' dir='ltr' id='par_1_12' title="bbox 523 4399 2887 4483">
     <span class='ocr_line' id='line_1_34' title="bbox 523 4399 2887 4483; baseline -0.001 -15"><span class='ocrx_word' id='word_1_280' title='bbox 523 4399 1016 4483; x_wconf 81' lang='grc' dir='ltr'><strong><em>παρεσκευάζετο</em></strong></span> <span class='ocrx_word' id='word_1_281' title='bbox 1076 4406 1506 4478; x_wconf 78' lang='grc' dir='ltr'><strong><em>προπηλακιῶν</em></strong></span> <span class='ocrx_word' id='word_1_282' title='bbox 1572 4399 1776 4465; x_wconf 74' lang='grc' dir='ltr'><strong><em>αὐτόν.</em></strong></span> <span class='ocrx_word' id='word_1_283' title='bbox 1851 4400 2054 4468; x_wconf 85' lang='lat' dir='ltr'><strong>Verba</strong></span> <span class='ocrx_word' id='word_1_284' title='bbox 2098 4403 2172 4472; x_wconf 78' lang='grc' dir='ltr'><strong><em>ὥς</em></strong></span> <span class='ocrx_word' id='word_1_285' title='bbox 2224 4405 2288 4468; x_wconf 82' lang='grc' dir='ltr'><strong><em>οὐ</em></strong></span> <span class='ocrx_word' id='word_1_286' title='bbox 2331 4402 2432 4467; x_wconf 75' lang='grc' dir='ltr'><strong><em>διά</em></strong></span> <span class='ocrx_word' id='word_1_287' title='bbox 2477 4407 2656 4468; x_wconf 83' lang='grc' dir='ltr'><strong><em>τοῦτο</em></strong></span> <span class='ocrx_word' id='word_1_288' title='bbox 2705 4402 2774 4479; x_wconf 72' lang='grc' dir='ltr'><strong><em>δή</em></strong></span> <span class='ocrx_word' id='word_1_289' title='bbox 2821 4403 2887 4466; x_wconf 88' lang='lat' dir='ltr'><strong><em>in</em></strong></span> 
     </span>
    </p>
   </div>
  </div>
 </body>
</html>
