3150 5000
552 257 685 325 302
1582 282 1918 332 Amuws

644 441 708 508 7.
760 443 823 508 6.
880 443 1193 520 „Romani
1243 444 1435 510 duces
1484 494 1543 510 ..
1572 495 1594 512 .
1641 443 1922 524 Gothos,
1971 449 2272 534 quicquid
2317 447 2704 513 molirentur
2743 467 2914 533 suga-

550 549 709 615 citer
770 551 1229 616 obseruabant:
1292 550 1361 616 id
1421 551 1666 617 scilicet
1707 561 2174 637 praestruentes
2217 561 2326 630 ut,
2372 555 2430 618 si
2473 552 2778 618 aliorsum
2823 572 2918 616 a·

550 663 683 722 stra
752 658 1103 722 mouissent
1151 704 1167 720 .
1198 705 1215 723 .
1242 707 1257 723 .
1306 665 1491 746 terga
1558 657 1936 725 ultimorum
1999 660 2204 726 adorti
2262 659 2476 745 plures
2537 659 2918 744 perfoderunt

548 761 939 828 confisi.”

640 867 787 934 Non
828 867 1139 956 intellego
1185 869 1525 935 confisi.
1574 871 1678 936 An
1722 870 1880 936 olim
1927 871 2238 958 scriptum
2279 872 2406 938 fuit
2449 869 2774 937 contis?

642 1083 705 1149 9.
756 1083 819 1148 4.
896 1083 1277 1170 „Perempto
1342 1083 1693 1158 Farnobio,
1757 1086 2102 1151 metuendo
2159 1086 2428 1151 antehac
2492 1088 2922 1151 incensore

550 1191 885 1256 turbarum
937 1239 955 1255 .
982 1241 999 1256 .
1027 1238 1043 1253 .
1092 1190 1541 1274 superstitibus
1589 1190 1938 1276 pepercit.”

644 1298 975 1363 Ammiani
1020 1301 1365 1382 perpetuus
1408 1295 1723 1360 scribendi
1761 1317 1914 1362 usus
1951 1297 2234 1381 postulat
2271 1304 2348 1362 ut
2385 1300 2746 1384 corrigatur
2781 1298 2846 1372 ‚i
2859 1318 2924 1359 n·

550 1413 892 1470 centore
938 1401 1327 1468 turbarum?
1373 1398 1473 1467 Cf.
1519 1400 1661 1465 XV.
1708 1403 1768 1467 1.
1815 1400 1860 1466 2
1907 1409 1972 1467 et
2014 1401 2140 1468 loci
2173 1405 2268 1468 ibi
2303 1424 2342 1470 a
2379 1402 2698 1490 Wagnero
2731 1404 2924 1467 citati„

646 1605 753 1672 10.
801 1605 911 1670 21.
982 1603 1389 1692 „Frigeridus
1448 1606 1704 1670 munire
1761 1607 2128 1690 properauit
2173 1604 2524 1672 Succorum
2569 1607 2928 1692 angustius,

548 1735 629 1780 ne
690 1711 1139 1779 discursatores
1196 1709 1409 1775 hostes
1474 1717 1539 1774 et
1595 1707 1772 1774 leues
1817 1717 2148 1794 tamquam
2195 1717 2804 1776 exaestuantes
2845 1713 2926 1774 ui

552 1825 977 1886 torrentes
1022 1837 1135 1903 per
1180 1811 1700 1901 septentrionales
1744 1817 2104 1899 prouincias
2147 1817 2354 1882 fusius
2397 1814 2844 1904 uagarentur.”

640 1924 718 1989 In
782 1923 927 1988 vat.
990 1929 1085 1987 est
1130 1927 1678 1986 exaestuares
1723 1931 1814 1984 ut
1859 1923 1941 1985 in
1987 1929 2435 1988 torrentes.
2500 1919 2764 1990 Gonicio
2805 1942 2926 1986 ex·

550 2031 1033 2098 aestuantis
1076 2029 1265 2092 uice
1312 2027 1748 2091 torrentis.

646 2231 753 2298 15.
804 2231 871 2296 6.
922 2229 1352 2310 „Intrinsecus
1397 2225 1688 2292 silicibus
1733 2229 1990 2315 magnis
2035 2229 2482 2295 obstrusae
2525 2235 2679 2293 sunt
2721 2235 2930 2314 portae

548 2348 615 2409 et
660 2342 991 2407 moenium
1044 2340 1259 2402 intuta
1306 2332 1625 2400 firmum

638 2447 767 2513 Pro
812 2447 1259 2514 obstrusae
1306 2439 1493 2507 facile
1542 2445 1806 2525 apparet
1851 2438 2192 2527 legendum
2243 2461 2382 2507 esse
2425 2441 2926 2509 obstructae.

639 2802 711 2867 In
754 2798 878 2867 fine
922 2800 1169 2885 aliquot
1216 2798 1529 2865 uocabula
1573 2799 1958 2865 enumerabo
1975 2847 1992 2881 ‚
2040 2819 2200 2883 quae
2239 2798 2442 2863 semel
2481 2804 2738 2864 tantum
2768 2796 2924 2882 apud

548 2910 965 2975 Ammianum
1030 2906 1355 2993 leguntur,
1414 2904 1521 2969 sed
1585 2912 1907 2990 praeterea
1967 2924 2282 2990 nusquam
2331 2904 2500 2989 apud
2547 2924 2923 2989 quemquam

546 3038 624 3082 ex
696 3012 1109 3097 scriptoribus
1172 3010 1457 3093 Latinis,
1521 3032 1840 3096 quaeque,
1903 3024 1978 3074 ut
2043 3032 2120 3075 ex
2169 3010 2570 3075 librariorum
2623 3011 2926 3076 erroribus

547 3126 716 3196 orta,
762 3138 842 3182 ex
889 3116 1143 3182 Lexicis
1190 3116 1470 3181 tollenda
1516 3136 1756 3181 censeo.

638 3222 1106 3291 Conmsmvs
1154 3222 1376 3287 adiect.
1432 3260 1513 3269 —
1564 3220 1772 3285 XXII.
1829 3218 1932 3285 16.
1985 3219 2104 3284 12:
2157 3219 2546 3306 „Serapeum
2599 3224 2780 3288 atriis
2824 3240 2928 3286 co·

544 3329 1010 3397 lumnariis
1078 3326 1497 3412 amplissimis
1560 3374 1577 3389 .
1609 3374 1671 3391 ..
1729 3332 1826 3391 est
1897 3326 2334 3391 exornatum-’⁹
2408 3363 2490 3376 —-
2563 3326 2924 3423 Legendum

546 3458 581 3502 c
598 3435 879 3501 olumn
896 3437 1015 3499 ati
1034 3456 1080 3499 s.

640 3636 1101 3704 Goruvansn.
1162 3674 1241 3685 —
1307 3635 1633 3701 XXVIII.
1702 3636 1734 3699 1
1745 3646 1782 3698 .“
1816 3636 1855 3698 4
1873 3660 1887 3697 :
1960 3632 2409 3720 „Phrynichus
2458 3685 2474 3700 .
2504 3685 2518 3701 .
2547 3684 2565 3702 .
2614 3636 2928 3722 paulisper

546 3744 822 3813 iucunde
871 3743 1127 3808 auditus
1146 3790 1162 3819 ,
1210 3762 1359 3806 cum
1409 3764 1443 3806 c
1460 3762 1497 3806 ο
1515 3748 1543 3803 t
1557 3742 1600 3805 h
1621 3761 1662 3804 u
1680 3762 1713 3804 r
1727 3764 1768 3805 n
1787 3761 1824 3805 a
1839 3744 1905 3805 ti
1927 3762 1969 3804 u
1987 3762 2018 3805 s
2055 3738 2244 3805 stilus
2281 3743 2646 3826 procederet
2694 3743 2772 3809 la
2785 3763 2820 3807 c
2837 3762 2868 3805 r
2881 3744 2926 3804 i-

547 3873 613 3916 m
633 3869 670 3915 o
686 3871 718 3913 s
736 3870 779 3913 u
796 3870 827 3913 s
844 3898 863 3931 ‚
926 3848 1367 3934 indignatione
1428 3847 1768 3912 damnatus
1829 3852 1926 3911 est
1971 3844 2263 3930 populi.”
2319 3886 2394 3897 -
2449 3848 2522 3914 L.
2578 3868 2770 3927 „cum
2817 3870 2850 3913 c
2863 3866 2928 3911 o-

547 3957 1004 4022 thurnatus
1049 3952 1237 4018 stilus
1283 3950 1644 4037 procederet
1691 3951 2188 4017 lacrimosiu
2207 3952 2302 4017 s.''

640 4154 1038 4224 Drvonmm.
1088 4192 1171 4202 —
1220 4152 1476 4219 XXVI.
1528 4153 1590 4216 4.
1635 4152 1693 4218 3.
1749 4151 2068 4240 „Indeque
2111 4177 2259 4221 cum
2305 4160 2590 4223 uenisset
2635 4155 2928 4225 Constan-

549 4260 920 4347 tinopolim,
984 4258 1193 4323 multa
1254 4280 1471 4325 secum
1532 4262 1668 4343 ipse
1727 4260 2246 4327 diuolueus.”
2297 4300 2380 4312 ——
2433 4262 2508 4329 L.
2573 4264 2716 4329 diu
2771 4262 2926 4329 uol-

548 4388 769 4435 uene
