3150 5000
599 255 734 322 292
1373 209 1375 214 ⁸
1672 277 1917 326 monuo·

595 460 721 505 non
760 439 1022 524 praedas
1066 445 1270 528 agunt
1293 487 1310 519 ,
1359 439 1468 505 sed
1524 439 1852 505 advehunt
1906 442 2083 526 ipsae
2146 441 2405 506 aliunde
2465 441 2579 505 aut
2639 443 2951 526 importata

594 547 933 629 accipiunt.
1011 545 1229 628 capere
1274 566 1388 631 pro
1433 565 1508 610 eo
1546 546 1715 630 quod
1756 551 1854 611 est
1892 547 2157 630 accipere
2198 546 2325 611 dici
2366 567 2493 612 non
2530 553 2775 632 potest3
2812 547 2951 632 quod

593 653 649 716 si
711 650 814 716 vel
877 653 1158 716 maxime
1221 657 1469 736 posset,
1534 673 1659 716 non
1713 659 1888 717 recta
1948 660 2113 717 esset
2174 653 2522 737 oppositio;
2585 673 2733 717 nam
2782 655 2951 717 etiam

591 762 937 842 importata
998 758 1414 841 accipiuntur.
1503 758 1564 823 N
1569 778 1639 822 ec
1702 759 2029 840 rapiuntur
2090 756 2492 824 commodam
2538 759 2800 842 praebet
2840 779 2951 822 sen·

490 949 496 956 ἡ
590 865 900 939 tentiam3
949 868 1198 947 raptare
1245 883 1366 927 non
1417 863 1588 928 cadit
1635 865 1701 927 in
1749 861 1897 929 illas
1946 866 2074 929 civ:
2058 867 2262 930 ‘.tates
2304 900 2391 916 -
2430 863 2765 948 Importare
2796 857 2953 928 voca-⁶

587 966 816 1033 bulum
862 970 1188 1053 proprium
1237 974 1333 1032 est
1373 968 1450 1033 de
1492 970 1813 1034 mercibus
1847 989 1886 1033 a
1924 972 2277 1056 peregrinis
2318 990 2434 1034 suo
2473 977 2681 1034 marte
2713 976 2779 1035 et
2816 971 2948 1054 peri·

588 1072 732 1138 culo
783 1073 1068 1138 advectis
1091 1119 1106 1150 ‚
1170 1079 1244 1137 ut
1303 1081 1611 1139 emtorem
1669 1076 2020 1139 inveniant.
2090 1074 2239 1140 Alia
2284 1076 2364 1139 ab
2413 1077 2569 1160 ipsis
2612 1077 2856 1140 civibus
2892 1077 2949 1137 in

587 1200 734 1244 suos
781 1199 933 1243 usus
979 1179 1250 1243 navibus
1296 1179 1643 1244 afferuntur
1689 1186 1800 1244 aut
1848 1199 1963 1244 suo
2003 1188 2223 1246 sumtu
2265 1189 2673 1244 arces-vantur.
2733 1181 2950 1268 Legen-

582 1284 738 1349 dum
787 1290 943 1368 puto
989 1305 1115 1349 una
1165 1283 1383 1349 littera
1431 1291 1683 1350 mutata
1730 1289 2062 1350 acciuntur.
2136 1285 2430 1351 Verbum
2480 1293 2675 1350 accire
2718 1308 2830 1371 pro
2862 1309 2948 1349 ar-

581 1391 853 1454 cessendo
901 1388 1236 1474 aliquoties
1284 1392 1498 1475 posuit
1543 1389 1786 1457 Cicero.
1859 1390 2073 1478 Vulgo
2124 1398 2469 1476 utrumque
2515 1414 2664 1459 cum
2716 1414 2947 1458 accusa-

582 1499 718 1561 tivo
773 1516 1074 1581 personae
1121 1498 1414 1583 iungitur
1463 1497 1706 1586 (regem
1732 1544 1747 1575 ‚
1796 1496 2074 1575 auxilia,
2127 1500 2365 1581 socios,
2412 1503 2668 1578 simm.;
2718 1499 2947 1566 Cicero:

581 1604 864 1667 accivero
924 1622 1186 1687 pueros,
1255 1605 1308 1666 si
1372 1603 1533 1689 (me)
1595 1605 1914 1689 acciet-it),
1978 1609 2045 1668 at
2092 1604 2159 1669 id
2208 1605 2276 1669 in
2328 1607 2667 1670 arcessendi
2710 1606 2945 1691 quidem

578 1708 806 1784 verbo,
872 1707 1038 1792 quod
1101 1711 1180 1773 ab
1245 1709 1520 1772 cociendo
1568 1729 1693 1774 non
1741 1707 1889 1794 plus
1935 1710 2139 1774 forma
2186 1709 2385 1775 distat
2431 1732 2625 1795 quam
2665 1713 2947 1798 facescere

578 1815 861 1878 lacescere
921 1835 958 1880 a
1009 1815 1182 1900 facio
1247 1820 1309 1878 et
1366 1814 1553 1898 lucio,
1602 1835 1725 1880 non
1774 1821 1868 1880 est
1914 1821 2314 1900 perpetuum.
2388 1815 2611 1882 Cicero
2657 1815 2832 1883 Verr.
2874 1815 2945 1882 V.

578 1921 664 1984 45
731 1941 886 1997 „nec
949 1923 1184 2004 poteris
1244 1940 1552 1985 arcessere
1616 1941 1715 1986 res
1778 1923 2229 1986 transmarinas
2275 1940 2358 1988 ex
2405 1925 2499 1987 eis
2544 1922 2737 1988 locis”
2784 1922 2945 2008 plane

577 2028 668 2090 sic
729 2031 805 2090 ut
863 2026 1057 2090 accire
1105 2025 1165 2089 h.
1197 2025 1238 2090 l.
1313 2023 1646 2090 Translate
1713 2026 2006 2104 „rivulus
2051 2029 2385 2092 arcessitus
2436 2029 2531 2112 [et
2576 2027 2833 2114 ductus]
2876 2025 2943 2092 ab

575 2133 717 2216 ipso
783 2133 990 2216 capite
1037 2130 1518 2206 accusationis’'‚
1573 2129 1746 2197 Cael.
1803 2131 1907 2197 19.
1980 2131 2164 2213 Quod
2210 2133 2291 2198 ad
2338 2131 2725 2198 firmandum
2776 2133 2944 2198 accire

573 2238 813 2323 aliquid
851 2238 929 2303 ad
971 2235 1268 2303 Tacitum
1309 2238 1502 2322 (Ann.
1543 2235 1660 2302 111.
1700 2236 1786 2302 27
1833 2240 2094 2316 „accitis
2132 2259 2293 2324 quae
2334 2259 2603 2323 usquam
2640 2235 2939 2325 egregia&

574 2353 638 2407 et
700 2341 1027 2408 Velleium
1090 2343 1208 2428 (ΙΙ.
1259 2342 1368 2408 38.
1421 2342 1493 2407 6:
1542 2345 1845 2428 mortem)
1895 2344 2399 2410 descendendum
2448 2349 2580 2428 est,
2628 2365 2781 2411 casu
2824 2342 2939 2408 fieri

572 2450 786 2534 potuit
841 2450 910 2513 in
971 2450 1164 2514 verbo
1226 2451 1478 2515 rariore.
1571 2447 1757 2519 Certe
1821 2451 1900 2515 ad
1950 2448 2441 2537 significandum
2492 2449 2558 2514 id
2606 2449 2779 2535 quod
2820 2449 2877 2514 h.
2900 2445 2937 2511 l.

570 2557 951 2640 requiritur,
1001 2554 1591 2635 μεταπέμψασθαι,
1642 2575 1767 2620 non
1814 2555 1989 2621 aliud
2031 2563 2343 2640 quantum
2383 2559 2533 2623 novi
2572 2562 2785 2621 exstat
2820 2574 2937 2619 ver·

568 2662 725 2725 bum
748 2711 765 2745 ,
827 2664 1126 2747 quoniam
1184 2683 1475 2727 arcessere
1520 2662 1717 2725 nimis
1763 2661 2061 2727 ductibus
2108 2662 2325 2728 distat.
2397 2661 2570 2728 Olim
2620 2660 2936 2745 metapho-

564 2768 695 2832 rica
757 2770 1072 2833 sententia
1119 2768 1315 2833 accire
1361 2765 1696 2853 legebatur
1764 2766 1885 2831 Fin
1934 2766 2011 2833 V.
2060 2764 2145 2832 93
2200 2770 2365 2845 „nisi
2410 2788 2484 2833 ea
2530 2769 2791 2851 (virtus)
2834 2784 2935 2831 vo-

562 2871 876 2957 luptatem
941 2873 1214 2937 acciret’'
1281 2880 1536 2957 propter
1600 2870 1947 2959 figuratum
2016 2894 2207 2937 usum
2270 2876 2487 2938 minus
2542 2894 2733 2958 quam
2782 2871 2935 2937 codi-

561 2998 705 3042 cum
755 2976 1089 3043 lectionem
1139 2984 1542 3062 suspectum3
1586 2978 1828 3063 faceret
1875 2976 2066 3043 Klotz
2114 2986 2180 3043 et
2227 2978 2340 3042 alii
2360 3026 2375 3054 ,
2416 2986 2645 3043 crearet
2688 2976 2931 3050 Halm,

557 3081 666 3146 sed
730 3101 767 3146 a
823 3081 1094 3147 lectione
1141 3083 1319 3149 codd.
1372 3084 1671 3165 voluptate
1717 3091 2005 3167 maceret,
2057 3104 2217 3149 corr.
2266 3089 2569 3167 voluptate
2611 3099 2933 3149 Mammam·

555 3188 846 3272 proprius
893 3187 1090 3252 distat
1136 3188 1491 3270 voluptatem
1535 3204 1946 3253 ancessnanr.
2012 3188 2231 3254 Virtus
2270 3209 2382 3273 pro
2418 3210 2680 3274 persona
2716 3199 2831 3253 est.
2858 3224 2929 3236 -

557 3289 760 3356 Paulo
823 3297 968 3356 ante
1029 3292 1431 3358 scribendum
1501 3302 1599 3359 est
1667 3293 2067 3379 „corruptela
2098 3314 2187 3364 ac
2233 3297 2601 3361 commutatio
2646 3291 2931 3360 morum'’

555 3417 667 3482 pro
731 3420 801 3460 ae
859 3398 1182 3462 demutatio
1243 3398 1319 3463 cf.
1389 3401 1424 3483 ᾖ
1493 3398 1532 3463 9
1604 3420 1803 3483 „quae
1863 3420 2053 3465 causa
2098 3403 2434 3485 perspicua
2478 3407 2577 3466 est
2622 3399 2925 3466 malorum

553 3506 1263 3590 commutationumque
1323 3502 1696 3571 Graeciae&
1787 3503 2015 3572 Altera
2074 3526 2301 3572 manus
2364 3508 2426 3593 (c
2494 3514 2607 3573 aut
2666 3505 2747 3585 cl,
2810 3526 2926 3571 non

552 3611 724 3673 enim
787 3616 1063 3695 constat,
1129 3610 1207 3676 cf.
1276 3610 1460 3696 Mau)
1525 3613 1836 3695 expunxit
1903 3610 2149 3677 litteras
2208 3630 2331 3688 1³23
2394 3613 2561 3697 quod
2623 3618 2813 3679 restat
2863 3634 2927 3675 ae

553 3722 798 3781 mutatio
859 3724 1081 3782 natum
1146 3717 1410 3782 videtur
1473 3737 1550 3781 ex
1612 3736 1685 3781 eo
1749 3709 1917 3801 quod
1966 3724 2062 3782 est
2108 3724 2456 3783 acomucotio
2508 3718 2695 3804 (vitio
2739 3720 2924 3803 scrip-

551 3825 695 3886 tum
741 3840 853 3905 pro
900 3821 1306 3908 aco‘n'mtatio).

645 4030 753 4096 11.
822 4029 1069 4097 Haereo
1113 4034 1182 4097 in
1231 4031 1446 4097 ordine
1491 4032 1869 4097 verborum:
1922 4034 2147 4110 „cuius
2192 4034 2420 4119 (urbis)
2464 4037 2521 4100 is
2558 4042 2657 4101 est
2692 4040 2920 4102 tractus

552 4137 904 4221 ductusque
967 4139 1137 4201 muri
1185 4174 1267 4185 -
1317 4158 1395 4202 ex
1451 4140 1628 4202 omni
1677 4144 1853 4222 parte
1900 4137 2116 4203 arduis
2162 4143 2644 4227 praeruptisque
2692 4141 2919 4209 monti-

549 4243 670 4308 bus
729 4249 798 4307 ut
853 4263 1018 4309 unus
1079 4242 1293 4307 aditus
1358 4246 1469 4327 qui
1535 4250 1698 4308 esset
1760 4280 1849 4294 -
1912 4244 2078 4310 fossa
2124 4247 2486 4333 cingeretur
2529 4251 2915 4331 vastissima,

549 4353 739 4434 atque
799 4355 866 4412 ut
927 4349 1019 4413 ita
1081 4349 1308 4412 manica
1354 4372 1468 4412 arx
1524 4350 1931 4415 circumiecto
1994 4350 2189 4415 arduo
2260 4356 2327 4416 et
2397 4356 2581 4437 quasi
2647 4356 2914 4421 circum-
