3150 5000
521 170 653 238 276
1537 189 1885 241 amesve.

520 355 703 423 uelut
749 355 1057 442 quaedam
1108 354 1347 423 uellera
1393 356 1775 423 molientes'’
1820 358 1864 423 i.
1891 377 1945 422 e.
1994 357 2065 421 ui
2103 355 2377 441 quadam
2419 353 2760 422 soluentes.
2808 353 2896 420 cf.

520 463 665 531 Liu.
716 463 1105 530 XXXVIII.
1160 463 1279 529 11:
1332 484 1568 542 „naues
1615 483 1652 528 a
1699 469 1867 528 terra
1907 462 2194 529 moliri.''

1537 711 1890 720 —————-—

1360 917 1381 936 e
1462 883 1666 950 Lmn
1709 882 1962 988 XXIV.

612 1083 672 1150 1.
727 1082 787 1147 1.
838 1080 1167 1159 „Iulianus
1210 1101 1503 1147 summae
1547 1085 1641 1147 rei
1683 1080 1875 1148 finem
1921 1067 2354 1168 inponendum
2401 1083 2722 1148 maturius
2771 1100 2904 1145 cre-

519 1191 705 1272 dens,
748 1194 1129 1255 extracta
1167 1191 1380 1274 quiete
1422 1193 1729 1255 nocturna
1767 1191 2168 1256 itinerarium
2194 1209 2413 1254 sonare
2437 1187 2635 1254 lituos
2660 1185 2907 1252 iubet-’⁹

611 1295 734 1361 Vix
803 1296 1026 1361 dubito
1044 1343 1062 1372 ,
1122 1297 1279 1382 quin
1341 1295 1698 1380 Imperator
1759 1303 2088 1362 maturans
2141 1296 2338 1362 lituos
2384 1315 2606 1360 sonare
2649 1293 2910 1359 iusserit

515 1424 641 1470 non
709 1407 1099 1468 extracta
1160 1404 1289 1469 i.e.
1355 1403 1425 1466 in
1472 1401 1742 1490 longum
1790 1408 2142 1488 protracta,
2189 1403 2300 1468 sed
2347 1406 2645 1468 exacta
2694 1402 2910 1487 quiete

515 1515 843 1577 nocturna.

612 1723 672 1787 1.
741 1719 847 1787 15.
920 1721 1247 1800 „Hostiles
1320 1742 1505 1810 agros
1574 1725 1753 1788 omni
1823 1723 2087 1810 frugum
2158 1743 2390 1810 genere
2459 1721 2696 1787 diuites
2759 1740 2908 1786 cum

517 1829 842 1916 segetibus
902 1833 968 1893 et
1011 1829 1291 1916 tuguriis
1334 1829 1726 1894 inflammari
1771 1831 2066 1915 permisit
2109 1831 2205 1895 ita
2249 1828 2510 1894 demum
2559 1848 2707 1892 cum
2759 1826 2910 1892 usui

517 1936 869 2000 necessaria
911 1934 1160 2000 abunde
1204 1935 1330 2000 sibi
1376 1938 1644 2022 quisque
1692 1933 2084 2024 collegisset,
2137 1941 2204 2001 et
2249 1934 2369 2001 hoc
2417 1934 2606 2000 modo
2653 1935 2909 2000 saucia-

518 2041 707 2107 batur
752 2041 925 2107 salus
970 2040 1254 2107 hostium
1293 2044 1650 2107 nesciorum
1678 2091 1695 2107 .
1724 2039 2060 2108 bellatores
2097 2043 2268 2108 enim
2303 2040 2577 2106 libenter
2599 2041 2910 2127 quaesitis

519 2147 759 2212 dextris
805 2149 1075 2232 propriis
1124 2147 1491 2226 utebantur,
1560 2167 1599 2214 a
1621 2148 1646 2212 l
1669 2150 1696 2212 i
1719 2168 1758 2214 a
1823 2150 2089 2213 uirtutis
2137 2169 2287 2214 suae
2355 2148 2399 2213 h
2425 2167 2462 2215 o
2484 2170 2518 2213 r
2537 2169 2570 2212 r
2594 2169 2629 2214 e
2652 2168 2691 2214 a
2758 2169 2905 2233 rep-

515 2254 751 2339 perisse
798 2252 1264 2334 existimantes,
1316 2259 1379 2320 et
1425 2252 1582 2320 laeti
1628 2253 1795 2339 quod
1841 2255 2015 2319 uitae
2062 2274 2310 2340 quoque
2355 2253 2660 2319 subsidiis
2701 2253 2906 2320 adflu-

516 2362 693 2423 entes
739 2357 1046 2424 alimenta
1092 2359 1427 2424 seruabant
1474 2380 1634 2445 quae
1682 2361 1966 2448 nauigiis
2013 2359 2472 2442 uehebantur,”

605 2464 749 2531 Non
795 2464 1100 2554 intellego
1148 2463 1320 2543 „alia
1363 2467 1624 2533 uirtutis
1671 2487 1821 2533 suae
1869 2466 2156 2547 horrea”‚
2205 2487 2320 2533 nec
2366 2465 2554 2533 nideo
2601 2487 2726 2553 quo
2763 2467 2906 2533 iure

514 2572 870 2660 Wagnerus
925 2570 1316 2637 contenderit
1374 2571 1696 2638 frumenta
1753 2572 2099 2661 significari
2143 2594 2295 2640 suae
2325 2575 2622 2659 'ipsorum
2669 2572 2903 2638 uirtuti

513 2681 748 2747 debita.
822 2676 1082 2745 Gonicio
1153 2700 1370 2745 ueram
1442 2678 1782 2745 lectionem
1854 2700 1989 2745 esse
2053 2680 2352 2757 „aliam
2417 2680 2484 2759 (i.
2515 2702 2569 2745 e.
2637 2678 2901 2763 nouam)

513 2788 780 2853 uirtutis
824 2806 975 2851 suae
1023 2784 1464 2851 lauream.''
2171 2784 2186 2808 ⁸

605 3000 668 3068 2.
714 2998 781 3067 8.
850 2998 1254 3077 „Auxiliares
1300 2998 1379 3066 ad
1427 3019 1754 3066 cursuram
1802 2998 2156 3079 leuissimi,
2205 3000 2727 3089 fugientiumque
2773 3019 2900 3065 cer-

512 3109 765 3173 uicibus
808 3107 1173 3171 insistent-es
1222 3106 1385 3191 [eos]
1435 3104 1680 3174 laniatu
1725 3108 1948 3172 auium
1997 3108 2540 3193 prostrauerunt.”

604 3213 729 3279 Hic
775 3234 1024 3299 quoque
1070 3233 1305 3279 errasse
1351 3213 1517 3278 mihi
1562 3214 1822 3279 uidetur
1858 3212 2242 3301 Wagnerus,
2283 3214 2398 3279 ubi
2433 3211 2670 3278 ultima
2704 3212 2900 3279 uerba

508 3323 603 3385 ita
669 3322 1122 3405 interpretatus
1190 3324 1287 3385 est
1356 3323 1536 3404 quasi
1597 3320 2011 3409 intellegant:
2068 3321 2241 3386 haud
2285 3340 2465 3385 secus
2511 3325 2704 3406 atque
2749 3340 2899 3385 aues

510 3446 765 3511 rapaces
809 3432 1137 3511 capturam
1187 3445 1291 3491 eos
1338 3430 1835 3511 prostrauerunt.
1883 3426 2110 3492 Potius
2157 3424 2536 3491 crediderim
2579 3423 2897 3509 „laniatu”

510 3532 804 3598 datiuum
856 3552 1073 3597 casum
1121 3552 1289 3609 esse;
1336 3536 1782 3617 prostauerunt
1829 3552 1934 3597 eos
1980 3538 2054 3597 ut
2100 3530 2395 3598 lanianda
2441 3532 2670 3598 auibus
2715 3553 2896 3617 rapa-

510 3637 691 3703 cibus
735 3657 993 3722 corpora
1039 3637 1577 3723 permitterentur.

602 3848 664 3914 2.
715 3848 777 3916 9.
850 3846 1151 3915 Ciuitatis
1197 3849 1592 3915 Pirisaborae
1649 3850 2060 3935 „obequitans
2107 3852 2358 3917 moenia
2401 3852 2752 3937 imperator
2811 3856 2895 3918 et

509 3959 701 4023 situ
725 3976 829 4040 m,
879 3955 1199 4021 obsidium
1251 3958 1425 4021 omni
1475 3956 1724 4021 cautela
1771 3956 2164 4041 coeptabat.”

598 4061 804 4127 Nemo
872 4062 1029 4144 erit,
1103 4063 1254 4145 quin
1326 4062 1545 4127 uideat
1615 4061 1885 4128 absurde
1955 4062 2200 4127 editum
2275 4084 2409 4129 esse
2485 4064 2894 4150 „obequitans

507 4172 758 4235 moenia
804 4172 882 4235 et
929 4170 1043 4233 sit
1063 4170 1263 4232 um.''
1326 4166 1494 4248 Quid
1540 4167 1887 4256 legendum
1935 4171 2023 4233 sit
2071 4168 2254 4235 facile
2301 4176 2595 4256 apparet;
2643 4172 2892 4257 scripsit

506 4278 816 4377 nimirum
863 4277 941 4340 A.
993 4277 1381 4359 „imperator
1442 4276 1539 4339 iu
1564 4281 1713 4340 stu
1738 4295 1804 4339 m
1869 4275 2187 4341 obsidium
2241 4324 2256 4339 .
2285 4324 2302 4341 .
2329 4325 2344 4339 .
2393 4277 2792 4363 coeptabat.”
