3150 5000
598 246 728 315 168
1377 307 1386 331 ,
1676 266 1909 318 comm.

591 432 970 514 ,Probabile
1017 432 1145 498 est’'
1189 434 1411 499 scribit
1456 433 1735 521 Blaydes
1787 440 1889 522 (ir.
1944 436 2100 521 131)
2148 443 2305 515 „aut
2348 435 2625 499 formam
2669 431 2949 510 βεμβράς

591 547 706 607 aut
747 538 1047 619 μεμβράς
1095 542 1333 627 ubique
1381 545 1809 627 reponendum
1863 542 2064 609 esse.”
2108 540 2179 607 Si
2228 544 2403 628 optio
2448 540 2771 623 facienda,
2814 537 2959 603 mihi

590 648 848 733 quidem
896 646 1192 725 βεμβράς
1245 650 1460 713 verius
1509 648 1783 715 videtur.
1834 649 1929 714 De
1976 656 2245 733 utraque
2292 650 2606 733 scriptura
2650 645 2961 731 imprimis

590 754 671 820 ef.
733 753 968 819 Athen.
1025 752 1143 818 VII
1206 776 1268 840 p.
1332 752 1485 822 282.
1552 758 1855 821 Attamen
1918 754 2253 821 simillime
2314 774 2427 840 pro
2475 774 2549 820 eo
2595 752 2767 839 quod
2814 749 2963 836 apud

589 862 926 945 scriptores
967 848 1210 948 legit'ur
1255 859 1608 941 μάρνασθαι
1657 862 1832 927 haud
1878 860 2075 928 semel
2109 863 2227 946 (ter
2260 860 2621 945 hueusque,
2660 861 2729 925 ni
2771 856 2964 939 fallor)

589 969 661 1033 in
703 966 913 1031 titulis
951 968 1222 1031 vetustis
1263 974 1593 1053 repertum
1619 975 1716 1035 est
1738 968 2109 1049 βάρνασθαι.
2159 965 2367 1047 Quare
2388 970 2679 1032 neutram
2706 964 2963 1031 formam

594 1078 858 1162 tangere
903 1074 1312 1159 praestiterit.

681 1288 860 1355 Idem
907 1288 986 1355 fr.
1039 1286 1168 1355 132

999 1394 1117 1461 ἔδει
1165 1395 1230 1461 δέ
1277 1420 1358 1487 χε
1405 1420 1476 1461 σε
1520 1396 1863 1474 βληθεῖσαν
1914 1398 2000 1470 εἰς
2052 1398 2553 1479 Ἀλμυρίδας

1042 1550 1058 1565 .
1090 1549 1108 1567 .
1154 1501 1285 1585 τῃδὶ
1334 1506 1422 1579 μη
1473 1504 1771 1585 παρέχειν
1818 1528 1887 1568 σε
1937 1502 2320 1585 πράγματα.

588 1606 877 1673 Permirs
963 1628 1127 1686 sane⁸
1190 1608 1560 1694 producitur
1632 1610 1871 1677 vocalis
1940 1620 1992 1676 T
2065 1613 2135 1676 in
2202 1608 2585 1690 Ἀλμυρίδας
2606 1656 2624 1687 ,
2696 1628 2849 1675 cum
2914 1608 2971 1669 in

590 1714 862 1796 ἁλμυράς
914 1715 1170 1779 brevem
1222 1736 1356 1781 esse
1404 1720 1685 1795 constet,
1736 1722 1800 1783 et
1847 1716 2065 1802 procul
2115 1717 2307 1783 dubio
2356 1715 2619 1783 fallatur
2667 1712 2968 1781 Herodia-

588 1842 710 1887 nus
725 1868 744 1899 ,
795 1818 1030 1886 allatus
1067 1839 1106 1885 a
1143 1819 1392 1886 Kockio
1409 1868 1425 1897 ,
1469 1823 1720 1887 Atticos
1760 1843 1901 1889 eam
1944 1822 2313 1906 produxisse
2354 1821 2755 1889 contendens.
2808 1818 2969 1883 Iusto

588 1932 805 1993 tamen
855 1926 1157 1992 audacius
1205 1925 1480 2014 Blaydes
1527 1927 1932 1993 scribendum
1979 1932 2339 2013 proposuit:

1003 2032 1119 2098 ἔδει
1167 2031 1231 2097 δέ
1284 2031 1353 2110 γ’
1403 2033 1490 2107 εἷς
1537 2032 1919 2115 Ἀλμυρίδας
1967 2034 2350 2111 ἐκβληθέντα
2400 2059 2468 2099 σε

1001 2150 1077 2222 τῇ
1125 2148 1202 2221 σῇ·
1253 2138 1500 2217 γυναικὶ
1551 2140 1640 2217 μὴ
1690 2139 1990 2221 παρέχειν
2038 2138 2127 2207 ἔτι
2178 2140 2565 2222 πράγματα.

587 2248 723 2315 Neo
785 2266 934 2313 sane
995 2254 1172 2311 tanta
1234 2265 1391 2330 opus
1453 2251 1550 2311 est
1612 2249 1968 2313 mutatione
1988 2298 2005 2333 ,
2064 2251 2121 2313 si
2166 2249 2683 2335 obtemperamus
2732 2246 2969 2313 Koskio

553 2358 845 2439 propter
903 2349 1130 2417 titulos
1188 2353 1437 2416 Atticos
1500 2354 1788 2438 opinanti
1850 2374 1974 2419 non
2039 2354 2420 2435 ’Λλμυρίδας
2484 2354 2965 2441 Aristophanem

547 2459 699 2526 ‚sed
768 2456 1082 2546 singulari
1149 2478 1416 2524 numero
1483 2460 1833 2542 Ἀλμυρίὸα
1904 2463 2247 2547 scripsisse.
2314 2460 2413 2529 Its
2469 2464 2640 2529 enim
2709 2461 2969 2528 seribere

591 2564 898 2632 sufficiet.-
3077 2549 3078 2564 ¹

999 2667 1120 2735 ἔδει
1167 2669 1232 2736 δέ
1276 2672 1344 2748 y'
1393 2671 1807 2748 ἐκβληθεῖσαν
1852 2675 1933 2748 εἷς
1987 2677 2056 2740 ‘A
2082 2690 2240 2752 λμυ
2257 2674 2380 2756 ρίδ
2396 2700 2438 2740 α
2487 2700 2571 2741 σε

995 2777 1375 2856 <γυναικὶ>
1423 2777 1553 2858 τῃδὶ
1602 2779 1691 2854 μη
1740 2779 2036 2861 παρέχειν
2084 2778 2170 2844 ἔτι
2222 2804 2609 2860 πραγματα.

588 2906 713 2971 quo
772 2886 938 2950 facto
1006 2884 1205 2950 simul
1269 2886 1599 2971 apparebit
1646 2889 1756 2972 qui
1802 2887 2042 2953 fastum
2094 2890 2179 2953 sit
2227 2895 2301 2953 ut
2348 2911 2424 2954 ex
2473 2883 2829 2968 Ἀλμυρίδα
2873 2907 2969 2952 nar

589 2997 726 3056 tum
779 2994 863 3055 sit
910 2992 1312 3070 Ἀλμυρίδας.
1364 2991 1438 3057 In
1490 2992 1593 3057 his
1641 2992 1703 3057 δέ
1753 2995 1819 3072 γ’
1860 2994 2271 3071 ἐκβληθεῖσαν
2312 3001 2716 3060 correxerunt
2755 2995 2967 3062 eodem

586 3101 872 3182 tempore
912 3096 1188 3184 Blaydes
1243 3105 1306 3162 et
1353 3098 1571 3176 Kook,
1620 3099 1865 3176 γυναικὶ
1907 3107 2122 3166 autem
2168 3101 2493 3188 supplevit
2534 3101 2785 3191 Bergk,
2812 3099 2969 3188 quod

585 3205 822 3270 iniuria
885 3205 1277 3288 vituperavit
1345 3203 1597 3293 Anglus
1668 3208 1961 3291 criticus,
2034 3209 2183 3292 quia
2250 3209 2515 3274 comicis
2576 3205 2713 3286 ὅδε,
2778 3207 2871 3274 6δὶ
2912 3211 2969 3271 st

587 3309 790 3374 οὑτοσί
833 3311 969 3375 sine
1014 3309 1282 3375 articulo
1330 3330 1560 3396 ponere
1607 3310 1778 3378 lieet.

677 3521 855 3588 Idem
917 3525 993 3590 fr.
1060 3523 1210 3590 160.
1291 3524 1484 3598 ἄλλος
1562 3525 1616 3591 δ’
1681 3525 2065 3607 εἶα-ἔφερε
2130 3532 2379 3608 πλεκτῷ
2444 3530 2729 3610 κανισκίῳ
2780 3526 2964 3610 ἄρτων

588 3632 1034 3709 περιλοιπα
1081 3632 1442 3713 θρύμματα.
1492 3632 1811 3700 Numeros
1858 3637 2143 3700 restituit
2191 3635 2376 3702 Kook
2424 3635 2791 3702 scribendo:

1001 3737 1192 3813 ἄλλος
1241 3739 1304 3805 δὲ
1354 3743 1603 3821 πλεκτῷ
1654 3741 2083 3822 προσ-ἔφερ’
2134 3743 2196 3806 ἐν
2246 3745 2531 3825 κανισκίῳ

996 3843 1190 3923 ἄρτων
1240 3846 1566 3924 περίλοιπα
1614 3846 1974 3927 θρύμματα.

589 3953 656 4014 et
700 3948 916 4012 eodem
969 3951 1158 4015 modo
1207 3951 1516 4037 Blaydes,
1563 3956 1691 4018 nisi
1741 3955 1906 4038 quod
1955 3953 2024 4030 γ’
2067 3943 2337 4032 εἰσ-ἔφερ’
2380 3955 2575 4040 (quod
2618 3958 2723 4020 vix
2764 3956 2965 4020 ferunt

587 4057 869 4141 numeri)
927 4055 1178 4122 maluit.
1231 4056 1300 4122 Si
1347 4065 1550 4135 reete,
1600 4059 1979 4124 describitur
2026 4063 2394 4126 convivium
2446 4061 2791 4126 admodum
2840 4080 2963 4125 sor-

586 4162 845 4246 didum,
919 4165 1150 4248 quippe
1220 4167 1285 4227 in
1347 4185 1472 4248 quo
1533 4187 1659 4230 non
1722 4168 1846 4251 ipsi
1894 4187 2087 4252 panes
2134 4175 2246 4232 aut
2292 4187 2527 4253 panum
2580 4167 2819 4244 frusta,
2864 4163 2961 4230 sed

585 4271 914 4354 περίλοιπα
961 4267 1162 4334 frusta
1205 4272 1491 4336 convivis
1537 4279 2017 4358 apponerentur.
