3150 5000
549 290 682 357 382
1403 310 1679 358 rmvms
1722 309 2061 359 sosarnus.

635 474 711 540 P.
759 472 1086 560 Sulpicius
1134 474 1463 555 Quirinius
1480 524 1499 559 ,
1548 496 1741 561 quem
1787 473 2060 561 populus
2102 474 2293 541 hodie
2340 472 2539 539 stulte
2575 470 2911 559 Cyrenium

545 579 864 667 appellare
909 581 1102 665 solet,
1149 582 1276 647 fuit
1320 586 1438 645 τῶν
1487 582 1571 653 εἷς
1620 582 1731 654 τὴν
1777 582 2009 661 βουλὴν
2049 606 2088 646 σ
2105 605 2139 645 υ
2159 606 2189 645 ν
2208 605 2251 645 οι
2268 605 2314 659 y
2336 604 2363 645 ο
2379 579 2520 656 μέν
2538 602 2580 643 ω
2598 602 2630 643 ν
2648 625 2666 656 ,
2714 577 2913 659 Antiq-

549 686 655 753 18.
711 690 765 753 1.
825 691 882 754 1.
953 685 1078 753 Sed
1143 686 1270 753 fuit
1285 735 1303 772 ‚
1369 689 1589 774 opinor
1607 734 1625 767 ,
1690 693 1869 774 pater
1931 690 2324 774 conscriptus
2384 693 2447 753 et
2508 692 2624 750 τῶν
2690 684 2774 756 εἷς
2816 684 2917 755 τῖεν

543 792 776 872 βουλὴν
836 794 1550 876 συγγραφομένων
1592 794 1697 862 vel
1742 818 1833 860 συ
1856 794 2567 876 γγεγροιμμένων,
2615 812 2767 858 nam
2807 789 2917 854 hoo

545 901 828 989 ambigo.

633 1113 858 1181 Esseni
916 1135 1120 1201 neque
1182 1135 1411 1181 uxores
1473 1115 1753 1194 ducunt,
1811 1136 1927 1181 nec
1974 1135 2188 1182 servos
2232 1114 2469 1180 habent
2486 1163 2505 1200 ,
2558 1114 2774 1199 Antiq.
2824 1107 2916 1178 18.

553 1220 613 1287 1.
663 1221 741 1307 5,
803 1222 872 1287 τὸ
929 1222 1043 1298 μὲν
1091 1222 1174 1295 εἷς
1225 1221 1470 1287 ἀδικίαν
1519 1223 1727 1304 Φέρειν
1778 1222 2226 1306 ὑπειληφότες,
2273 1222 2342 1286 τὸ
2390 1220 2455 1285 δὲ
2501 1219 2741 1294 ςοὶσεως
2790 1217 2921 1283 ἔνδι-

545 1326 712 1395 δόναι
759 1328 1122 1407 ποίησιν,
1169 1330 1388 1413 Antiq.
1440 1327 1652 1394 18.1.
1696 1327 1775 1395 5:
1823 1330 1922 1394 An
1968 1324 2434 1409 aepdmmev?
2482 1326 2707 1393 Obiter
2741 1324 2920 1407 adde,

545 1432 712 1499 nihil
757 1454 890 1499 esse
935 1455 1051 1500 cur
1093 1436 1220 1499 viri
1269 1434 1441 1500 docti
1487 1438 1835 1519 mirentur,
1876 1435 2193 1522 quomodo
2239 1432 2492 1499 Plinius
2535 1436 2606 1498 in
2652 1431 2923 1498 Historia

544 1536 844 1607 Naturali
888 1540 1155 1607 Essenos
1201 1561 1573 1629 cognoscere
1619 1544 1903 1627 potuerit
1919 1561 1937 1619 ;
1977 1541 2104 1608 fuit
2142 1543 2351 1619 enim,
2378 1541 2549 1627 quod
2570 1540 2925 1626 nuperrime

545 1653 872 1735 repertum
918 1653 1049 1725 est,
1097 1669 1246 1715 cum
1291 1647 1440 1714 Tito
1486 1650 1554 1713 in
1603 1648 1987 1715 Palaestina.

638 1860 788 1929 Sine
830 1883 1018 1928 sensu
1066 1862 1278 1928 editur
1321 1862 1538 1949 Antiq.
1598 1860 1699 1927 18.
1757 1864 1813 1927 1.
1866 1860 1941 1927 6:
1993 1862 2246 1928 Γεσσίου
2287 1859 2529 1941 Φλώρου
2570 1870 2651 1943 τῇ
2696 1856 2925 1939 ἐξουσίᾳ

546 1974 654 2035 τοῦ
717 1967 979 2050 ὑβρίζειν
1038 1970 1083 2033 ὦ
1100 1993 1149 2033 π
1162 1992 1189 2033 ο
1208 1994 1237 2033 ν
1254 1992 1282 2034 ο
1301 1968 1336 2045 ἦ
1353 1993 1391 2033 σ
1409 1993 1454 2033 oe
1473 1994 1501 2032 ν
1519 1993 1558 2033 τ
1574 1992 1604 2033 ο
1622 1994 1652 2041 ς
1704 1969 1927 2039 αὐτοὺς
1974 1969 2282 2045 ἄποςῆνοιι
2331 1967 2668 2046 Ῥωμαίων.
2741 1963 2924 2033 Com-

548 2075 813 2142 mendo:
863 2075 1186 2153 ἐπαναγ
1208 2074 1644 2147 adema-04.

639 2290 778 2357 Rex
837 2290 1147 2355 Phraates
1207 2291 1624 2356 concubinam
1683 2290 1912 2357 habuit
1960 2288 2275 2366 Ἰταλικὴν
2324 2288 2654 2363 παιδίσκην
2680 2336 2699 2366 ,
2747 2286 2925 2363 ὄνομα

551 2399 712 2479 αὐτῇ
777 2406 830 2463 Θ
850 2418 1038 2477 ερμο
1059 2400 1228 2460 Dea.
1300 2395 1373 2462 Si
1429 2395 1665 2462 mulier
1712 2394 1900 2462 Italia
1946 2395 2213 2462 oriunda
2258 2396 2419 2475 fuit,
2469 2396 2686 2482 magis
2734 2392 2925 2461 credi-

551 2504 756 2572 derim
804 2507 1274 2590 Φορμοῦσοιν
1322 2523 1466 2568 eam
1512 2504 1708 2570 fuisse
1757 2501 2163 2589 appellatam.

637 2719 856 2805 Antiq.
913 2716 1018 2783 18.
1050 2714 1131 2781 '3.
1177 2715 1254 2795 4,
1303 2717 1731 2801 interponitur
1776 2714 1987 2800 lepida
2030 2717 2345 2793 narratio,
2387 2715 2709 2802 quomodo
2750 2731 2925 2799 eques

545 2826 875 2892 Romanus
917 2823 1152 2888 Decius
1200 2820 1485 2886 Mundus
1528 2820 1807 2887 nobilem
1856 2827 2214 2887 matronam
2262 2821 2615 2887 Romanam
2666 2824 2737 2886 in
2785 2817 2927 2884 aede

545 2933 735 2998 Isidis
782 2931 1117 3015 deceperit.
1166 2927 1348 2993 Hanc
1394 2927 1794 2994 historiolam
1837 2933 2171 3014 postquam
2214 2948 2547 2994 narravero
2567 2975 2584 3005 ‚
2620 2924 2663 2992 J
2666 2925 2927 3012 osephus

545 3040 793 3124 inquit,
834 3035 988 3101 οὕτω
1036 3031 1446 3110 μετοιδιδῶ
1497 3036 1599 3099 τὸν
1644 3033 1829 3112 λόγον
1881 3034 1980 3099 ἐπὶ
2025 3036 2110 3100 τοὶ
2151 3034 2211 3098 ἐν
2252 3033 2558 3105 Ἰουδαίοις
2600 3032 2927 3112 γεγονότα.

549 3142 785 3209 Scribit
845 3140 1207 3206 Dindorfius
1252 3140 1676 3224 μεταδίδωμι,
1725 3161 1850 3224 qua
1894 3143 1961 3204 iu
2009 3162 2076 3206 re
2123 3139 2573 3208 nonnullorum
2622 3136 2927 3206 Codicum

548 3250 990 3314 auctoritatem
1055 3247 1426 3331 imprudens
1489 3252 1745 3311 secutus
1808 3253 1938 3321 est,
1989 3267 2139 3310 nam
2194 3249 2350 3311 satis
2399 3252 2659 3334 apparet
2706 3263 2923 3312 verum

550 3375 684 3422 esse
731 3353 1192 3432 μεταβιβῶ.
1265 3351 1387 3418 Sed
1434 3351 1583 3437 plus
1626 3351 1819 3416 refert
1866 3355 2183 3439 corrigere
2226 3350 2545 3418 ludicrum
2594 3353 2665 3416 in
2714 3349 2925 3438 paucis

548 3463 784 3528 vitium
805 3510 822 3545 ,
891 3459 1060 3545 quod
1121 3461 1342 3525 statim
1391 3461 1700 3542 sequitur.
1771 3457 1856 3524 Ni
1902 3460 2187 3544 potiatur
2233 3457 2507 3525 Paulina
2550 3479 2671 3524 sua
2687 3505 2706 3537 ,
2756 3473 2927 3523 ama-

545 3573 646 3633 tor
706 3569 868 3633 mori
932 3565 1244 3632 decrevit:
1310 3564 1506 3648 ἐνδείᾳ
1569 3566 1773 3630 σιτίων
1836 3563 2096 3629 θάνατον
2158 3563 2456 3642 ἐπιτιμᾶν
2508 3564 2677 3645 αὑτῷ
2726 3561 2925 3630 καλῶς

547 3673 718 3753 ἔχειν
763 3671 1035 3754 ἐνόμιζεν
1081 3673 1184 3737 ἐπὶ
1221 3671 1502 3752 Παυλίνῃ
1541 3677 1733 3736 κοικοῦ
1776 3673 1883 3734 τοῦ
1910 3670 2381 3752 κατειληφότος.
2433 3670 2759 3746 Vidistine
2782 3667 2927 3756 quid

546 3799 854 3866 umquam
917 3774 1223 3843 stultius?
1290 3776 1677 3863 Interpretes
1722 3781 1936 3842 tamen
1988 3775 2083 3841 nil
2130 3774 2289 3841 mali
2334 3777 2637 3862 suspicati
2677 3777 2929 3842 vertunt

551 3887 712 3951 bona
775 3883 929 3949 fide:
988 3891 1227 3967 propter
1285 3883 1536 3966 malum,
1600 3883 1759 3968 quod
1800 3883 1857 3946 ei
1902 3905 1974 3946 ec·
2020 3883 2289 3946 Paulina
2334 3883 2654 3946 acciderat.
2726 3881 2925 3948 Nemo

546 3990 716 4058 vidit
759 3989 1086 4076 hucusque
1133 4009 1266 4054 esse
1313 3987 1815 4054 emendandum:
1870 3989 1970 4052 ἐπὶ
2022 3987 2299 4070 παύλῃ
2350 3994 2541 4053 κακοῦ
2577 3994 2684 4053 τοῦ
2727 4008 2923 4055 κατει-

551 4079 872 4176 Ληφότοςζ
915 4094 1154 4160 Iterum
1221 4099 1478 4160 παῦλαν
1540 4101 1745 4159 κακῶν
1790 4093 2105 4181 Josephus
2151 4094 2501 4182 appellavit
2546 4096 2772 4182 Antiq.
2820 4091 2923 4157 20.

550 4199 615 4268 8.
661 4201 762 4266 10.
811 4201 1096 4267 Tandem
1143 4201 1412 4268 libertae
1457 4202 1678 4267 fraude
1724 4201 2011 4267 Mundus
2052 4206 2186 4268 voti
2226 4223 2483 4288 compos
2524 4201 2597 4268 fit
2636 4205 2701 4269 et
2742 4203 2923 4268 tertio

551 4308 653 4374 die
716 4313 891 4392 post,
955 4309 1117 4373 forte
1177 4309 1431 4374 obviam
1497 4308 1705 4374 factus
1764 4307 2104 4373 Paulinam
2164 4310 2257 4374 ita
2300 4309 2555 4374 irridet:
2606 4307 2921 4380 Παυλίνω,

551 4415 596 4480 ὦ
614 4429 652 4478 λ
671 4429 710 4480 λ
731 4412 774 4479 αἱ
820 4437 922 4493 μοι
971 4413 1075 4480 καὶ
1125 4413 1308 4479 εἵκοσι
1355 4415 1657 4496 μυριάδας
1706 4413 1965 4479 διεσώσω
1984 4463 2001 4493 ,
2051 4412 2353 4493 δυναμένη
2389 4415 2529 4499 οἴκῳ
2571 4414 2922 4498 προσθέσθαι
