3150 5000
451 273 540 339 24
1443 289 1835 339 nnono'rus.

449 478 573 544 qus
624 460 1006 524 correctione
1052 456 1214 523 nihil
1261 475 1408 521 sane
1455 455 1871 520 desiderarem
1897 503 1911 532 ‚
1962 459 2016 522 si
2064 452 2249 541 plane
2295 460 2582 526 abessent
2632 461 2827 529 verba

449 557 504 629 οἳ
549 564 1108 640 ἀποπεμφθέντες,
1153 583 1420 648 quorum
1471 564 1772 628 correctio
1822 583 1921 628 me
1966 563 2174 630 iudice
2215 565 2383 631 male
2423 570 2609 644 cessit
2647 567 2829 635 Mad-

450 674 652 758 vig-io.
720 670 806 736 Et
855 672 1258 756 participium
1309 668 1566 754 quidem
1618 667 1856 733 delevit
1903 689 2151 753 quoque
2196 669 2477 739 Steinius
2514 677 2829 742 coniciens

449 779 518 842 In
567 776 663 840 ed.
713 783 995 864 exeget.:
1045 783 1160 840 τῶν
1211 779 1411 840 ἀστῶν
1456 775 1971 852 τριηκοσίους
2013 777 2139 841 ἀπὸ
2185 783 2293 842 τοῦ
2335 782 2563 844 κοινοῦ·
2600 774 2653 846 οἳ
2678 785 2827 847 ἑπι-

453 881 689 956 nauem
745 921 818 932 ——
873 883 1341 960 ἐπέιρέοντο
1405 881 1575 957 xva,
1644 883 1708 945 in
1768 902 1893 967 qua
1936 886 2297 949 coniectura
2343 905 2463 951 non
2515 887 2645 953 fero
2690 911 2829 956 nar-

451 989 760 1054 rationem
825 1009 937 1074 per
999 995 1381 1054 structuram
1431 987 1789 1053 relativam.
1863 987 2071 1068 Quare
2115 993 2325 1056 nescio
2373 1012 2451 1056 sn
2498 991 2829 1083 Madvigio

447 1093 1017 1181 ,obtemperandum
1059 1098 1178 1172 sit,
1219 1099 1310 1160 its
1349 1101 1562 1159 tamen
1604 1099 1679 1158 nt
1716 1093 2047 1160 deleantur
2083 1098 2277 1162 verba
2300 1090 2353 1162 οἳ
2380 1099 2829 1178 ἀποπεμφθέν-

451 1225 554 1272 τες
573 1248 591 1279 ,
655 1221 923 1287 quorum
983 1200 1564 1286 interpolandorum
1618 1198 1843 1264 salsam
1892 1200 2271 1286 scripturam
2320 1204 2635 1279 ἐπειρῶντο
2685 1229 2832 1274 cau-

454 1327 587 1372 sam
630 1307 832 1373 fuisse·
865 1307 1163 1393 suspicor.
1227 1307 1533 1391 Apposite
1573 1305 1855 1371 Steinius
1894 1306 2165 1394 contulit
2204 1307 2361 1373 VIII
2408 1311 2533 1376 135
2576 1310 2831 1378 ’ἕπεσθαι

455 1414 507 1478 οἱ
570 1419 687 1478 τῶν
752 1415 1019 1478 α’στῶν
1063 1409 1358 1491 ἀἱρετοὺς
1406 1409 1629 1489 ἄνδρας
1678 1420 1897 1490 τρεῖς
1946 1412 2103 1478 ἐπὸ
2148 1417 2285 1478 τοῦ
2333 1423 2594 1482 κοινοῦ
2645 1425 2709 1484 et
2757 1419 2833 1486 de

458 1539 722 1586 numero
768 1521 1173 1585 trieretarum
1222 1516 1356 1583 VII
1416 1517 1565 1582 114.
1616 1514 1769 1581 VIII
1820 1515 1927 1582 17.

547 1731 634 1797 V.
683 1729 774 1800 87
820 1737 979 1798 extr.
1029 1729 1205 1812 ἄλλῳ
1243 1729 1358 1809 μὲν
1395 1729 1466 1804 δη
1507 1731 1614 1796 οὐκ
1652 1727 1821 1811 ἔχειν
1858 1729 2266 1820 (Ἃθηναίους)
2306 1729 2453 1817 ὅτεῳ
2492 1735 2834 1818 ζημιώσωσι

459 1840 577 1911 τας
625 1845 970 1918 γυναῖκας,
1020 1838 1129 1914 την
1173 1838 1238 1904 δὲ
1286 1836 1514 1912 ἐσθῆτα
1562 1835 2044 1926 μετέβαλον
2088 1837 2323 1905 αὐτέων
2370 1841 2431 1912 ἐς
2479 1845 2590 1918 την
2636 1844 2833 1910 Ἰάδα.

460 1944 664 2012 Miror
723 1947 1045 2011 neminem
1109 1944 1344 2010 vidisse
1405 1942 1805 2008 Herodotum
1866 1945 1933 2009 in
1997 1944 2115 2010 hec
2179 1944 2574 2034 Argivorum
2626 1971 2835 2016 narra-

459 2054 630 2117 tione
689 2053 1035 2118 necessario
1104 2051 1428 2137 scripsisse
1494 2048 1833 2126 μεταβα
1853 2057 2061 2128 λεῖν,
2134 2052 2301 2137 quod
2372 2053 2558 2121 facile
2623 2055 2835 2122 labem

463 2159 748 2243 concepit
807 2178 843 2222 e
903 2157 1346 2242 sequentibus:
1409 2179 1564 2231 μετ
1584 2153 1678 2233 έβ
1695 2170 1792 2220 αλ
1812 2179 1882 2219 ον
1948 2151 2025 2220 ὦν
2088 2157 2149 2230 ἐς
2209 2160 2309 2223 τὸν
2355 2159 2547 2225 λίνεον
2595 2165 2836 2230 κιθῶνα.

461 2263 754 2350 Namque
815 2269 1103 2329 mutatae
1159 2267 1513 2328 structurae
1573 2262 1644 2326 in
1693 2263 2109 2349 praegressis:
2160 2265 2581 2343 περιγενέσθαι
2627 2269 2836 2347 μέντοι

465 2370 596 2434 οὐδὲ
657 2374 868 2434 τοῦτον
937 2367 1040 2434 τὸν
1085 2364 1192 2432 ἕνα
1239 2367 1391 2432 ἀλλ’
1440 2365 1785 2432 ἀπολέσθαι
1833 2367 2033 2448 τρόπῳ
2082 2370 2309 2451 τοιῷδε.
2360 2375 2664 2449 κομισθεὶς
2711 2377 2839 2456 γὰρ

461 2477 522 2547 ές
569 2477 690 2549 τὰς
738 2475 1001 2551 Ἀθήνας
1049 2475 1412 2553 ἀπήγγειλε
1451 2473 1521 2538 τὸ
1557 2471 1747 2545 πάθος
1772 2495 1787 2513 ·
1812 2472 2154 2553 πυθομένας
2181 2475 2244 2541 δὲ
2272 2477 2391 2551 τοὶς
2418 2487 2724 2558 γυναῖκας
2752 2520 2835 2533 -

461 2585 712 2663 εἰρωτᾶν
760 2582 886 2649 κτὲ.
937 2582 1128 2671 longe
1174 2581 1303 2647 alia
1349 2582 1510 2646 ratio
1558 2586 1674 2646 est.
1738 2578 2073 2647 Structura
2110 2585 2284 2649 enim
2322 2592 2421 2650 est
2458 2590 2842 2671 parstactica

458 2710 573 2775 pro
617 2686 722 2756 ’ὅτε
771 2690 895 2769 γὰρ
947 2724 1029 2739 --
1079 2687 1478 2765 ἀπήγγειλε,
1528 2686 1648 2758 τὰς
1696 2692 2007 2764 γυναῖκας
2056 2725 2139 2737 --
2188 2690 2463 2770 εἰρωτᾶν.

553 2901 638 2967 V.
685 2900 772 2967 89
820 2905 979 2967 extr.
1027 2900 1347 2980 τριήκοντα
1393 2896 1458 2963 δὲ
1503 2895 1651 2964 ἔτεα
1698 2897 1808 2963 οὐκ
1851 2897 2185 2981 ἀνέσχοντο
2232 2902 2611 2977 ἑκούσαντες
2650 2903 2842 2981 ὅκως

462 3010 656 3089 χρεὼν
701 3004 792 3082 εἵη
844 3008 1127 3086 ἐπισχεῖν
1174 3004 1550 3076 πεπονθότας
1601 3003 1747 3085 πρὸς
1786 3005 2159 3084 Αἰγινητέων
2196 3008 2479 3089 ἀνάρσια.
2532 3010 2659 3077 Hic
2699 3013 2843 3099 qui-

462 3115 609 3182 dem
670 3135 796 3180 non
854 3112 1074 3179 eadem
1140 3112 1326 3178 venia
1377 3116 1598 3195 parata
1643 3117 1741 3175 est
1785 3111 2049 3179 voculas
2094 3110 2243 3187 ὅπως
2264 3162 2281 3189 ,
2332 3136 2526 3201 quam
2576 3117 2735 3184 bene
2778 3119 2840 3185 ei

461 3222 690 3287 tribuit
748 3216 1276 3303 Schweighauser
1333 3218 1400 3280 in
1461 3214 1668 3283 lexico
1730 3235 1878 3305 pag.
1945 3216 2075 3283 143
2134 3221 2200 3285 in
2248 3219 2404 3287 locis
2450 3221 2550 3287 111
2602 3223 2729 3289 115
2776 3229 2841 3289 et

466 3325 634 3405 116,
694 3346 810 3392 nec
856 3323 1080 3389 dubito
1126 3324 1281 3408 quin
1327 3322 1773 3410 corrig-endum
1820 3324 1907 3389 sit
1951 3324 2067 3396 ὥς.
2138 3325 2428 3393 Fortasse
2471 3334 2697 3395 natum
2745 3332 2838 3395 est

463 3430 612 3507 ὅκως
669 3453 746 3499 ex
809 3428 915 3517 ὥς,
985 3450 1326 3515 susperscr.
1388 3448 1523 3494 var.
1586 3427 1731 3495 lect.
1790 3424 1905 3496 ὅτι.
1981 3427 2240 3499 Inversa
2284 3435 2529 3501 ratione
2574 3435 2841 3503 subinde

461 3544 539 3615 ὦς
583 3542 652 3607 in
699 3536 847 3609 ὅκως
893 3535 1341 3624 corrigendum
1388 3540 1505 3601 est.

552 3752 640 3818 V.
690 3750 772 3817 91
826 3748 1246 3831 κατεχόμενον
1293 3748 1356 3815 δὲ
1405 3746 1522 3815 ὑπὸ
1569 3748 1910 3828 τυραννίδος
1958 3749 2202 3823 &eoem
2248 3750 2355 3817 καὶ
2403 3752 2839 3834 πειθαρχέ-

462 3859 689 3925 εσθαι
729 3858 985 3933 ἓτοῖμον.
1035 3853 1435 3921 Confidenter
1471 3855 1738 3920 emendo
1772 3855 2347 3942 πειθαρχέειν,
2390 3859 2559 3944 quod
2600 3861 2840 3926 vitium

461 3965 809 4048 suscepisse
859 3963 1143 4047 suspicor
1186 3982 1221 4026 e
1267 3980 1635 4048 praegresso
1684 3962 2097 4027 neloecem.
2169 3962 2326 4043 Quis
2370 3984 2603 4049 quaeso
2648 3965 2845 4031 ferret

459 4068 944 4148 στρατηγεῖσθαι
993 4068 1300 4152 scriptum
1351 4087 1464 4151 pro
1509 4076 1885 4146 στρατηγεῖν
1909 4114 1925 4145 ,
1972 4071 2417 4148 μοναρχεῖσθαι
2468 4092 2579 4156 pro
2618 4094 2842 4151 μοναρ-

461 4182 604 4256 χεῖν
622 4222 638 4251 ,
689 4174 1144 4255 δημαρχεῖσθαι
1168 4194 1281 4259 pro
1307 4172 1651 4255 δημαρχεῖν
1673 4224 1691 4249 ,
1718 4174 2234 4253 δημαγωγεῖσθαι
2258 4194 2371 4262 pro
2396 4176 2800 4257 δημαγωγεῖν
2820 4226 2838 4254 ,

455 4276 738 4348 similia?

545 4385 626 4453 In
685 4386 1096 4473 sequentibus
1157 4386 1367 4454 nescio
1424 4405 1504 4453 an
1562 4385 2011 4475 corrigendum
2072 4389 2193 4453 sit:
2256 4385 2439 4464 δόξαν
2502 4388 2564 4454 δὲ
2624 4386 2838 4471 Φύσας
