3150 5000
556 217 691 286 3¹74
1544 236 1960 286 Amnonoem

646 401 951 490 <ὅργια>
999 400 1107 468 καὶ
1158 401 1348 479 κῶμοι
1400 403 1527 466 κτὲ.

552 511 635 578 cl.
684 509 808 576 XII
858 509 1010 588 119,
1065 508 1098 573 1
1155 515 1219 574 et
1271 507 1333 574 5.

578 647 589 660 ·
642 617 788 682 Non
837 615 1181 682 admodum
1232 615 1466 681 diversi
1511 615 1765 702 generis
1814 620 1910 681 est
1955 615 2124 702 quod
2165 621 2445 680 mentem
2485 635 2698 680 meam
2735 615 2930 680 subiit

551 723 796 812 legenti
833 721 1142 788 Bumoms
1180 724 1584 810 epigramma
1622 723 1699 787 A.
1741 720 1812 785 Ρ.
1860 721 1948 786 IX
1990 721 2146 799 423,
2169 721 2285 787 ubi
2307 724 2374 786 in
2399 724 2628 807 primis
2649 722 2930 788 versibus

780 827 1035 909 Σάρδιες
1084 830 1151 894 αι’
1198 829 1268 893 τὸ
1320 828 1527 894 πάλαι
1576 829 1782 906 Γύγου
1830 827 2046 906 πόλις,
2097 826 2176 892 αἵ
2211 829 2268 892 τ’
2311 826 2666 894 Ἀλυάττου

774 933 1087 1021 [Σάρδιες]
1114 982 1132 1014 ,
1186 935 1253 1000 αἱ
1301 934 1565 1013 βασιλεῖ
1609 935 1828 1015 Περσὶς
1879 935 1939 1000 ἐν
1991 932 2277 1018 Ἀσιάδι,

548 1041 739 1108 valde
785 1042 950 1107 mihi
998 1039 1292 1128 displicet
1336 1043 1684 1127 repetitum
1734 1041 2021 1128 Σάρδιες,
2073 1043 2223 1128 quia
2271 1043 2473 1108 oratio
2511 1043 2606 1107 sic
2641 1043 2934 1108 instituta

551 1154 685 1232 est,
747 1152 823 1213 ut
884 1151 1087 1213 menti
1149 1147 1564 1233 repetendum
1626 1151 1711 1213 sit
1755 1169 1790 1214 e
1835 1149 2044 1234 priore
2107 1167 2296 1216 versu
2365 1149 2430 1214 τὸ
2478 1147 2686 1213 πάλαι
2741 1149 2933 1221 πόλις.

551 1254 759 1334 Quare
806 1256 1016 1319 nescio
1054 1275 1137 1319 an
1174 1254 1422 1320 librarii
1456 1257 1792 1320 oscitantia
1828 1274 2058 1320 nomen
2096 1257 2442 1338 repetitum
2481 1257 2569 1320 sit
2587 1303 2603 1332 ,
2645 1255 2934 1344 neglecto

549 1360 716 1426 alius
785 1359 1112 1447 Lydorum
1161 1362 1333 1447 regis
1376 1363 1666 1438 nomine,
1721 1360 1888 1447 quod
1933 1365 2121 1446 poeta
2167 1381 2316 1428 cum
2369 1358 2634 1448 Alyatte
2683 1365 2939 1429 coniun-

548 1470 736 1533 xerit.
782 1466 1032 1553 Nempe
1079 1467 1273 1532 fuisse
1322 1465 1478 1532 olim
1528 1469 1847 1552 suspicor:

1956 1569 2034 1637 αἵ
2071 1575 2131 1638 τ’
2177 1571 2534 1639 Ἀλυάττου

913 1681 1224 1761 <Κροίσου
1268 1680 1430 1763 τ’>,
1484 1683 1551 1745 αἱ
1599 1680 1867 1758 βασιλεῖ
1908 1679 2125 1761 Περσὶς
2176 1681 2234 1744 ἐν
2283 1679 2553 1746 Ἀσιάδι.

642 1943 756 2029 Ep.
818 1941 969 2022 1¹78,
1023 1940 1060 2008 '7

825 2049 1068 2129 Τοίγαρ
1114 2049 1509 2129 πεπράσεται
1557 2045 1882 2137 (Cupido).
1932 2047 2014 2114 Εἴ
2057 2071 2150 2120 τις
2199 2048 2479 2114 άπόπλ
2498 2072 2621 2122 ους

827 2155 1089 2235 ἔμπορος
1138 2157 1408 2220 ὠνεῖσθαι
1454 2156 1659 2221 παῖδα
1710 2155 1905 2234 θέλει,
1954 2154 2242 2236 προσίτω.

550 2261 841 2329 Pel-miro
914 2283 1030 2328 usu
1086 2263 1476 2328 adiectivum
1524 2259 1848 2336 ἀπόπλους
1895 2262 2000 2328 hic
2049 2260 2368 2350 significat
2413 2282 2561 2329 eum
2605 2268 2720 2348 qui
2767 2263 2840 2328 in
2887 2286 2944 2326 eo

550 2377 637 2434 est
700 2380 769 2432 ut
831 2369 1139 2434 evehatur.
1206 2367 1275 2434 Si
1336 2367 1678 2434 contuleris
1745 2367 2108 2441 ἐπιθάνατος
2156 2370 2331 2434 morti
2369 2369 2677 2454 proximus
2695 2417 2720 2448 ,
2775 2371 2947 2436 mori-

548 2475 815 2553 bundus,
890 2474 1167 2547 ἕπίτοκος
1235 2478 1394 2557 (Att.
1460 2474 1700 2560 ἐπίτεξ)
1763 2497 1916 2561 quae
1976 2475 2042 2539 in
2109 2498 2174 2540 eo
2236 2482 2322 2541 cst
2367 2483 2435 2541 ut
2475 2475 2724 2559 pariat,
2781 2476 2937 2553 alis,

546 2584 763 2669 potius
812 2588 1102 2668 expectes
1149 2582 1573 2649 Mummium
1619 2585 1687 2647 in
1734 2585 2118 2649 suavissimo
2165 2584 2448 2649 carmine
2495 2583 2872 2668 scripsisse:

1854 2688 1936 2753 Εἵ
1977 2712 2074 2759 τις
2120 2689 2525 2761 ἐπίπλους
2575 2688 2708 2754 κτὲ.

550 2796 593 2859 i.
644 2814 698 2859 e.
746 2794 815 2859 in
859 2816 923 2860 co
970 2802 1038 2859 ut
1082 2795 1215 2859 vela
1266 2794 1485 2861 faciat.

636 3044 753 3129 Ep.
809 3042 935 3111 1¹79

728 3148 856 3213 Ναὶ
904 3149 1023 3215 τὰν
1071 3149 1334 3232 Κύπριν,
1377 3154 1612 3235 Ἔρως,
1660 3150 1935 3232 <puzzu
1983 3150 2070 3216 τοὶ
2116 3151 2200 3216 σα
2260 3150 2476 3217 πάντα
2521 3150 2817 3231 πυρώσας

728 3255 885 3333 τόξα
932 3282 1003 3321 τε
1053 3259 1154 3321 καὶ
1207 3257 1505 3331 Σκυθικὴν
1550 3257 1775 3322 ἰοδόκον
1824 3258 2155 3338 φαρέτρην.

728 3361 1045 3446 Φλέξω,
1098 3363 1245 3428 ναί.
1298 3364 1387 3429 Τί
1432 3362 1682 3440 μάταια
1733 3371 1975 3447 γελᾷςς

542 3469 720 3536 Solet.
779 3472 847 3533 in
903 3470 1242 3554 repetendo
1300 3471 1491 3536 verbo
1559 3469 1788 3537 vocula
1853 3470 1954 3535 ναί
2022 3470 2170 3555 poni
2217 3472 2384 3535 inter
2431 3474 2824 3557 utrumque,
2873 3475 2944 3535 ut

542 3596 732 3661 supra
773 3576 942 3661 apud
989 3575 1293 3641 Romnum
1341 3597 1440 3661 ep.
1495 3574 1603 3653 40,
1655 3575 1738 3641 9:

948 3677 1067 3747 Ἢν
1114 3684 1173 3747 ἐν
1222 3682 1451 3761 γαστρὶ
1502 3682 1749 3761 λάβῃς,
1800 3682 2025 3759 τέκε,
2077 3683 2206 3747 ναὶ
2256 3682 2468 3748 τέκε.

537 3788 646 3856 Sic
692 3789 1061 3857 MRLRAGRO
1094 3789 1531 3881 reddiderim:
1585 3788 1710 3854 ναὶ
1764 3788 2062 3871 Φλέξω.

636 4034 691 4102 Ε
740 4082 757 4100 .
814 4032 969 4111 184,
1023 4034 1063 4098 5

693 4056 734 4122 P
774 4144 922 4222 Οὐχ
969 4142 996 4205 ὁ
1044 4139 1463 4221 περίβλεπτος
1512 4142 1760 4217 Kabom
1809 4140 1928 4205 κᾶν
1973 4142 2064 4215 μὴ
2093 4189 2150 4206 ..
2186 4141 2292 4207 .τί
2335 4143 2388 4207 δ’
2437 4140 2716 4220 ἁπαλῶς

763 4244 923 4328 ἔρρε,
975 4247 1225 4312 κακὸν
1276 4248 1554 4320 κοίτης
1606 4247 1826 4325 θηρίον,
1878 4244 2002 4327 ἔρρε
2051 4246 2280 4328 τάχος.

536 4353 742 4421 Miror
787 4356 1112 4419 neminem
1157 4353 1435 4419 haesisse
1478 4355 1543 4418 in
1587 4353 1788 4429 κοίτης
1835 4353 2042 4431 θηρίον.
2095 4352 2219 4417 Vix
2259 4360 2470 4418 autem
2517 4354 2742 4421 dubito
2783 4357 2934 4440 quin
