3150 5000
560 187 645 254 72
884 214 891 228 ·
1621 209 1862 261 mosao.

645 358 1037 440 Ribbeckius
1084 373 1264 442 Com.
1290 374 1317 413 ²
1360 397 1425 461 p.
1472 376 1858 445 LXXVIII:

833 522 991 544 -υυ
1019 482 1166 549 inde
1214 484 1435 550 canino
1480 486 1575 550 ori
1621 486 1754 550 ritu
1799 484 1914 552 olli
1957 483 2280 571 oculisque

824 588 1128 656 involem.

644 694 787 762 Non
833 696 1019 763 video
1035 744 1054 775 ‚
1100 718 1213 763 cur
1254 698 1409 765 haec
1456 703 1790 784 praestent.
1861 698 2082 765 Unum
2135 700 2262 763 ritu
2305 704 2516 765 muto:

822 801 971 869 inde
1016 806 1240 870 canino
1294 806 1450 870 ricta
1494 804 1712 872 oculos
1758 825 1950 892 osque
1995 806 2276 873 involem
2308 848 2348 873 υ
2367 849 2406 862 -
2423 849 2463 863 -

644 907 859 974 Verba
918 914 1067 975 sunt
1124 910 1499 998 gladiatoris
1557 911 1830 991 efferati,
1893 912 2256 979 Pacideiani
2311 912 2644 978 cuiusdam
2663 958 2682 991 ,
2741 932 2933 997 quem

549 1014 935 1104 gloriantem
990 1016 1145 1093 facit
1189 1015 1483 1083 Lucilius
1527 1019 1697 1103 apud
1743 1016 2111 1087 Ciceronem
2160 1017 2348 1085 Tuae.
2394 1018 2512 1086 IV.
2560 1016 2648 1084 48
2695 1024 2816 1085 etc.
2867 1021 2938 1083 in

549 1122 969 1189 Aeserninum
1017 1122 1333 1207 quendam
1372 1144 1407 1189 e
1430 1122 1692 1191 Samnio
1715 1130 1930 1191 ortum
1953 1127 2128 1212 (nam
2152 1126 2454 1191 Aesernia
2475 1126 2596 1210 ibi)
2618 1124 2930 1192 invehen-

550 1234 721 1314 tem,
770 1230 952 1295 cuius
972 1286 975 1291 .
996 1231 1323 1315 proprium
1370 1250 1603 1297 nomen
1646 1230 1909 1297 fortasse
1955 1234 2084 1317 peti
2128 1236 2337 1318 potest
2382 1252 2416 1297 e
2463 1230 2738 1299 Senecae
2771 1228 2936 1299 Gon·

551 1340 711 1402 trov.
764 1334 875 1401 111.
918 1357 980 1421 p.
1029 1333 1198 1413 246,
1264 1336 1342 1401 4:
1408 1340 1505 1415 „si
1551 1334 1764 1403 'I'hrex
1809 1357 2047 1415 essem,
2105 1337 2338 1403 Fusius
2391 1358 2628 1415 essem,
2679 1340 2738 1404 si
2780 1358 2934 1426 pan·

552 1443 861 1508 tomimus
898 1462 1101 1508 essem
1121 1488 1137 1519 ‚
1178 1441 1522 1529 Bathyllus
1554 1442 1829 1509 essem.’'
1876 1444 2065 1529 Apud
2089 1441 2458 1511 Ciceronem
2485 1466 2542 1511 v.
2573 1444 2615 1510 3
2639 1448 2934 1531 corrupte

556 1569 789 1635 „quam
852 1548 1144 1637 gladium
1207 1552 1275 1615 in
1336 1548 1665 1615 stomacho
1721 1556 1889 1613 wia
1951 1571 2024 1615 ac
2082 1549 2493 1635 pulmonibus
2541 1550 2734 1617 sisto”
2783 1550 2929 1617 fort·

550 1656 720 1721 Fuci.
791 1657 1003 1740 Atque
1047 1653 1156 1721 hic
1201 1655 1620 1721 Pacideianus
1669 1654 2063 1733 „auriculam
2111 1656 2434 1722 mordicus
2473 1655 2788 1721 abstulit”
2831 1654 2932 1723 ad·

547 1762 852 1827 ‚ver-sario.
922 1760 1045 1827 Sed
1092 1759 1172 1826 ad
1218 1758 1586 1829 Ciceronem
1633 1761 1872 1849 redeo„

640 1974 735 2041 De
794 1976 1375 2063 interpretamentis
1434 1994 1640 2041 errore
1685 1980 1988 2061 tanquam
2037 1977 2246 2042 verbis
2295 1977 2622 2061 scriptoris
2665 1977 2734 2041 in
2781 1996 2928 2042 con-

550 2088 801 2149 textum
849 2082 1121 2168 receptis
1163 2080 1267 2146 bis
1312 2081 1441 2147 fere
1484 2079 1642 2146 locis
1690 2087 1968 2148 constat:
2019 2082 2069 2147 Ι.
2113 2079 2199 2145 22
2241 2082 2456 2169 (eaelo)
2474 2129 2491 2160 ‚
2541 2081 2630 2147 28
2673 2083 2778 2169 (de
2815 2104 2933 2169 qua

546 2191 713 2255 modo
756 2189 1084 2270 dicebam)
1105 2236 1124 2272 ,
1188 2184 1270 2252 31
1319 2187 1757 2272 (loeupletibm)
1781 2234 1798 2264 ,
1867 2186 1951 2253 47
2000 2188 2630 2273 (maqietram-nayis
2646 2236 2664 2266 ‚
2728 2188 2929 2276 vulgo

548 2294 822 2361 alterum
870 2294 1249 2377 omittitur),
1304 2291 1391 2356 49
1438 2293 1658 2379 (requi)
1680 2340 1696 2373 ,
1747 2293 1828 2358 51
1857 2295 1951 2380 (eo
1987 2295 2275 2380 nomine),
2308 2294 2392 2361 57
2433 2294 2806 2379 (Homerus),
2843 2290 2926 2359 59

548 2401 631 2487 (εἰ
664 2402 861 2487 forte)
879 2447 898 2478 ‚
960 2398 1037 2466 IL
1092 2398 1177 2463 52
1241 2398 1324 2487 (ei
1382 2400 1660 2485 quomodo
1725 2420 1832 2482 pro
1877 2406 1934 2465 ei
1973 2402 2166 2485 modo)
2189 2450 2207 2484 ,
2254 2399 2369 2467 III.
2423 2399 2507 2465 14
2553 2402 2886 2487 (Aemus)
2909 2446 2925 2476 ,

550 2511 638 2576 44
682 2510 981 2596 (Laelius)
998 2556 1013 2587 ‚
1057 2505 1144 2572 60
1184 2509 1337 2594 (eam
1380 2508 1628 2573 coneilio
1672 2510 1875 2573 sedari
1919 2509 2144 2574 volebat
2164 2557 2182 2592 ,
2245 2513 2406 2574 teste
2454 2506 2818 2575 Detlefseno
2865 2513 2928 2574 et

547 2617 769 2684 Mavio
821 2614 1023 2682 altera
1067 2635 1265 2680 manu
1316 2613 1696 2680 minusculis
1731 2614 2109 2700 adscripta),
2161 2612 2246 2679 58
2293 2615 2552 2693 (excluso
2603 2614 2924 2698 Τανριιὰιίο

548 2744 716 2789 man.
776 2723 958 2808 sec.);
1028 2722 1242 2786 minus
1300 2728 1471 2786 certa
1530 2719 1713 2786 nobis
1767 2721 2064 2786 videntur
2111 2721 2164 2787 Ι.
2219 2719 2306 2786 50
2351 2721 2508 2807 (ree)
2555 2725 2620 2786 et
2666 2719 2750 2786 11.
2802 2717 2922 2787 56:

550 2829 883 2915 „quodque
946 2835 1080 2895 erat
1144 2827 1224 2893 ad
1288 2828 1716 2914 [obtinendam]
1777 2829 2124 2912 potentiam
2189 2828 2506 2894 nobilium
2566 2825 2674 2895 vel
2719 2827 2924 2894 maxi-

544 2933 796 3001 mum”.
879 2933 1028 3000 Huc
1073 2933 1233 3000 adde
1293 2931 1343 2998 l.
1409 2931 1450 2998 3
1510 2939 1618 3014 qui
1675 2934 1790 2997 illa
1833 2934 2150 3016 diepucant
2193 2939 2258 3000 et
2305 2933 2346 2998 5
2392 2933 2851 3000 Atheniensium
2893 2951 2930 2998 a

548 3024 1033 3108 Wachsm'uthio
1090 3040 1307 3104 eiecta.
1370 3037 1513 3124 Ipee
1578 3059 1738 3124 quae
1782 3038 1903 3104 hoc
1948 3041 2015 3104 in
2054 3059 2286 3126 genere
2326 3041 2570 3105 tentavi
2606 3038 2764 3106 haec
2787 3039 2928 3105 ‚fere

546 3152 697 3214 sunt
740 3147 791 3212 Ι.
841 3143 881 3210 6
929 3146 1053 3231 (vel
1088 3149 1345 3222 eorum),
1393 3142 1482 3209 22
1530 3145 1839 3230 (sphaerae
1882 3145 1963 3210 cf.
2010 3144 2160 3212 XII.
2211 3145 2406 3223 401),
2451 3144 2538 3212 27
2579 3144 2926 3233 (inmo),

547 3250 636 3319 28
686 3258 838 3340 (eum
882 3249 1028 3318 XII.
1080 3271 1141 3336 p.
1192 3247 1390 3337 404),
1450 3250 1533 3315 31
1607 3252 1707 3332 (de
1750 3251 2016 3332 Scipione
2060 3252 2384 3336 quaesierit
2430 3249 2612 3318 XIII.
2661 3273 2724 3337 p.
2778 3251 2925 3338 44),

550 3359 637 3426 50
700 3359 957 3445 (imperii
1002 3357 1395 3442 singularis„
1472 3353 1557 3420 56
1621 3362 1686 3421 et
1750 3354 1828 3420 IL
1899 3354 1984 3420 36
2044 3355 2479 3424 additamenta
2525 3357 2722 3424 habes
2769 3377 2924 3444 quae

545 3465 740 3530 huius
799 3462 1045 3530 librarii
1106 3467 1369 3547 captum
1436 3460 1645 3528 multo
1689 3469 2008 3546 superant.
2077 3461 2150 3527 In
2197 3460 2342 3528 aliis
2387 3461 2658 3530 dubium
2707 3469 2926 3530 utrum

548 3567 601 3638 Ο
656 3569 862 3636 aliena
918 3571 1055 3655 ipse
1106 3570 1176 3634 in
1227 3569 1421 3634 verba
1467 3565 1766 3660 Tulliana
1807 3570 2124 3634 invexerit
2169 3589 2250 3634 an
2295 3568 2511 3648 locum
2556 3571 2688 3634 iam
2735 3571 2926 3637 inter-

546 3675 835 3762 polatum
899 3674 1245 3752 invenerit3
1308 3693 1459 3739 nam
1522 3693 1664 3739 raro
1717 3671 2064 3738 admodum
2127 3694 2194 3739 se
2237 3674 2515 3759 produnt
2557 3675 2927 3760 interpreta-

546 3786 767 3847 menta
822 3779 961 3848 loeo
1022 3799 1211 3863 quem
1275 3784 1586 3864 occupant
1633 3778 1712 3864 (I.
1763 3776 1884 3854 57,
1937 3778 2059 3863 58,
2112 3778 2246 3865 60).
2317 3779 2702 3866 Reputanti,
2751 3787 2927 3849 tanta

548 3885 670 3954 fide
732 3883 783 3954 G
830 3886 1111 3952 codicem
1177 3884 1524 3952 reddidisse
1543 3933 1561 3970 ,
1624 3889 1700 3950 ut
1759 3883 1984 3950 mallet
2032 3884 2227 3952 dubia
2273 3887 2371 3952 bis
2417 3889 2690 3956 scribere
2737 3907 2924 3973 quam

546 3995 843 4062 omittere
858 4042 877 4077 ‚
924 3991 1151 4058 stoli-le
1196 4011 1345 4056 eum
1388 3993 1644 4077 saepius
1687 3988 1937 4058 litteras
1980 3993 2270 4058 omisisse
2317 3992 2563 4077 aliquot
2607 3991 2794 4079 plane
2829 4014 2922 4060 se-

548 4121 773 4168 curum
822 4098 901 4165 de
946 4100 1259 4165 sententia
1278 4143 1295 4173 ,
1343 4099 1399 4164 si
1444 4095 1635 4165 modo
1681 4096 1940 4163 litteras.
1971 4098 2188 4164 nitide
2221 4100 2552 4186 pingeret,
2611 4119 2918 4186 nusquam

548 4227 741 4293 paene
786 4205 1190 4289 adscripsisse
1234 4203 1582 4288 quidquam
1601 4251 1619 4288 ,
1665 4221 1792 4268 non
1845 4201 2011 4268 mihi
2049 4202 2376 4289 probabile
2422 4195 2678 4272 videtur
2723 4204 2919 4272 ullam

548 4311 1054 4379 emendationem
1121 4308 1255 4375 sive
1298 4307 1851 4396 interpolationem
1897 4307 2207 4376 maiorem
2256 4310 2336 4377 ab
2382 4329 2456 4378 eo
2503 4329 2638 4380 esse
2679 4331 2918 4396 suscep·
