<?xml version="1.0" encoding="UTF-8"?>
<!DOCTYPE html PUBLIC "-//W3C//DTD XHTML 1.0 Transitional//EN"
    "http://www.w3.org/TR/xhtml1/DTD/xhtml1-transitional.dtd">
<html xmlns="http://www.w3.org/1999/xhtml" xml:lang="en" lang="en">
 <head>
  <title>
</title>
<meta http-equiv="Content-Type" content="text/html;charset=utf-8" />
  <meta name='ocr-system' content='tesseract 3.04.00' />
  <meta name='ocr-capabilities' content='ocr_page ocr_carea ocr_par ocr_line ocrx_word'/>
</head>
<body>
  <div class='ocr_page' id='page_1' title='image "./mnemosyne06servgoog_0659.png"; bbox 0 0 3150 5000; ppageno 0'>
   <div class='ocr_carea' id='block_1_1' title="bbox 1285 273 2596 346">
    <p class='ocr_par' dir='ltr' id='par_1_1' title="bbox 1285 273 2596 346">
     <span class='ocr_line' id='line_1_1' title="bbox 1285 273 2596 346; baseline -0.004 0"><span class='ocrx_word' id='word_1_1' title='bbox 1285 295 1514 346; x_wconf 75' lang='lat' dir='ltr'><strong>comm.</strong></span> <span class='ocrx_word' id='word_1_2' title='bbox 2394 333 2407 346; x_wconf 84' lang='grc'>,</span> <span class='ocrx_word' id='word_1_3' title='bbox 2472 273 2596 340; x_wconf 92' lang='grc'><strong>181</strong></span> 
     </span>
    </p>
   </div>
   <div class='ocr_carea' id='block_1_2' title="bbox 224 461 2605 761">
    <p class='ocr_par' dir='ltr' id='par_1_2' title="bbox 224 461 2605 761">
     <span class='ocr_line' id='line_1_2' title="bbox 225 461 2605 551; baseline -0.003 -19"><span class='ocrx_word' id='word_1_4' title='bbox 225 485 406 551; x_wconf 76' lang='lat' dir='ltr'><strong>opere</strong></span> <span class='ocrx_word' id='word_1_5' title='bbox 444 487 586 550; x_wconf 58' lang='lat' dir='ltr'>‘pto</span> <span class='ocrx_word' id='word_1_6' title='bbox 655 467 793 530; x_wconf 86' lang='lat' dir='ltr'><strong>eius</strong></span> <span class='ocrx_word' id='word_1_7' title='bbox 862 467 1035 530; x_wconf 77' lang='lat' dir='ltr'><strong>vocis</strong></span> <span class='ocrx_word' id='word_1_8' title='bbox 1102 463 1486 551; x_wconf 77' lang='lat' dir='ltr'><strong>glossemate</strong></span> <span class='ocrx_word' id='word_1_9' title='bbox 1556 461 1745 534; x_wconf 77' lang='grc' dir='ltr'><strong><em>κύνας</em></strong></span> <span class='ocrx_word' id='word_1_10' title='bbox 1812 462 1989 528; x_wconf 86' lang='lat' dir='ltr'><strong>reddi</strong></span> <span class='ocrx_word' id='word_1_11' title='bbox 2050 467 2336 548; x_wconf 70' lang='lat' dir='ltr'><strong>oporteat</strong></span> <span class='ocrx_word' id='word_1_12' title='bbox 2382 467 2605 546; x_wconf 73' lang='lat' dir='ltr'><strong>poetae</strong></span> 
     </span>
     <span class='ocr_line' id='line_1_3' title="bbox 224 566 1932 656; baseline -0.002 -20"><span class='ocrx_word' id='word_1_13' title='bbox 224 570 598 648; x_wconf 78' lang='grc' dir='ltr'><strong><em>πυκνούς,</em></strong></span> <span class='ocrx_word' id='word_1_14' title='bbox 649 577 726 636; x_wconf 75' lang='lat' dir='ltr'><strong>ut</strong></span> <span class='ocrx_word' id='word_1_15' title='bbox 770 575 866 636; x_wconf 86' lang='lat' dir='ltr'><strong>est</strong></span> <span class='ocrx_word' id='word_1_16' title='bbox 913 569 1081 656; x_wconf 83' lang='lat' dir='ltr'><strong>apud</strong></span> <span class='ocrx_word' id='word_1_17' title='bbox 1127 568 1462 635; x_wconf 83' lang='lat' dir='ltr'><strong>Alexidem</strong></span> <span class='ocrx_word' id='word_1_18' title='bbox 1511 569 1590 634; x_wconf 87' lang='lat' dir='ltr'><strong>fr.</strong></span> <span class='ocrx_word' id='word_1_19' title='bbox 1644 566 1798 653; x_wconf 87' lang='lat'>149,</span> <span class='ocrx_word' id='word_1_20' title='bbox 1850 566 1932 633; x_wconf 88' lang='grc'><strong>16</strong></span> 
     </span>
     <span class='ocr_line' id='line_1_4' title="bbox 580 672 2178 761; baseline -0.003 -19"><span class='ocrx_word' id='word_1_21' title='bbox 580 677 690 754; x_wconf 76' lang='grc' dir='ltr'><strong>ἤδη</strong></span> <span class='ocrx_word' id='word_1_22' title='bbox 735 675 1028 741; x_wconf 77' lang='grc' dir='ltr'><strong><em>πυκνοὶ</em></strong></span> <span class='ocrx_word' id='word_1_23' title='bbox 1079 675 1134 740; x_wconf 85' lang='grc' dir='ltr'><strong>δ’</strong></span> <span class='ocrx_word' id='word_1_24' title='bbox 1183 674 1473 761; x_wconf 76' lang='grc' dir='ltr'><strong><em>ᾄττουσιν</em></strong></span> <span class='ocrx_word' id='word_1_25' title='bbox 1519 675 1874 756; x_wconf 80' lang='grc' dir='ltr'><strong><em>Ἡφαίστου</em></strong></span> <span class='ocrx_word' id='word_1_26' title='bbox 1923 672 2178 746; x_wconf 77' lang='grc' dir='ltr'><strong><em>κύνες.</em></strong></span> 
     </span>
    </p>
   </div>
   <div class='ocr_carea' id='block_1_3' title="bbox 305 891 746 960">
    <p class='ocr_par' dir='ltr' id='par_1_3' title="bbox 305 891 746 960">
     <span class='ocr_line' id='line_1_5' title="bbox 305 891 746 960; baseline 0 0"><span class='ocrx_word' id='word_1_27' title='bbox 305 892 484 960; x_wconf 92' lang='lat' dir='ltr'><strong>Idem</strong></span> <span class='ocrx_word' id='word_1_28' title='bbox 533 893 605 960; x_wconf 84' lang='lat' dir='ltr'><strong>fr.</strong></span> <span class='ocrx_word' id='word_1_29' title='bbox 658 891 746 960; x_wconf 88' lang='grc'><strong>89</strong></span> 
     </span>
    </p>
   </div>
   <div class='ocr_carea' id='block_1_4' title="bbox 213 995 2599 1598">
    <p class='ocr_par' dir='ltr' id='par_1_4' title="bbox 667 995 2152 1080">
     <span class='ocr_line' id='line_1_6' title="bbox 667 995 2152 1080; baseline -0.001 -13"><span class='ocrx_word' id='word_1_30' title='bbox 667 1001 773 1067; x_wconf 74' lang='grc' dir='ltr'><strong>οὐκ</strong></span> <span class='ocrx_word' id='word_1_31' title='bbox 820 998 897 1066; x_wconf 75' lang='grc' dir='ltr'><strong>ἂν</strong></span> <span class='ocrx_word' id='word_1_32' title='bbox 945 997 1242 1076; x_wconf 77' lang='grc' dir='ltr'><strong><em>δυναίμην</em></strong></span> <span class='ocrx_word' id='word_1_33' title='bbox 1289 999 1613 1080; x_wconf 77' lang='grc' dir='ltr'><strong><em>ἐμφαγεῖν</em></strong></span> <span class='ocrx_word' id='word_1_34' title='bbox 1658 995 1897 1077; x_wconf 75' lang='grc' dir='ltr'><strong><em>ἄρτον</em></strong></span> <span class='ocrx_word' id='word_1_35' title='bbox 1944 997 2152 1065; x_wconf 71' lang='grc' dir='ltr'><strong><em>τινά.</em></strong></span> 
     </span>
    </p>

    <p class='ocr_par' dir='ltr' id='par_1_5' title="bbox 670 1102 2005 1187">
     <span class='ocr_line' id='line_1_7' title="bbox 670 1102 2005 1187; baseline -0.004 -14"><span class='ocrx_word' id='word_1_36' title='bbox 670 1107 842 1186; x_wconf 76' lang='grc' dir='ltr'><strong><em>παρὰ</em></strong></span> <span class='ocrx_word' id='word_1_37' title='bbox 889 1106 1218 1185; x_wconf 80' lang='grc' dir='ltr'><strong><em>Γναθαινίῳ</em></strong></span> <span class='ocrx_word' id='word_1_38' title='bbox 1267 1106 1392 1184; x_wconf 75' lang='grc' dir='ltr'><strong><em>γὰρ</em></strong></span> <span class='ocrx_word' id='word_1_39' title='bbox 1443 1102 1578 1183; x_wconf 74' lang='grc' dir='ltr'><strong><em>ἄρτι</em></strong></span> <span class='ocrx_word' id='word_1_40' title='bbox 1632 1102 2005 1187; x_wconf 74' lang='grc' dir='ltr'><strong><em>κατέφαγον</em></strong></span> 
     </span>
    </p>

    <p class='ocr_par' dir='ltr' id='par_1_6' title="bbox 213 1209 2599 1598">
     <span class='ocr_line' id='line_1_8' title="bbox 669 1209 2075 1295; baseline -0.001 -18"><span class='ocrx_word' id='word_1_41' title='bbox 669 1209 942 1295; x_wconf 77' lang='grc' dir='ltr'><strong><em>ἕψουσαν</em></strong></span> <span class='ocrx_word' id='word_1_42' title='bbox 988 1213 1182 1287; x_wconf 66' lang='grc' dir='ltr'><strong><em>αὐτὴν</em></strong></span> <span class='ocrx_word' id='word_1_43' title='bbox 1231 1209 1621 1288; x_wconf 77' lang='grc' dir='ltr'><strong><em>καταλαβὼν</em></strong></span> <span class='ocrx_word' id='word_1_44' title='bbox 1670 1211 2075 1289; x_wconf 73' lang='grc' dir='ltr'><strong>γηθυλλίδας.</strong></span> 
     </span>
     <span class='ocr_line' id='line_1_9' title="bbox 213 1314 2599 1403; baseline -0.001 -19"><span class='ocrx_word' id='word_1_45' title='bbox 213 1317 399 1384; x_wconf 84' lang='lat' dir='ltr'><strong>Koek</strong></span> <span class='ocrx_word' id='word_1_46' title='bbox 469 1339 635 1398; x_wconf 82' lang='lat' dir='ltr'><strong>„non</strong></span> <span class='ocrx_word' id='word_1_47' title='bbox 699 1318 883 1385; x_wconf 85' lang='lat' dir='ltr'><strong>eredo</strong></span> <span class='ocrx_word' id='word_1_48' title='bbox 946 1325 1201 1403; x_wconf 81' lang='lat' dir='ltr'><strong>poetam</strong></span> <span class='ocrx_word' id='word_1_49' title='bbox 1249 1316 1494 1383; x_wconf 82' lang='lat' dir='ltr'><strong>dedisse</strong></span> <span class='ocrx_word' id='word_1_50' title='bbox 1538 1315 1719 1396; x_wconf 76' lang='grc' dir='ltr'><strong><em>ἄρτον</em></strong></span> <span class='ocrx_word' id='word_1_51' title='bbox 1770 1316 1909 1382; x_wconf 68' lang='grc' dir='ltr'><strong><em>τινα</em></strong></span> <span class='ocrx_word' id='word_1_52' title='bbox 1929 1367 1949 1402; x_wconf 86' lang='grc'><em>,</em></span> <span class='ocrx_word' id='word_1_53' title='bbox 1995 1337 2145 1382; x_wconf 83' lang='lat' dir='ltr'><strong>nam</strong></span> <span class='ocrx_word' id='word_1_54' title='bbox 2193 1317 2272 1382; x_wconf 88' lang='lat' dir='ltr'><strong>de</strong></span> <span class='ocrx_word' id='word_1_55' title='bbox 2319 1314 2599 1384; x_wconf 86' lang='lat' dir='ltr'><strong>oleribus</strong></span> 
     </span>
     <span class='ocr_line' id='line_1_10' title="bbox 213 1421 2597 1510; baseline -0.001 -20"><span class='ocrx_word' id='word_1_56' title='bbox 213 1422 513 1510; x_wconf 79' lang='lat' dir='ltr'><strong>loquitur.</strong></span> <span class='ocrx_word' id='word_1_57' title='bbox 581 1425 752 1492; x_wconf 82' lang='lat' dir='ltr'><strong>Fert.</strong></span> <span class='ocrx_word' id='word_1_58' title='bbox 817 1422 1214 1507; x_wconf 56' lang='lat' dir='ltr'><strong>ipa-duma?</strong></span> <span class='ocrx_word' id='word_1_59' title='bbox 1282 1421 1518 1504; x_wconf 81' lang='lat' dir='ltr'>Quidni</span> <span class='ocrx_word' id='word_1_60' title='bbox 1581 1423 1773 1490; x_wconf 89' lang='lat' dir='ltr'><strong>homo</strong></span> <span class='ocrx_word' id='word_1_61' title='bbox 1820 1423 2097 1490; x_wconf 87' lang='lat' dir='ltr'><strong>oleribus</strong></span> <span class='ocrx_word' id='word_1_62' title='bbox 2144 1427 2323 1490; x_wconf 80' lang='lat' dir='ltr'><strong>satur</strong></span> <span class='ocrx_word' id='word_1_63' title='bbox 2368 1443 2597 1510; x_wconf 78' lang='lat' dir='ltr'><strong>panem</strong></span> 
     </span>
     <span class='ocr_line' id='line_1_11' title="bbox 213 1531 571 1598; baseline 0.006 -2"><span class='ocrx_word' id='word_1_64' title='bbox 213 1531 571 1598; x_wconf 73' lang='lat' dir='ltr'><strong>recusaret?</strong></span> 
     </span>
    </p>
   </div>
   <div class='ocr_carea' id='block_1_5' title="bbox 209 1731 2604 2566">
    <p class='ocr_par' dir='ltr' id='par_1_7' title="bbox 209 1731 2604 2566">
     <span class='ocr_line' id='line_1_12' title="bbox 303 1731 863 1813; baseline -0.002 -13"><span class='ocrx_word' id='word_1_65' title='bbox 303 1732 486 1800; x_wconf 82' lang='lat' dir='ltr'><strong>Idem</strong></span> <span class='ocrx_word' id='word_1_66' title='bbox 534 1735 610 1799; x_wconf 87' lang='lat' dir='ltr'><strong>fr.</strong></span> <span class='ocrx_word' id='word_1_67' title='bbox 661 1731 764 1813; x_wconf 88' lang='grc'><strong>90,</strong></span> <span class='ocrx_word' id='word_1_68' title='bbox 820 1734 863 1799; x_wconf 87' lang='grc'><strong><em>4</em></strong></span> 
     </span>
     <span class='ocr_line' id='line_1_13' title="bbox 1117 1833 2059 1921; baseline 0 -17"><span class='ocrx_word' id='word_1_69' title='bbox 1117 1833 1256 1904; x_wconf 74' lang='grc' dir='ltr'><strong><em>εἶτα</em></strong></span> <span class='ocrx_word' id='word_1_70' title='bbox 1300 1838 1547 1920; x_wconf 77' lang='grc' dir='ltr'><strong><em>χόνδρον</em></strong></span> <span class='ocrx_word' id='word_1_71' title='bbox 1595 1841 1762 1921; x_wconf 74' lang='grc' dir='ltr'><strong><em>αὐτῷ</em></strong></span> <span class='ocrx_word' id='word_1_72' title='bbox 1809 1839 2059 1906; x_wconf 80' lang='grc' dir='ltr'><strong><em>δεύσετε</em></strong></span> 
     </span>
     <span class='ocr_line' id='line_1_14' title="bbox 761 1944 1392 2028; baseline 0 -17"><span class='ocrx_word' id='word_1_73' title='bbox 761 1945 1135 2026; x_wconf 72' lang='grc' dir='ltr'><strong><em>γάλακτι</em></strong></span> <span class='ocrx_word' id='word_1_74' title='bbox 1182 1944 1392 2028; x_wconf 73' lang='grc' dir='ltr'><strong><em>χηνός.</em></strong></span> 
     </span>
     <span class='ocr_line' id='line_1_15' title="bbox 210 2052 2601 2140; baseline -0.002 -18"><span class='ocrx_word' id='word_1_75' title='bbox 210 2054 354 2122; x_wconf 88' lang='lat' dir='ltr'><strong>Non</strong></span> <span class='ocrx_word' id='word_1_76' title='bbox 417 2053 580 2120; x_wconf 88' lang='lat' dir='ltr'><strong>lenis</strong></span> <span class='ocrx_word' id='word_1_77' title='bbox 643 2054 901 2140; x_wconf 88' lang='lat' dir='ltr'><strong>quidem</strong></span> <span class='ocrx_word' id='word_1_78' title='bbox 919 2101 938 2137; x_wconf 86' lang='lat'>,</span> <span class='ocrx_word' id='word_1_79' title='bbox 989 2052 1099 2118; x_wconf 87' lang='lat' dir='ltr'><strong>sed</strong></span> <span class='ocrx_word' id='word_1_80' title='bbox 1145 2053 1496 2118; x_wconf 76' lang='lat' dir='ltr'><strong>necessarie</strong></span> <span class='ocrx_word' id='word_1_81' title='bbox 1539 2056 1759 2119; x_wconf 79' lang='lat' dir='ltr'><strong>tamen</strong></span> <span class='ocrx_word' id='word_1_82' title='bbox 1808 2052 2061 2119; x_wconf 82' lang='lat' dir='ltr'><strong>videtur</strong></span> <span class='ocrx_word' id='word_1_83' title='bbox 2106 2052 2343 2119; x_wconf 82' lang='lat' dir='ltr'><strong>Koekfi</strong></span> <span class='ocrx_word' id='word_1_84' title='bbox 2391 2073 2601 2118; x_wconf 88' lang='lat' dir='ltr'><strong>emen-</strong></span> 
     </span>
     <span class='ocr_line' id='line_1_16' title="bbox 213 2157 2604 2246; baseline -0 -20"><span class='ocrx_word' id='word_1_85' title='bbox 213 2161 386 2226; x_wconf 75' lang='lat' dir='ltr'><strong>datio</strong></span> <span class='ocrx_word' id='word_1_86' title='bbox 448 2184 488 2225; x_wconf 91' lang='grc' dir='ltr'><strong><em>σ</em></strong></span> <span class='ocrx_word' id='word_1_87' title='bbox 505 2159 650 2226; x_wconf 79' lang='grc' dir='ltr'><strong><em>τέα</em></strong></span> <span class='ocrx_word' id='word_1_88' title='bbox 669 2184 706 2224; x_wconf 84' lang='grc' dir='ltr'><strong><em>τ</em></strong></span> <span class='ocrx_word' id='word_1_89' title='bbox 726 2183 767 2225; x_wconf 95' lang='grc' dir='ltr'><strong>ι.</strong></span> <span class='ocrx_word' id='word_1_90' title='bbox 832 2159 1071 2246; x_wconf 80' lang='lat' dir='ltr'>Agitur</span> <span class='ocrx_word' id='word_1_91' title='bbox 1133 2160 1305 2224; x_wconf 89' lang='lat' dir='ltr'><strong>enim</strong></span> <span class='ocrx_word' id='word_1_92' title='bbox 1323 2207 1342 2242; x_wconf 89' lang='lat'><strong>,</strong></span> <span class='ocrx_word' id='word_1_93' title='bbox 1400 2163 1476 2223; x_wconf 81' lang='lat' dir='ltr'><strong>ut</strong></span> <span class='ocrx_word' id='word_1_94' title='bbox 1537 2160 1820 2224; x_wconf 78' lang='lat' dir='ltr'><strong>universi</strong></span> <span class='ocrx_word' id='word_1_95' title='bbox 1886 2157 2012 2225; x_wconf 82' lang='lat' dir='ltr'><strong>loci</strong></span> <span class='ocrx_word' id='word_1_96' title='bbox 2075 2160 2238 2225; x_wconf 73' lang='lat' dir='ltr'><strong>ratio</strong></span> <span class='ocrx_word' id='word_1_97' title='bbox 2285 2157 2453 2225; x_wconf 77' lang='lat' dir='ltr'><strong>clare</strong></span> <span class='ocrx_word' id='word_1_98' title='bbox 2498 2159 2604 2225; x_wconf 90' lang='lat' dir='ltr'><strong>de-</strong></span> 
     </span>
     <span class='ocr_line' id='line_1_17' title="bbox 212 2266 2603 2352; baseline 0 -20"><span class='ocrx_word' id='word_1_99' title='bbox 212 2272 555 2343; x_wconf 77' lang='lat' dir='ltr'><strong>monstrat,</strong></span> <span class='ocrx_word' id='word_1_100' title='bbox 604 2267 678 2330; x_wconf 80' lang='lat' dir='ltr'><strong>do</strong></span> <span class='ocrx_word' id='word_1_101' title='bbox 721 2287 866 2330; x_wconf 75' lang='lat' dir='ltr'><strong>eane</strong></span> <span class='ocrx_word' id='word_1_102' title='bbox 911 2287 1086 2346; x_wconf 67' lang='grc' dir='ltr'><strong><em>περι-ο</em></strong></span> <span class='ocrx_word' id='word_1_103' title='bbox 1107 2312 1123 2343; x_wconf 86' lang='grc'><em>,</em></span> <span class='ocrx_word' id='word_1_104' title='bbox 1169 2285 1442 2352; x_wconf 76' lang='lat' dir='ltr'><strong>mag-nae</strong></span> <span class='ocrx_word' id='word_1_105' title='bbox 1481 2285 1632 2331; x_wconf 84' lang='lat' dir='ltr'><strong>vero</strong></span> <span class='ocrx_word' id='word_1_106' title='bbox 1672 2270 1822 2330; x_wconf 80' lang='lat' dir='ltr'><strong>sunt</strong></span> <span class='ocrx_word' id='word_1_107' title='bbox 1862 2267 1926 2330; x_wconf 89' lang='lat' dir='ltr'><strong>in</strong></span> <span class='ocrx_word' id='word_1_108' title='bbox 1966 2270 2257 2332; x_wconf 81' lang='lat' dir='ltr'><strong>veterum</strong></span> <span class='ocrx_word' id='word_1_109' title='bbox 2286 2266 2603 2332; x_wconf 76' lang='lat' dir='ltr'><strong>medicine</strong></span> 
     </span>
     <span class='ocr_line' id='line_1_18' title="bbox 209 2368 2603 2460; baseline -0.001 -21"><span class='ocrx_word' id='word_1_110' title='bbox 209 2381 422 2460; x_wconf 77' lang='lat' dir='ltr'><strong>partes</strong></span> <span class='ocrx_word' id='word_1_111' title='bbox 468 2375 576 2437; x_wconf 82' lang='grc' dir='ltr'><strong><em>τοῦ</em></strong></span> <span class='ocrx_word' id='word_1_112' title='bbox 625 2374 870 2454; x_wconf 77' lang='grc' dir='ltr'><strong><em>χηνείου</em></strong></span> <span class='ocrx_word' id='word_1_113' title='bbox 916 2370 1210 2447; x_wconf 78' lang='grc' dir='ltr'><strong><em>στέατος,</em></strong></span> <span class='ocrx_word' id='word_1_114' title='bbox 1253 2370 1419 2456; x_wconf 87' lang='lat' dir='ltr'><strong>quod</strong></span> <span class='ocrx_word' id='word_1_115' title='bbox 1462 2377 1575 2436; x_wconf 81' lang='lat' dir='ltr'><strong>aut</strong></span> <span class='ocrx_word' id='word_1_116' title='bbox 1616 2372 1707 2436; x_wconf 83' lang='lat' dir='ltr'><strong>sie</strong></span> <span class='ocrx_word' id='word_1_117' title='bbox 1748 2371 1986 2437; x_wconf 85' lang='lat' dir='ltr'><strong>dieitur</strong></span> <span class='ocrx_word' id='word_1_118' title='bbox 2020 2377 2132 2437; x_wconf 80' lang='lat' dir='ltr'><strong>eut</strong></span> <span class='ocrx_word' id='word_1_119' title='bbox 2169 2373 2355 2452; x_wconf 73' lang='grc' dir='ltr'><strong><em>χηνὸς</em></strong></span> <span class='ocrx_word' id='word_1_120' title='bbox 2398 2368 2603 2436; x_wconf 81' lang='grc' dir='ltr'><strong><em>ἔλαιον</em></strong></span> 
     </span>
     <span class='ocr_line' id='line_1_19' title="bbox 211 2476 2598 2566; baseline 0 -19"><span class='ocrx_word' id='word_1_121' title='bbox 211 2488 323 2547; x_wconf 78' lang='lat' dir='ltr'><strong>aut</strong></span> <span class='ocrx_word' id='word_1_122' title='bbox 369 2477 558 2562; x_wconf 74' lang='grc' dir='ltr'><strong><em>χηνὸς</em></strong></span> <span class='ocrx_word' id='word_1_123' title='bbox 604 2476 846 2557; x_wconf 70' lang='grc' dir='ltr'><strong><em>ἄλειφα</em></strong></span> <span class='ocrx_word' id='word_1_124' title='bbox 867 2528 883 2557; x_wconf 86' lang='grc'><strong><em>,</em></strong></span> <span class='ocrx_word' id='word_1_125' title='bbox 931 2477 1099 2545; x_wconf 88' lang='lat' dir='ltr'><strong>unde</strong></span> <span class='ocrx_word' id='word_1_126' title='bbox 1148 2484 1405 2565; x_wconf 79' lang='lat' dir='ltr'><strong>apparet</strong></span> <span class='ocrx_word' id='word_1_127' title='bbox 1453 2479 1697 2565; x_wconf 76' lang='lat' dir='ltr'><strong>optime</strong></span> <span class='ocrx_word' id='word_1_128' title='bbox 1734 2479 1922 2566; x_wconf 80' lang='lat' dir='ltr'><strong>iungi</strong></span> <span class='ocrx_word' id='word_1_129' title='bbox 1960 2500 2108 2545; x_wconf 85' lang='lat' dir='ltr'><strong>eum</strong></span> <span class='ocrx_word' id='word_1_130' title='bbox 2150 2479 2343 2546; x_wconf 82' lang='lat' dir='ltr'><strong>verbo</strong></span> <span class='ocrx_word' id='word_1_131' title='bbox 2388 2477 2598 2547; x_wconf 77' lang='grc' dir='ltr'><strong><em>δεύειν.</em></strong></span> 
     </span>
    </p>
   </div>
   <div class='ocr_carea' id='block_1_6' title="bbox 209 2584 2599 2779">
    <p class='ocr_par' dir='ltr' id='par_1_8' title="bbox 209 2584 2599 2779">
     <span class='ocr_line' id='line_1_20' title="bbox 209 2584 2599 2673; baseline -0.001 -20"><span class='ocrx_word' id='word_1_132' title='bbox 209 2586 264 2652; x_wconf 78' lang='grc' dir='ltr'>Ε</span> <span class='ocrx_word' id='word_1_133' title='bbox 311 2586 448 2653; x_wconf 85' lang='lat' dir='ltr'><strong>solo</strong></span> <span class='ocrx_word' id='word_1_134' title='bbox 493 2585 656 2652; x_wconf 87' lang='lat' dir='ltr'><strong>libro</strong></span> <span class='ocrx_word' id='word_1_135' title='bbox 703 2589 912 2673; x_wconf 86' lang='lat' dir='ltr'><strong>primo</strong></span> <span class='ocrx_word' id='word_1_136' title='bbox 958 2586 1032 2649; x_wconf 81' lang='lat' dir='ltr'><strong>de</strong></span> <span class='ocrx_word' id='word_1_137' title='bbox 1069 2585 1286 2649; x_wconf 68' lang='lat' dir='ltr'><strong>morbis</strong></span> <span class='ocrx_word' id='word_1_138' title='bbox 1326 2584 1639 2649; x_wconf 72' lang='lat' dir='ltr'><strong>mulierum</strong></span> <span class='ocrx_word' id='word_1_139' title='bbox 1678 2585 1759 2649; x_wconf 81' lang='lat' dir='ltr'><strong>ef.</strong></span> <span class='ocrx_word' id='word_1_140' title='bbox 1800 2584 1965 2650; x_wconf 87' lang='lat' dir='ltr'><strong>mihi</strong></span> <span class='ocrx_word' id='word_1_141' title='bbox 2002 2584 2174 2651; x_wconf 84' lang='lat' dir='ltr'><strong>loeos</strong></span> <span class='ocrx_word' id='word_1_142' title='bbox 2211 2585 2399 2651; x_wconf 86' lang='lat' dir='ltr'><strong>hosce</strong></span> <span class='ocrx_word' id='word_1_143' title='bbox 2438 2585 2599 2673; x_wconf 88' lang='lat' dir='ltr'><strong>Hip-</strong></span> 
     </span>
     <span class='ocr_line' id='line_1_21' title="bbox 209 2688 2597 2779; baseline -0.002 -20"><span class='ocrx_word' id='word_1_144' title='bbox 209 2712 376 2779; x_wconf 86' lang='lat' dir='ltr'><strong>poer.</strong></span> <span class='ocrx_word' id='word_1_145' title='bbox 443 2691 539 2758; x_wconf 88' lang='lat' dir='ltr'><strong>ed.</strong></span> <span class='ocrx_word' id='word_1_146' title='bbox 599 2690 774 2757; x_wconf 80' lang='lat' dir='ltr'><strong>Erm.</strong></span> <span class='ocrx_word' id='word_1_147' title='bbox 825 2689 964 2758; x_wconf 87' lang='lat' dir='ltr'><strong>Vol.</strong></span> <span class='ocrx_word' id='word_1_148' title='bbox 1027 2689 1134 2755; x_wconf 88' lang='lat' dir='ltr'><strong>II:</strong></span> <span class='ocrx_word' id='word_1_149' title='bbox 1201 2712 1258 2775; x_wconf 86' lang='lat' dir='ltr'><strong>p.</strong></span> <span class='ocrx_word' id='word_1_150' title='bbox 1312 2688 1463 2755; x_wconf 83' lang='lat'>551.</span> <span class='ocrx_word' id='word_1_151' title='bbox 1512 2688 1667 2756; x_wconf 89' lang='grc'><strong><em>565.</em></strong></span> <span class='ocrx_word' id='word_1_152' title='bbox 1718 2688 1871 2755; x_wconf 91' lang='grc'><strong><em>571.</em></strong></span> <span class='ocrx_word' id='word_1_153' title='bbox 1924 2688 2077 2755; x_wconf 89' lang='grc'><strong><em>596.</em></strong></span> <span class='ocrx_word' id='word_1_154' title='bbox 2122 2689 2253 2755; x_wconf 83' lang='grc'><strong>605</strong></span> <span class='ocrx_word' id='word_1_155' title='bbox 2301 2712 2393 2777; x_wconf 87' lang='lat' dir='ltr'><strong>sq.</strong></span> <span class='ocrx_word' id='word_1_156' title='bbox 2444 2689 2597 2757; x_wconf 90' lang='grc'><strong><em>606.</em></strong></span> 
     </span>
    </p>
   </div>
   <div class='ocr_carea' id='block_1_7' title="bbox 209 2793 2601 3410">
    <p class='ocr_par' dir='ltr' id='par_1_9' title="bbox 209 2793 2601 3410">
     <span class='ocr_line' id='line_1_22' title="bbox 211 2793 2600 2884; baseline 0 -21"><span class='ocrx_word' id='word_1_157' title='bbox 211 2798 364 2867; x_wconf 92' lang='grc'><strong><em>607.</em></strong></span> <span class='ocrx_word' id='word_1_158' title='bbox 416 2795 548 2862; x_wconf 93' lang='grc'><strong>612</strong></span> <span class='ocrx_word' id='word_1_159' title='bbox 594 2799 764 2884; x_wconf 81' lang='lat' dir='ltr'><strong>(ter).</strong></span> <span class='ocrx_word' id='word_1_160' title='bbox 819 2796 970 2863; x_wconf 83' lang='lat'>624.</span> <span class='ocrx_word' id='word_1_161' title='bbox 1024 2795 1175 2862; x_wconf 88' lang='grc'><strong><em>625.</em></strong></span> <span class='ocrx_word' id='word_1_162' title='bbox 1228 2794 1381 2863; x_wconf 90' lang='grc'><strong><em>628.</em></strong></span> <span class='ocrx_word' id='word_1_163' title='bbox 1432 2795 1585 2864; x_wconf 84' lang='grc'><strong><em>630.</em></strong></span> <span class='ocrx_word' id='word_1_164' title='bbox 1638 2794 1793 2861; x_wconf 84' lang='grc'><strong><em>631.</em></strong></span> <span class='ocrx_word' id='word_1_165' title='bbox 1843 2793 1969 2861; x_wconf 89' lang='grc'><strong>641</strong></span> <span class='ocrx_word' id='word_1_166' title='bbox 2025 2798 2198 2882; x_wconf 88' lang='lat' dir='ltr'><strong>(bis).</strong></span> <span class='ocrx_word' id='word_1_167' title='bbox 2251 2796 2399 2863; x_wconf 83' lang='grc'><strong><em>643.</em></strong></span> <span class='ocrx_word' id='word_1_168' title='bbox 2446 2795 2600 2864; x_wconf 92' lang='grc'><strong><em>645.</em></strong></span> 
     </span>
     <span class='ocr_line' id='line_1_23' title="bbox 209 2901 2597 2991; baseline -0 -21"><span class='ocrx_word' id='word_1_169' title='bbox 209 2904 542 2972; x_wconf 83' lang='lat' dir='ltr'><strong>Interdum</strong></span> <span class='ocrx_word' id='word_1_170' title='bbox 608 2907 881 2969; x_wconf 79' lang='lat' dir='ltr'><strong>occurrit</strong></span> <span class='ocrx_word' id='word_1_171' title='bbox 939 2901 1186 2982; x_wconf 75' lang='grc' dir='ltr'><strong><em>ὄρνιθος,</em></strong></span> <span class='ocrx_word' id='word_1_172' title='bbox 1247 2903 1292 2968; x_wconf 90' lang='lat' dir='ltr'><strong>i.</strong></span> <span class='ocrx_word' id='word_1_173' title='bbox 1342 2923 1392 2968; x_wconf 90' lang='lat' dir='ltr'><strong>e.</strong></span> <span class='ocrx_word' id='word_1_174' title='bbox 1463 2901 1779 2991; x_wconf 78' lang='lat' dir='ltr'><strong>gallinae,</strong></span> <span class='ocrx_word' id='word_1_175' title='bbox 1826 2904 2051 2983; x_wconf 80' lang='grc' dir='ltr'><strong><em>στέαρ,</em></strong></span> <span class='ocrx_word' id='word_1_176' title='bbox 2102 2902 2283 2969; x_wconf 77' lang='lat' dir='ltr'><strong>velut</strong></span> <span class='ocrx_word' id='word_1_177' title='bbox 2329 2926 2390 2989; x_wconf 90' lang='lat' dir='ltr'><strong>p.</strong></span> <span class='ocrx_word' id='word_1_178' title='bbox 2444 2902 2597 2969; x_wconf 89' lang='grc'><strong><em>768.</em></strong></span> 
     </span>
     <span class='ocr_line' id='line_1_24' title="bbox 212 3008 2601 3097; baseline -0.001 -19"><span class='ocrx_word' id='word_1_179' title='bbox 212 3008 490 3078; x_wconf 76' lang='lat' dir='ltr'><strong>Curatur</strong></span> <span class='ocrx_word' id='word_1_180' title='bbox 535 3018 748 3077; x_wconf 82' lang='lat' dir='ltr'><strong>autem</strong></span> <span class='ocrx_word' id='word_1_181' title='bbox 797 3012 969 3076; x_wconf 76' lang='lat' dir='ltr'><strong>oanis</strong></span> <span class='ocrx_word' id='word_1_182' title='bbox 1017 3012 1346 3076; x_wconf 81' lang='lat' dir='ltr'><strong>venaticus</strong></span> <span class='ocrx_word' id='word_1_183' title='bbox 1393 3008 1711 3074; x_wconf 80' lang='lat' dir='ltr'><strong>Procridis</strong></span> <span class='ocrx_word' id='word_1_184' title='bbox 1758 3016 1833 3074; x_wconf 79' lang='lat' dir='ltr'><strong>ut</strong></span> <span class='ocrx_word' id='word_1_185' title='bbox 1878 3010 2110 3076; x_wconf 87' lang='lat' dir='ltr'><strong>homo:</strong></span> <span class='ocrx_word' id='word_1_186' title='bbox 2151 3030 2273 3075; x_wconf 88' lang='lat' dir='ltr'><strong>non</strong></span> <span class='ocrx_word' id='word_1_187' title='bbox 2314 3009 2601 3097; x_wconf 84' lang='lat' dir='ltr'><strong>loquitur</strong></span> 
     </span>
     <span class='ocr_line' id='line_1_25' title="bbox 214 3113 2597 3202; baseline -0.001 -20"><span class='ocrx_word' id='word_1_188' title='bbox 214 3118 288 3184; x_wconf 88' lang='lat' dir='ltr'><strong>de</strong></span> <span class='ocrx_word' id='word_1_189' title='bbox 335 3138 409 3185; x_wconf 88' lang='lat' dir='ltr'><strong>eo</strong></span> <span class='ocrx_word' id='word_1_190' title='bbox 459 3116 740 3199; x_wconf 85' lang='lat' dir='ltr'><strong>Procris,</strong></span> <span class='ocrx_word' id='word_1_191' title='bbox 787 3123 1090 3202; x_wconf 80' lang='lat' dir='ltr'><strong>tanquam</strong></span> <span class='ocrx_word' id='word_1_192' title='bbox 1143 3118 1230 3181; x_wconf 81' lang='lat' dir='ltr'><strong>sit</strong></span> <span class='ocrx_word' id='word_1_193' title='bbox 1268 3113 1556 3180; x_wconf 77' lang='lat' dir='ltr'><strong>canicula</strong></span> <span class='ocrx_word' id='word_1_194' title='bbox 1594 3114 1991 3200; x_wconf 74' lang='lat' dir='ltr'><strong>Melitensis,</strong></span> <span class='ocrx_word' id='word_1_195' title='bbox 2030 3135 2191 3201; x_wconf 82' lang='lat' dir='ltr'><strong>quae</strong></span> <span class='ocrx_word' id='word_1_196' title='bbox 2227 3123 2323 3182; x_wconf 82' lang='lat' dir='ltr'><strong>est</strong></span> <span class='ocrx_word' id='word_1_197' title='bbox 2360 3115 2597 3181; x_wconf 80' lang='lat' dir='ltr'><strong>Kockii</strong></span> 
     </span>
     <span class='ocr_line' id='line_1_26' title="bbox 211 3221 2595 3301; baseline -0 -14"><span class='ocrx_word' id='word_1_198' title='bbox 211 3226 544 3291; x_wconf 74' lang='lat' dir='ltr'><strong>sententia.</strong></span> <span class='ocrx_word' id='word_1_199' title='bbox 607 3222 985 3288; x_wconf 79' lang='lat' dir='ltr'><strong>Rectissime</strong></span> <span class='ocrx_word' id='word_1_200' title='bbox 1049 3221 1413 3288; x_wconf 79' lang='lat' dir='ltr'><strong>Athenaeus</strong></span> <span class='ocrx_word' id='word_1_201' title='bbox 1471 3222 1648 3301; x_wconf 80' lang='grc' dir='ltr'><strong><em>λέγει</em></strong></span> <span class='ocrx_word' id='word_1_202' title='bbox 1712 3244 1804 3294; x_wconf 78' lang='grc' dir='ltr'><strong>τις</strong></span> <span class='ocrx_word' id='word_1_203' title='bbox 1854 3227 1981 3295; x_wconf 76' lang='grc' dir='ltr'><strong>πῶς</strong></span> <span class='ocrx_word' id='word_1_204' title='bbox 2028 3222 2125 3287; x_wconf 81' lang='grc' dir='ltr'><strong>δεῖ</strong></span> <span class='ocrx_word' id='word_1_205' title='bbox 2166 3223 2595 3301; x_wconf 77' lang='grc' dir='ltr'><strong><em>ἐπιμελεῖσθαι</em></strong></span> 
     </span>
     <span class='ocr_line' id='line_1_27' title="bbox 210 3327 2597 3410; baseline 0 -16"><span class='ocrx_word' id='word_1_206' title='bbox 210 3338 316 3396; x_wconf 85' lang='grc' dir='ltr'><strong><em>τοῦ</em></strong></span> <span class='ocrx_word' id='word_1_207' title='bbox 379 3337 490 3404; x_wconf 78' lang='grc' dir='ltr'><strong><em>τῆς</em></strong></span> <span class='ocrx_word' id='word_1_208' title='bbox 557 3329 872 3410; x_wconf 79' lang='grc' dir='ltr'><strong><em>Πρόκριδος</em></strong></span> <span class='ocrx_word' id='word_1_209' title='bbox 931 3331 1103 3401; x_wconf 81' lang='grc' dir='ltr'><strong><em>κυνὸς</em></strong></span> <span class='ocrx_word' id='word_1_210' title='bbox 1161 3331 1254 3400; x_wconf 79' lang='grc' dir='ltr'><strong>ὥς</strong></span> <span class='ocrx_word' id='word_1_211' title='bbox 1316 3327 1490 3407; x_wconf 76' lang='grc' dir='ltr'><strong><em>περὶ</em></strong></span> <span class='ocrx_word' id='word_1_212' title='bbox 1551 3328 1966 3409; x_wconf 80' lang='grc' dir='ltr'><strong><em>α’νθρῶπου</em></strong></span> <span class='ocrx_word' id='word_1_213' title='bbox 2015 3329 2119 3394; x_wconf 83' lang='grc' dir='ltr'><strong><em>τὸν</em></strong></span> <span class='ocrx_word' id='word_1_214' title='bbox 2164 3328 2348 3407; x_wconf 81' lang='grc' dir='ltr'><strong><em>λόγον</em></strong></span> <span class='ocrx_word' id='word_1_215' title='bbox 2396 3328 2597 3395; x_wconf 83' lang='grc' dir='ltr'><strong><em>ποιού-</em></strong></span> 
     </span>
    </p>
   </div>
   <div class='ocr_carea' id='block_1_8' title="bbox 212 3454 493 3515">
    <p class='ocr_par' dir='ltr' id='par_1_10' title="bbox 212 3454 493 3515">
     <span class='ocr_line' id='line_1_28' title="bbox 212 3454 493 3515; baseline 0 -12"><span class='ocrx_word' id='word_1_216' title='bbox 212 3460 410 3515; x_wconf 76' lang='grc' dir='ltr'><strong><em>μενος.</em></strong></span> <span class='ocrx_word' id='word_1_217' title='bbox 467 3454 493 3477; x_wconf 83' lang='lat'><strong><em>‘</em></strong></span> 
     </span>
    </p>
   </div>
   <div class='ocr_carea' id='block_1_9' title="bbox 208 3639 2591 4046">
    <p class='ocr_par' dir='ltr' id='par_1_11' title="bbox 208 3639 2591 4046">
     <span class='ocr_line' id='line_1_29' title="bbox 301 3639 829 3707; baseline -0.004 0"><span class='ocrx_word' id='word_1_218' title='bbox 301 3641 479 3707; x_wconf 84' lang='lat' dir='ltr'><strong>Idem</strong></span> <span class='ocrx_word' id='word_1_219' title='bbox 529 3642 604 3707; x_wconf 81' lang='lat' dir='ltr'><strong>fr.</strong></span> <span class='ocrx_word' id='word_1_220' title='bbox 656 3639 743 3706; x_wconf 83' lang='lat'><strong>98</strong></span> <span class='ocrx_word' id='word_1_221' title='bbox 794 3640 829 3705; x_wconf 92' lang='lat'>1</span> 
     </span>
     <span class='ocr_line' id='line_1_30' title="bbox 661 3744 2230 3827; baseline 0.001 -15"><span class='ocrx_word' id='word_1_222' title='bbox 661 3749 757 3823; x_wconf 76' lang='grc' dir='ltr'><strong>μὰ</strong></span> <span class='ocrx_word' id='word_1_223' title='bbox 807 3751 908 3812; x_wconf 88' lang='grc' dir='ltr'><strong>Δι’</strong></span> <span class='ocrx_word' id='word_1_224' title='bbox 955 3747 1094 3827; x_wconf 79' lang='grc' dir='ltr'><strong>οὐχὶ</strong></span> <span class='ocrx_word' id='word_1_225' title='bbox 1146 3744 1732 3827; x_wconf 73' lang='grc' dir='ltr'><strong><em>περιπεπλασμέναι</em></strong></span> <span class='ocrx_word' id='word_1_226' title='bbox 1780 3749 2230 3827; x_wconf 76' lang='grc' dir='ltr'><strong><em>ψιμυθίοις.</em></strong></span> 
     </span>
     <span class='ocr_line' id='line_1_31' title="bbox 208 3851 2591 3941; baseline 0.001 -23"><span class='ocrx_word' id='word_1_227' title='bbox 208 3851 429 3921; x_wconf 85' lang='lat' dir='ltr'><strong>Potior</strong></span> <span class='ocrx_word' id='word_1_228' title='bbox 483 3853 739 3919; x_wconf 79' lang='lat' dir='ltr'><strong>videtur</strong></span> <span class='ocrx_word' id='word_1_229' title='bbox 799 3853 936 3919; x_wconf 85' lang='lat' dir='ltr'><strong>eod.</strong></span> <span class='ocrx_word' id='word_1_230' title='bbox 1001 3852 1072 3920; x_wconf 84' lang='grc' dir='ltr'><strong><em>Ο.</em></strong></span> <span class='ocrx_word' id='word_1_231' title='bbox 1139 3861 1204 3919; x_wconf 81' lang='lat' dir='ltr'><strong>et</strong></span> <span class='ocrx_word' id='word_1_232' title='bbox 1249 3853 1573 3919; x_wconf 81' lang='lat' dir='ltr'><strong>Eustathii</strong></span> <span class='ocrx_word' id='word_1_233' title='bbox 1622 3852 1810 3920; x_wconf 79' lang='lat' dir='ltr'><strong>lectio</strong></span> <span class='ocrx_word' id='word_1_234' title='bbox 1856 3853 2251 3941; x_wconf 81' lang='grc' dir='ltr'><strong><em>ψιμυθίῳ,</em></strong></span> <span class='ocrx_word' id='word_1_235' title='bbox 2298 3862 2375 3919; x_wconf 83' lang='lat' dir='ltr'><strong>ut</strong></span> <span class='ocrx_word' id='word_1_236' title='bbox 2421 3861 2591 3921; x_wconf 81' lang='lat' dir='ltr'><strong>reete</strong></span> 
     </span>
     <span class='ocr_line' id='line_1_32' title="bbox 210 3958 1615 4046; baseline -0.001 -21"><span class='ocrx_word' id='word_1_237' title='bbox 210 3962 408 4026; x_wconf 79' lang='lat' dir='ltr'><strong>etiem</strong></span> <span class='ocrx_word' id='word_1_238' title='bbox 453 3980 549 4027; x_wconf 80' lang='lat' dir='ltr'><strong>vs.</strong></span> <span class='ocrx_word' id='word_1_239' title='bbox 598 3958 640 4024; x_wconf 83' lang='lat'>8</span> <span class='ocrx_word' id='word_1_240' title='bbox 689 3963 1000 4046; x_wconf 82' lang='lat' dir='ltr'><strong>seriptum</strong></span> <span class='ocrx_word' id='word_1_241' title='bbox 1049 3967 1146 4027; x_wconf 79' lang='lat' dir='ltr'><strong>est</strong></span> <span class='ocrx_word' id='word_1_242' title='bbox 1191 3961 1615 4041; x_wconf 82' lang='grc' dir='ltr'><strong><em>ψιμυθίου.</em></strong></span> 
     </span>
    </p>
   </div>
   <div class='ocr_carea' id='block_1_10' title="bbox 303 4174 1156 4262">
    <p class='ocr_par' dir='ltr' id='par_1_12' title="bbox 303 4174 1156 4262">
     <span class='ocr_line' id='line_1_33' title="bbox 303 4174 1156 4262; baseline -0.002 -19"><span class='ocrx_word' id='word_1_243' title='bbox 303 4174 794 4255; x_wconf 70' lang='lat' dir='ltr'><strong>Pmmmns,</strong></span> <span class='ocrx_word' id='word_1_244' title='bbox 839 4175 916 4242; x_wconf 88' lang='lat' dir='ltr'><strong>fr.</strong></span> <span class='ocrx_word' id='word_1_245' title='bbox 967 4174 1030 4262; x_wconf 81' lang='lat'><strong>3,</strong></span> <span class='ocrx_word' id='word_1_246' title='bbox 1083 4176 1156 4241; x_wconf 89' lang='lat'><strong>1:</strong></span> 
     </span>
    </p>
   </div>
   <div class='ocr_carea' id='block_1_11' title="bbox 213 4282 2586 4477">
    <p class='ocr_par' dir='ltr' id='par_1_13' title="bbox 213 4282 2586 4477">
     <span class='ocr_line' id='line_1_34' title="bbox 571 4282 2192 4365; baseline 0.001 -17"><span class='ocrx_word' id='word_1_247' title='bbox 571 4282 686 4349; x_wconf 74' lang='grc' dir='ltr'><strong>κᾶν</strong></span> <span class='ocrx_word' id='word_1_248' title='bbox 737 4282 836 4361; x_wconf 60' lang='grc' dir='ltr'><strong>δέη</strong></span> <span class='ocrx_word' id='word_1_249' title='bbox 860 4334 875 4359; x_wconf 88' lang='grc'><em>,</em></span> <span class='ocrx_word' id='word_1_250' title='bbox 926 4308 965 4348; x_wconf 87' lang='grc' dir='ltr'><strong><em>τ</em></strong></span> <span class='ocrx_word' id='word_1_251' title='bbox 981 4308 1010 4365; x_wconf 89' lang='grc' dir='ltr'><strong><em>ρ</em></strong></span> <span class='ocrx_word' id='word_1_252' title='bbox 1027 4307 1054 4349; x_wconf 89' lang='grc' dir='ltr'><strong><em>ο</em></strong></span> <span class='ocrx_word' id='word_1_253' title='bbox 1070 4307 1123 4364; x_wconf 78' lang='grc' dir='ltr'><em>χ</em></span> <span class='ocrx_word' id='word_1_254' title='bbox 1143 4282 1184 4348; x_wconf 89' lang='grc' dir='ltr'><strong><em>α’</em></strong></span> <span class='ocrx_word' id='word_1_255' title='bbox 1203 4282 1244 4365; x_wconf 86' lang='grc' dir='ltr'><em>ζ</em></span> <span class='ocrx_word' id='word_1_256' title='bbox 1257 4308 1299 4347; x_wconf 84' lang='grc' dir='ltr'><strong><em>ω</em></strong></span> <span class='ocrx_word' id='word_1_257' title='bbox 1354 4282 1587 4349; x_wconf 69' lang='grc' dir='ltr'><strong><em>στάδια</em></strong></span> <span class='ocrx_word' id='word_1_258' title='bbox 1636 4284 1831 4349; x_wconf 85' lang='grc' dir='ltr'><strong><em>πλείω</em></strong></span> <span class='ocrx_word' id='word_1_259' title='bbox 1883 4283 2192 4350; x_wconf 70' lang='grc' dir='ltr'><strong><em>Σωτάδου.</em></strong></span> 
     </span>
     <span class='ocr_line' id='line_1_35' title="bbox 213 4384 2586 4477; baseline 0.002 -24"><span class='ocrx_word' id='word_1_260' title='bbox 213 4384 478 4475; x_wconf 79' lang='lat' dir='ltr'><strong>Propter</strong></span> <span class='ocrx_word' id='word_1_261' title='bbox 519 4411 782 4477; x_wconf 88' lang='lat' dir='ltr'><strong>sequens</strong></span> <span class='ocrx_word' id='word_1_262' title='bbox 828 4391 1119 4457; x_wconf 84' lang='lat' dir='ltr'><strong>futurum</strong></span> <span class='ocrx_word' id='word_1_263' title='bbox 1160 4390 1496 4472; x_wconf 79' lang='grc' dir='ltr'><strong><em>ὑπερβαλῶ</em></strong></span> <span class='ocrx_word' id='word_1_264' title='bbox 1532 4392 1797 4457; x_wconf 76' lang='lat' dir='ltr'><strong>fortasse</strong></span> <span class='ocrx_word' id='word_1_265' title='bbox 1836 4394 2051 4459; x_wconf 81' lang='lat' dir='ltr'><strong>verius</strong></span> <span class='ocrx_word' id='word_1_266' title='bbox 2076 4397 2172 4458; x_wconf 80' lang='lat' dir='ltr'><strong>est</strong></span> <span class='ocrx_word' id='word_1_267' title='bbox 2209 4415 2248 4455; x_wconf 88' lang='grc' dir='ltr'><strong><em>τ</em></strong></span> <span class='ocrx_word' id='word_1_268' title='bbox 2265 4414 2296 4471; x_wconf 87' lang='grc' dir='ltr'><strong><em>ρ</em></strong></span> <span class='ocrx_word' id='word_1_269' title='bbox 2314 4414 2341 4455; x_wconf 90' lang='grc' dir='ltr'><strong><em>ο</em></strong></span> <span class='ocrx_word' id='word_1_270' title='bbox 2357 4413 2409 4470; x_wconf 78' lang='grc' dir='ltr'><em>χ</em></span> <span class='ocrx_word' id='word_1_271' title='bbox 2426 4392 2468 4457; x_wconf 72' lang='grc' dir='ltr'><em>ά</em></span> <span class='ocrx_word' id='word_1_272' title='bbox 2489 4415 2528 4455; x_wconf 90' lang='grc' dir='ltr'><strong><em>σ</em></strong></span> <span class='ocrx_word' id='word_1_273' title='bbox 2544 4416 2586 4457; x_wconf 77' lang='grc' dir='ltr'><strong>ω</strong></span> 
     </span>
    </p>
   </div>
  </div>
 </body>
</html>
