3150 5000
1161 1059 1856 1144 OBSERVATIONES
1914 1069 2320 1146 CRITICAE

1708 1312 1773 1354 18

1129 1509 1652 1618 FLAVIUM
1752 1509 1810 1615 J
1814 1509 2371 1618 OSEPHUM.
2452 1500 2463 1510 ’

1608 1787 1891 1842 sonn’sn·

1465 1989 1535 2060 S.
1578 1993 1656 2060 A.
1706 1992 2017 2060 NABER.

1555 2280 1939 2318 *w-

1007 2532 1503 2622 (Com-innamm-
1549 2560 1625 2603 ex
1669 2536 1851 2601 buius
1900 2537 2050 2601 Tom.
2094 2560 2248 2625 paq.
2298 2534 2481 2623 284).

647 2749 721 2815 In
769 2752 992 2815 Mnem.
1041 2747 1250 2814 XXII.
1303 2750 1334 2815 1
1388 2746 1665 2815 Cobetus
1711 2770 1911 2835 nuper
1958 2750 2235 2835 suscepit
2272 2748 2706 2817 demonstrare
2729 2748 2917 2815 Heca-

559 2860 687 2925 taei
747 2856 992 2922 Milesii
1051 2858 1285 2940 scripta
1349 2855 1525 2920 brevi
1572 2864 1717 2942 post
1765 2855 2163 2923 Herodotum
2214 2858 2475 2942 periisse
2521 2864 2587 2923 et
2632 2850 2918 2944 quidquid

558 2966 677 3031 sub
744 2962 1048 3029 Hecataei
1109 2965 1368 3028 nomine
1429 2971 1646 3048 postea
1708 2962 2007 3041 ferretur,
2076 2964 2273 3029 fuisse
2318 2965 2827 3045 ψευδεπίγραφον
2866 2962 2919 3023 et

559 3069 864 3135 Hecataei
910 3067 1076 3133 nihil
1122 3077 1371 3154 praeter
1425 3090 1657 3134 nomen
1710 3068 2025 3135 habuisse.
2088 3070 2231 3136 Non
2273 3069 2619 3136 admodum
2663 3066 2920 3136 dissimi-

557 3176 642 3241 lis
701 3194 888 3240 causa
949 3180 1045 3239 est
1101 3174 1410 3241 Hecataei
1471 3174 1813 3241 Abderitae
1833 3224 1850 3253 ‚
1918 3178 2028 3261 qui
2084 3174 2467 3260 Ἀλεξάνδρῳ
2530 3179 2615 3261 τῷ
2685 3174 2921 3257 βασιλεῖ

562 3284 918 3358 συνήκμασε
971 3282 1074 3345 καὶ
1123 3283 1498 3364 Πτολεμαίῳ
1545 3284 1631 3363 τῷ
1671 3282 1895 3359 Λάγου
1935 3283 2321 3363 euvinus-ro,
2367 3287 2469 3351 uti
2505 3286 2729 3351 scribit
2762 3278 2917 3347 Jose-

561 3389 726 3476 phus
789 3395 1007 3454 contra
1068 3389 1378 3473 Apionem
1445 3389 1500 3455 Ι.
1563 3386 1676 3457 22.
1762 3386 1890 3455 Hic
1946 3408 2093 3455 cum
2142 3389 2306 3466 alia,
2357 3395 2495 3454 tum
2545 3388 2919 3476 Aegyptiam

563 3497 955 3582 composuit,
1034 3515 1110 3561 ex
1178 3497 1410 3579 quibus
1471 3495 1549 3561 de
1608 3494 1868 3561 Judaeis
1931 3496 2243 3563 Diodorus
2311 3494 2566 3563 Siculus
2634 3492 2915 3583 quaedam

563 3604 912 3689 excerpsit,
962 3623 1110 3667 nam
1161 3603 1327 3687 quod
1376 3602 1649 3667 Photius
1695 3604 1919 3667 scribit
1965 3603 2032 3667 in
2072 3601 2470 3668 Bibliotheca
2508 3623 2569 3687 p.
2614 3599 2745 3667 380
2780 3595 2918 3663 ΒΚΛ

565 3712 698 3789 περὶ
750 3710 862 3787 μὲν
909 3716 1024 3775 τῶν
1071 3710 1375 3774 Ἰουδαίων
1420 3713 1755 3779 Ἑκαταῖος
1806 3710 1833 3773 ὅ
1882 3707 2445 3785 Μιλήσιοςέαῦτσι
2493 3709 2790 3787 ἱςόρηκεν,
2826 3720 2915 3784 ap*

563 3822 743 3903 paret
801 3814 1236 3880 Patriarcham
1303 3814 1662 3881 confudisse
1722 3813 2055 3881 Milesium
2120 3821 2185 3880 et
2248 3814 2618 3881 Abderitam
2687 3818 2916 3899 ipseque

565 3920 880 3987 Diodorus
941 3918 1245 3987 Hecataei
1293 3921 1635 3987 Abderitae
1682 3923 2047 3987 testimonio
2092 3923 2473 3987 nominatim
2520 3942 2676 3989 usus
2718 3922 2805 3985 est
2844 3907 2911 3976 II·

567 4026 676 4093 47.
746 4026 1128 4113 Supervenit
1172 4036 1390 4113 postea
1436 4027 1761 4101 Judaeus.
1813 4030 1926 4113 qui
1970 4028 2160 4114 hujus
2198 4026 2543 4095 Abderitae
2576 4028 2761 4094 libros
2796 4036 2911 4085 001⁸·

563 4134 733 4200 rexit
795 4140 859 4199 et
917 4132 1327 4218 interpolavit
1387 4154 1586 4219 eaque
1645 4154 1809 4201 nova
1855 4136 2212 4201 recensione
2264 4136 2555 4221 turpibus
2600 4118 2910 4200 mendaciis

563 4240 978 4306 refertissima
1039 4238 1352 4326 Josepbus
1415 4262 1566 4306 usus
1626 4246 1757 4319 est,
1809 4248 1885 4307 ut
1929 4243 2239 4327 Apionem
2286 4242 2656 4308 confutaret.
2724 4234 2907 4305 Etim

564 4348 845 4415 Aristeas
891 4345 1272 4413 Abderitam
1320 4350 1622 4437 cognovit
1666 4356 1733 4415 et
1778 4348 1857 4417 ab
1905 4368 1977 4415 eo
2024 4368 2281 4417 causam
2326 4346 2553 4417 didicit
2594 4368 2704 4417 cur
2743 4339 2904 4409 Sam
