3150 5000
1061 301 1336 352 rmvms
1381 299 1717 352 sosarnus.
2450 278 2584 347 269

239 467 550 549 ὑπερβολῆν
597 471 802 546 ἡδονῆς
847 470 936 540 εἷς
979 468 1216 550 δάκρυα
1266 469 1601 550 προέπεσε,
1654 466 1844 548 Φύσει
1882 475 1995 543 τῆς
2032 465 2329 545 μεγάλης
2367 469 2577 548 χαρᾶς

237 573 576 654 πασχούσης
621 575 728 640 καὶ
776 576 864 640 τὰ
909 580 1026 640 τῶν
1071 581 1346 655 λυπηρῶν
1384 574 1706 653 σύμβολα.
1777 573 1903 639 Sed
1939 579 2200 640 vetusta
2238 574 2393 640 haec
2434 577 2585 639 sunt

233 687 288 746 et
341 688 480 747 ante
523 681 869 769 Josephum
917 685 1075 748 item
1123 682 1237 748 alii
1285 683 1430 747 boni
1476 682 1599 747 hoc
1644 681 1831 747 modo
1876 683 2135 747 mentiti
2178 685 2327 745 sunt
2372 683 2588 765 itaque

232 789 396 854 venio
439 788 514 854 ad
566 809 672 854 eas
715 809 816 854 res
863 808 1018 874 quas
1064 789 1232 854 vidit
1279 791 1434 873 ipse.

309 893 494 980 Saepe
553 897 774 960 scribit
833 894 872 960 J
875 895 1144 980 osephus
1205 914 1400 980 quam
1472 915 1655 960 carus
1720 898 1789 960 in
1862 893 2150 960 Galilaea
2216 894 2588 958 hominibus

231 999 402 1064 fuerit
445 1002 792 1086 quantique
839 1021 1020 1066 suam
1067 1001 1326 1066 fecerint
1372 1003 1440 1065 in
1479 1001 1779 1066 omnibus
1816 1001 2005 1067 rebus
2044 1001 2371 1066 virtutem.
2414 997 2453 1064 J
2458 1019 2590 1064 ose-

231 1105 340 1190 pho
393 1105 600 1183 salve,
665 1127 734 1172 se
796 1126 1042 1192 quoque
1105 1105 1314 1172 salvos
1376 1107 1508 1173 fore
1569 1107 1924 1192 perhibent.
2017 1104 2235 1172 Veluti
2303 1103 2586 1191 legimus

231 1211 372 1278 Bell.
432 1211 582 1278 Jud.
632 1211 694 1277 3.
749 1211 809 1278 7.
862 1211 982 1291 16,
1030 1212 1423 1297 prohibitum
1475 1233 1625 1277 eum
1674 1213 1903 1296 fuisse,
1953 1212 2294 1296 quominus
2340 1210 2590 1276 obsessa

229 1317 366 1383 urbe
421 1321 655 1394 exiret,
720 1320 938 1406 fugam
1005 1320 1177 1383 enim
1227 1339 1547 1404 capessere
1593 1318 1918 1394 voluerat,
1970 1318 2075 1384 sed
2128 1319 2425 1382 universa
2470 1316 2589 1382 cir·

228 1423 498 1489 cumfuse
561 1423 912 1489 multitudo
973 1445 1118 1490 eum
1185 1427 1392 1489 oravit
1449 1431 1525 1488 ut
1589 1429 1873 1490 maneret
1932 1429 1999 1489 et
2066 1443 2283 1488 secum
2357 1422 2591 1488 ultima

227 1532 632 1614 experiretur:
697 1530 858 1595 οὐδὲν
921 1530 1046 1609 γὰρ
1103 1529 1302 1607 ἠξίουν
1347 1533 1665 1595 πείσεσθαι
1710 1530 1893 1595 δεινὸν
1940 1531 2235 1604 Ἰωσήπου
2281 1527 2586 1604 μένοντος.

229 1631 402 1699 Visne
439 1637 598 1700 scire
637 1635 950 1719 quomodo
989 1632 1296 1701 Galilaeis
1333 1657 1468 1702 rem
1511 1637 1868 1702 restituerit
1910 1634 2431 1720 incomparabilis
2476 1633 2589 1700 ille

225 1739 592 1826 imperator?
661 1741 906 1826 Inspice
951 1740 1115 1807 Bell.
1161 1739 1312 1808 Jud.
1360 1741 1421 1805 2.
1473 1741 1583 1806 21.
1634 1741 1696 1806 3.
1766 1741 2046 1808 Fuerant
2089 1741 2249 1806 forte
2287 1741 2355 1805 in
2414 1738 2588 1806 Jose-

224 1847 410 1931 phum
455 1850 552 1914 ira
597 1851 840 1915 accensi
883 1851 989 1933 qui
1033 1869 1173 1914 eam
1214 1851 1540 1936 regionem
1584 1851 1913 1928 tenebant3
1957 1851 2167 1914 tenuis
2204 1868 2393 1914 causa
2416 1853 2589 1932 erat,

225 1954 318 2018 sed
365 1973 578 2019 omnes
616 1955 842 2020 ducem
883 1976 1073 2020 suum
1113 1955 1486 2039 proditionis
1521 1955 2003 2020 insimulabant.
2070 1954 2293 2041 Itaque
2332 1974 2587 2020 summo

225 2079 398 2123 mane
459 2057 834 2126 Tarichaeas
897 2060 977 2124 ad
1043 2081 1189 2126 eum
1257 2082 1334 2126 ex
1397 2063 1625 2126 vicinis
1670 2061 1935 2126 urbibus
1982 2060 2309 2126 confluunt
2354 2071 2585 2126 centum

227 2166 408 2229 millia
465 2165 798 2230 bominum
821 2213 840 2244 ,
899 2165 1046 2231 δέκα
1109 2166 1418 2244 μυριάδες.
1497 2166 1665 2232 Sunt
1710 2187 1929 2234 omnes
1974 2169 2155 2253 quasi
2200 2168 2411 2232 furore
2456 2187 2589 2232 cor-

223 2273 404 2355 repti:
469 2271 589 2337 hoc
633 2275 850 2359 agitur
895 2277 970 2337 ut
1013 2273 1294 2357 proditor
1337 2276 1579 2357 patriae
1628 2276 1817 2339 vivus
1864 2275 2293 2339 comburatur.
2362 2271 2589 2360 Surgit

225 2377 290 2442 de
345 2377 512 2443 lecto
573 2377 890 2464 Josephus
948 2388 1012 2444 et
1069 2381 1264 2445 sentit
1334 2399 1400 2443 se
1467 2380 1546 2444 ab
1616 2381 1915 2445 omnibus
1987 2379 2181 2444 fuisse
2246 2378 2582 2444 relictum:

225 2483 440 2563 ἔφυγον
505 2486 670 2558 πλὴν
729 2483 1040 2565 τεσσάρων
1102 2483 1356 2557 πάντες.
1431 2485 1653 2551 Prodit
1698 2487 1766 2551 in
1811 2487 2177 2552 concionem
2229 2483 2585 2567 περιρρηξα-

225 2614 381 2663 μενος
447 2591 560 2666 μὲν
621 2593 732 2665 τὴν
803 2592 1064 2669 ἐσθῆτα,
1129 2590 1657 2669 καταμησαμενος
1720 2591 1783 2657 δὲ
1844 2600 1959 2665 τῆς
2030 2600 2317 2672 κεφαλῆς
2389 2590 2583 2668 κόνιν,

225 2696 566 2777 ἀποτρέψας
633 2696 684 2761 δ’
751 2698 940 2762 ὀπίσω
1000 2699 1115 2770 τὰς
1177 2706 1397 2780 χεῖρας
1464 2698 1568 2762 καὶ
1615 2698 1685 2762 τὸ
1734 2696 1880 2764 ἴδιον
1924 2696 2105 2777 ξίφος
2154 2697 2451 2773 ἐπιδήσας
2500 2699 2585 2779 τῷ

225 2802 454 2871 τένοντι.
525 2804 766 2869 Deinde
825 2804 1055 2870 callida
1117 2809 1396 2870 oratione
1457 2804 1681 2881 efficit,
1747 2810 1821 2868 ut
1884 2804 2176 2869 homines
2233 2807 2399 2869 inter
2451 2824 2585 2869 sese

225 2907 539 2976 dissentire
612 2912 923 2996 incipiant
974 2914 1238 2997 Jamque
1297 2916 1476 2975 erant
1559 2909 2120 2975 Tarichaeatarum
2188 2911 2589 2995 quadraqinta

225 3016 434 3093 millia,
504 3018 614 3102 qui
679 3016 825 3081 duci
885 3037 998 3084 suo
1058 3020 1215 3083 bene
1279 3018 1637 3102 cupiebant.
1716 3015 2073 3081 Remanent
2142 3016 2399 3081 tandem
2471 3017 2589 3081 duo

227 3124 402 3187 αἰὶἰία
421 3172 439 3201 ,
489 3125 600 3208 qui
646 3124 944 3189 invadere
988 3129 1296 3190 conantur
1341 3124 1607 3189 domum
1628 3170 1645 3201 ,
1693 3142 1818 3207 quo
1865 3124 2040 3189 ferox
2088 3129 2154 3189 et
2200 3144 2341 3189 acer
2387 3124 2589 3189 dicta-

225 3232 310 3293 tor
365 3250 502 3295 sese
565 3231 977 3315 proripuerat.
1065 3230 1434 3315 Alloquitur
1494 3230 1827 3296 seditiosos
1888 3229 2131 3295 milites
2186 3229 2264 3295 de
2312 3233 2479 3296 tecto
2526 3236 2591 3295 et

227 3340 392 3422 rogat
437 3339 514 3399 ut
559 3334 788 3401 delecti
835 3338 960 3401 viri
1006 3335 1084 3401 ad
1131 3356 1198 3401 se
1244 3337 1536 3412 veniant,
1588 3336 1967 3420 quibuscum
2018 3335 2097 3401 de
2144 3336 2593 3401 communibus

227 3440 549 3523 postulatis
605 3440 930 3508 deliberet.
1017 3446 1223 3506 Ταῦτ’
1286 3443 1660 3515 ἀκούσαντες
1716 3444 1767 3507 οἱ
1816 3442 2099 3521 γνώριμοι
2150 3442 2259 3505 σὺν
2306 3450 2433 3514 τοῖς
2480 3440 2590 3521 ἄρ-

225 3566 422 3623 χουσιν
473 3548 744 3628 εἶσῇσαν.
815 3549 891 3611 ‘0
942 3547 1006 3612 δὲ
1054 3548 1238 3627 σύρας
1285 3550 1512 3620 αὐτοὺς
1559 3550 1645 3619 εἷς
1692 3549 1761 3613 τὸ
1801 3548 2204 3630 μυχαίτατον
2245 3557 2351 3623 τῆς
2396 3547 2590 3619 οἰκίας

229 3652 318 3714 καὶ
364 3655 476 3726 τὴν
521 3652 766 3717 αὔλειον
813 3653 1172 3727 ἐπικλείσας
1221 3655 1615 3733 ἑμαςίγωσεν
1662 3653 1853 3736 μέχρι
1900 3653 2146 3719 πάντων
2192 3654 2279 3719 τὰ
2334 3653 2591 3731 σπλαγ-

227 3778 340 3834 χνα
399 3766 746 3836 γυμνῶσαι.
831 3760 1202 3839 Περιειςήκει
1264 3761 1326 3825 δὲ
1383 3761 1530 3834 τέως
1601 3761 1671 3826 τὸ
1742 3763 2005 3837 πλῆθος,
2076 3760 2591 3839 δικαιολογεῖσθαι

229 3865 562 3945 μακρότερα
622 3865 764 3935 τοὺς
822 3866 1204 3938 εἰσελθόντας
1269 3867 1556 3944 οἰόμενον.
1628 3873 1703 3931 ’Θ
1766 3868 1828 3933 δὲ
1891 3866 2009 3937 τὰς
2070 3868 2250 3945 θύρας
2299 3864 2593 3943 ἐξαπίνης

229 3969 461 4045 ἀνοίξας
509 3971 905 4052 ᾑμαγμένους
956 3972 1238 4051 ἐξαφῆκε
1282 3973 1422 4043 τοὺς
1470 3972 1692 4053 ἄνδρας
1742 3974 1847 4038 καὶ
1896 3973 2200 4047 τοσαύτην
2246 3981 2373 4046 τοῖς
2414 3976 2595 4039 αἰπει-

230 4081 420 4140 λοῦσιν
480 4078 879 4157 ἐνειργάσατο
940 4078 1372 4164 κατάπληξιν,
1437 4076 1551 4148 ὥςε
1600 4082 1904 4160 ῥίψαντας
1951 4080 2039 4143 τὰ
2086 4077 2257 4146 ὅπλα
2307 4080 2590 4160 φεύγειν.

231 4176 349 4263 Ipsi
409 4187 650 4249 auctori
711 4186 914 4249 nimia
961 4188 1228 4250 saevitia
1273 4194 1492 4269 postea
1538 4188 1677 4251 visa
1724 4192 1821 4251 est
1866 4187 2083 4271 itaque
2132 4186 2209 4250 de
2257 4188 2595 4251 severitate

225 4286 440 4367 judicii
497 4290 562 4353 in
601 4292 762 4355 ‘vita
821 4290 858 4374 ᾖ
920 4288 1007 4354 30
1070 4290 1472 4376 aliquantum
1541 4294 1804 4357 remisit.
1877 4290 2162 4372 Quorum
2212 4292 2336 4358 duo
2384 4291 2595 4357 millia

233 4389 498 4472 fuerant,
533 4396 686 4462 facti
723 4401 872 4462 sunt
907 4401 1188 4463 sexcenti
1227 4406 1292 4463 et
1331 4420 1496 4464 unus
1533 4397 1789 4485 legatus
1826 4400 1995 4464 intro
2035 4400 2357 4481 mittitur,
2399 4417 2589 4482 quem
