3150 5000
1247 278 1585 332 mucianus.
2468 263 2601 330 215

224 447 580 514 etiamnunc
643 449 1046 519 ἀντίπαις
1096 451 1290 524 esset,
1343 446 1883 523 adolescentulae,
1934 451 2125 533 puta,
2174 447 2448 512 tredecim
2496 446 2603 514 vel

222 555 680 636 quattuordecim
743 574 1053 620 annorum
1075 601 1091 631 ,
1151 561 1286 634 coya
1349 554 1521 617 virili
1581 561 1813 636 sumpta
1870 557 2037 618 inter
2082 553 2306 631 ἐφήβ
2328 577 2452 625 ους
2502 574 2602 620 re—

225 665 474 744 ceptum
541 658 778 727 fuisse?
843 664 928 726 At
991 661 1056 726 id
1111 681 1222 746 per
1268 669 1561 725 naturam
1611 663 1699 726 rei
1752 657 1886 725 fieri
1934 681 2056 726 non
2104 662 2350 745 potuit,
2400 661 2603 745 siqui-

224 765 364 829 dem
427 767 595 832 inter
657 787 874 833 omnes
923 773 1167 832 constat
1212 765 1574 854 legitimam
1626 772 1899 832 aetatem
1948 767 2338 851 epheborum
2386 769 2604 834 duode-

221 871 432 951 viyinci
471 891 780 938 annorum
815 873 1031 938 fuisse.
1080 871 1220 938 Hoc
1246 870 1651 938 tamen'velle
1676 871 2173 938 Theomnestum
2199 876 2601 959 perspicuum

221 981 348 1059 est,
413 997 479 1042 se
525 979 654 1042 iam
705 974 806 1043 cde
853 984 1068 1044 tenero
1113 977 1355 1064 ungui’,
1405 984 1478 1042 ut
1527 983 1623 1042 est
1672 978 1837 1062 apud
1885 977 2224 1044 Horatium
2246 1025 2262 1056 ‚
2310 980 2430 1045 sub
2478 977 2603 1044 Ve-

220 1083 386 1148 neris
448 1084 650 1171 sig-nis
705 1083 1034 1150 militasse.
1085 1083 1284 1149 Nulla
1329 1082 1671 1149 difficultas
1718 1089 2103 1169 superesset,
2154 1087 2209 1150 si
2256 1084 2601 1151 molestum

220 1186 382 1252 illud
472 1185 611 1262 ‘sic
683 1189 863 1260 τοὺς
942 1190 1304 1270 ἐφήβους
1389 1189 1713 1265 κριθεὶς’
1774 1191 1840 1254 in
1903 1193 2258 1278 marginem
2321 1191 2605 1279 relegare
2704 1232 2712 1243 =

219 1292 476 1372 liceret3
540 1295 651 1361 sed
714 1296 878 1361 nihil
943 1298 1156 1360 minus
1199 1295 1569 1376 qloaecmatic
1617 1296 1893 1381 speciem
1942 1297 2159 1362 refert.-
2202 1295 2417 1362 Unum
2464 1319 2606 1363 suc-

220 1404 418 1478 currit
480 1401 876 1486 remedium,
938 1403 1130 1486 idque
1176 1422 1299 1466 non
1347 1403 1829 1487 optimum,„ut
1874 1403 2327 1468 rescribamus:
2378 1403 2445 1468 εἰι
2495 1413 2606 1479 τῆς

219 1507 577 1579 ἀντίπαιδος
649 1507 894 1580 ἡλικίας
923 1558 938 1582 ,
1007 1508 1314 1572 οὐδέπω
1367 1506 1528 1590 (vel,
1586 1514 1658 1572 ut
1704 1507 1809 1574 hic
1855 1511 2159 1594 scriptor,
2207 1531 2398 1594 quem
2446 1510 2609 1576 nihil

223 1631 564 1679 commune
626 1612 856 1679 habere
919 1634 1067 1680 cum
1132 1613 1412 1679 Lucieno
1468 1616 1695 1698 quovis
1741 1617 2005 1702 pignore
2052 1616 2462 1698 contendam,
2516 1616 2611 1682 di-

225 1739 361 1784 cere
433 1719 628 1804 solet,
700 1719 1050 1804 μηδέπω)
1115 1721 1200 1792 εἷς
1266 1721 1404 1791 τοὺς
1469 1719 1743 1800 ἐφήβους
1808 1720 2055 1806 κριθείς,
2105 1727 2180 1785 ut
2224 1722 2327 1786 his
2374 1721 2610 1786 additis

221 1822 540 1910 significet
609 1846 675 1890 se
743 1828 876 1891 iam
949 1827 1062 1891 diu
1133 1833 1470 1911 antequam
1547 1846 1660 1910 per
1719 1832 1993 1892 aetatem
2068 1825 2323 1912 liceret,
2386 1828 2611 1893 Amori

223 1951 478 2015 operam
541 1931 810 1997 dedisse.
859 1931 1058 1998 Aliud
1109 1939 1326 1997 tamen
1370 1931 1569 1998 latere
1616 1934 1918 2018 suspicor.
1968 1933 2127 1999 Mox
2172 1936 2416 2000 insere:
2471 1933 2608 2000 3102-

222 2038 388 2116 δοχοι
437 2037 492 2124 (ο
512 2037 560 2122 ί)
609 2036 844 2118 ἔρωτες.

311 2141 468 2229 Cap.
525 2141 586 2210 3.
650 2143 952 2224 πειράσας
1014 2147 1128 2223 μὲν
1190 2145 1316 2225 γὰρ
1379 2142 1687 2224 ἐλπίζεις,
1751 2146 1957 2225 τυχὼν
2018 2143 2073 2210 δ’
2124 2145 2609 2218 ἀπολέλαυκας·

221 2247 318 2325 ἴση
385 2250 448 2315 δὲ
521 2251 690 2324 ἡδονὴ
751 2252 820 2316 τὸ
883 2260 1270 2330 παρεῖναι
1337 2249 1440 2314 καὶ
1494 2251 1564 2314 τὸ
1618 2249 1939 2327 μέλλον.
1990 2251 2475 2340 Intellegerem:
2525 2253 2609 2320 τὸ

221 2357 566 2430 μέλλειν
631 2356 1042 2442 (παρεῖναι
1106 2357 1291 2442 scil.).
1346 2360 1607 2442 „Aeque
1653 2356 1973 2443 voluptati
2022 2365 2115 2424 est
2160 2380 2289 2424 una
2334 2381 2483 2426 cum
2529 2362 2612 2426 iis

221 2465 454 2530 versari
477 2512 492 2540 ,
545 2483 702 2549 quos
750 2483 1074 2541 amamus,
1127 2469 1319 2549 atque
1364 2463 1677 2551 gaudium
1727 2462 1893 2530 illud
1941 2464 2313 2551 expectare’'
2330 2485 2347 2544 ;
2396 2469 2492 2533 ita
2536 2471 2611 2532 ut

222 2570 303 2635 τὸ
376 2578 768 2651 παρεῖναι
829 2570 908 2635 ad
975 2571 1240 2651 τυχὼν
1304 2569 1355 2633 δ’
1420 2571 2057 2655 ἀπολέλαυκας,
2119 2572 2203 2636 τὸ
2265 2572 2612 2650 μέλλειν

221 2696 368 2742 vero
441 2677 520 2742 ad
593 2676 1000 2756 πειράσας
1071 2676 1214 2751 μὲν
1283 2674 1664 2756 ἐλπίζεις
1735 2678 2050 2762 respiciat.
2124 2676 2353 2749 Paullo
2422 2700 2613 2764 supra

221 2784 424 2847 scribe
489 2784 522 2857 ἢ
584 2782 962 2862 στρατιώτην
983 2830 1000 2859 ,
1063 2802 1186 2847 non
1255 2782 1391 2847 καί
1453 2781 1721 2866 (millies
1770 2785 1862 2847 sic
1910 2785 2234 2870 peccatur)
2282 2792 2347 2851 et
2395 2806 2615 2851 versus

223 2886 412 2953 finem
486 2888 721 2953 ἐκείνων
786 2888 1020 2965 μόνον
1083 2908 1198 2973 pro
1261 2886 1476 2966 μόνων.
1541 2886 1861 2953 Vitiosum
1921 2891 2117 2954 etiam
2168 2891 2456 2957 videtur:
2505 2894 2616 2968 την

223 2998 428 3071 Φωνην
482 2993 532 3057 δ’
595 2992 768 3069 ἴσην
835 3004 912 3075 τῇ
961 2993 1320 3069 Λυκαμβου
1374 2994 1639 3072 θυγατρὶ
1688 2996 1917 3061 λεπτὸν
1962 2995 2310 3076 α’φηδὺνων.
2353 2994 2617 3086 Corrige

223 3098 248 3163 1
264 3124 300 3162 σ
325 3124 402 3177 α,
455 3101 619 3185 quod
667 3120 1146 3186 nonnumquam
1190 3101 1625 3178 adverbia-scit,
1667 3088 1743 3165 ut
1780 3107 1845 3165 et
1883 3097 2164 3179 ὅμοιας
2199 3103 2277 3168 cf.
2307 3100 2460 3189 Gap.
2489 3103 2613 3170 40:

226 3208 361 3278 τοὺς
413 3206 773 3283 πλοκάμους
823 3206 964 3271 ἴσα
1015 3214 1157 3279 ταῖς
1199 3213 1316 3269 τῶν
1355 3206 1516 3285 ἐρίων
1554 3214 1798 3285 χροιαῖς
1836 3206 2031 3288 ξανθῷ
2070 3207 2613 3287 μεταβάπτουσιν.

315 3311 474 3398 Cap.
523 3312 584 3377 5.
637 3314 930 3397 παιδιᾶς,
981 3310 1023 3376 ὦ
1075 3313 1473 3391 Θεόμνηστε,
1525 3312 1630 3389 καὶ
1682 3315 1957 3391 γέλωτος
2010 3316 2157 3391 ἡγεῖ
2197 3318 2305 3390 την
2356 3315 2616 3395 διήγη-

225 3442 365 3483 σιν.
419 3416 806 3503 Gorruptum
855 3425 952 3484 est
995 3418 1424 3503 διήγησιν,
1470 3440 1621 3484 nam
1669 3440 1795 3485 non
1840 3442 2098 3485 narrare
2142 3421 2384 3507 aliquid
2425 3444 2614 3511 roga-

225 3532 328 3590 tus
375 3530 510 3591 erat
553 3525 838 3611 Lycinus
854 3572 872 3602 ,
925 3525 1036 3590 sed
1081 3524 1267 3589 litem
1314 3526 1672 3591 diiudicare.
1736 3522 1835 3591 Of.
1886 3546 2045 3611 quae
2095 3530 2317 3593 statim
2367 3546 2615 3615 praece-

227 3631 427 3697 dunt:
493 3630 562 3707 ἣν
626 3632 1004 3696 πεπίστευκέ
1067 3655 1154 3696 σοι
1219 3638 1486 3710 ψῆφον
1539 3634 1572 3707 ἦ
1624 3633 1757 3713 περὶ
1810 3635 1928 3697 τῶν
1980 3634 2138 3712 ἐμῶν
2186 3635 2411 3715 ἐρώτων
2458 3637 2617 3717 κρί-

228 3762 392 3813 σις,
445 3738 554 3816 ἤδη
601 3736 818 3819 φέρε.
867 3736 1106 3803 Verum
1155 3738 1446 3803 videtur:
1499 3736 1946 3816 διάγνωσιν.

315 3844 480 3909 Ibid.
545 3844 654 3907 καί
714 3868 817 3922 μοι
883 3845 966 3906 τὰ
1034 3849 1150 3907 τῶν
1215 3846 1423 3921 λόγων
1471 3842 1615 3923 ἴχνη
1663 3852 1806 3917 ταῖς
1853 3848 2071 3918 ἀκοαῖς
2122 3846 2613 3931 ἑνεσφροὶγισται

229 3950 449 4029 σχεδὸν
512 3953 590 4021 ὥς
638 3950 854 4030 ἀρτίως
907 3950 1320 4028 εἲρημένα.
1372 3949 1776 4036 Quamquam
1824 3952 2035 4018 multa
2080 3956 2149 4018 in
2196 3955 2315 4021 hoc
2361 3955 2617 4045 dialogo

227 4057 380 4121 adeo
439 4058 652 4141 inepte
712 4063 862 4121 sunt
920 4056 1092 4121 dicta
1139 4062 1204 4121 et
1250 4060 1530 4145 cogitata
1549 4104 1565 4135 ,
1615 4066 1690 4123 ut
1734 4063 2039 4143 perpetuo
2087 4063 2174 4125 sit
2219 4064 2573 4129 cavendum
2594 4113 2609 4141 ‚

225 4184 304 4227 ne
380 4164 568 4245 ipsum
639 4170 932 4226 auctorem
1001 4162 1281 4247 corrigas
1299 4209 1317 4239 ,
1389 4161 1451 4225 h.
1481 4160 1526 4226 1.
1594 4173 1810 4229 tamen
1874 4167 2087 4250 potius
2148 4165 2441 4233 librarios
2486 4172 2615 4233 im-

235 4270 484 4355 pegisse
552 4268 824 4333 arbitror
895 4273 959 4333 et
1027 4269 1096 4331 in
1167 4268 1510 4354 archetypo
1573 4268 1807 4333 fuisse:
1872 4270 2037 4349 εἰρη
2059 4271 2331 4348 μένων.
2399 4272 2615 4339 Nimis

221 4375 404 4441 enim
455 4375 802 4441 absurdum
851 4380 975 4440 est:
1032 4372 1133 4438 τὰ
1181 4372 1369 4455 ἴχνη
1417 4380 1562 4439 τῶν
1611 4376 1874 4455 λόγων
1919 4376 2267 4459 εἴρηται.
