3150 5000
1113 285 1372 338 memus
1415 289 1546 336 mo.
2393 269 2527 339 339

180 473 318 518 num
374 452 696 542 leguntur,
766 454 874 520 sed
921 453 1156 519 ultima
1212 454 1534 532 βουληθεὶς
1597 453 1657 518 δὲ
1704 453 1775 526 δὴ
1825 451 2043 532 τρόπον
2092 476 2231 518 τινα
2282 455 2529 532 μᾶλλον

181 560 380 630 αὐτοὺς
437 559 804 642 σωφρονίσαι
857 582 974 627 suo
1029 581 1206 626 more
1263 563 1332 624 in
1397 562 1654 627 brevius
1709 562 2025 626 contraxit
2082 557 2403 636 βουληθεὶς
2468 559 2532 624 δὲ

179 665 242 738 2⁸⁸5
292 669 526 743 μᾶλλον
589 666 812 739 αὐτοὺς
876 667 1264 748 σωφρονίσαι.
1336 667 1421 731 Et
1484 668 1638 733 haee
1684 669 1823 752 ipsa
1869 665 2167 731 librarius
2216 665 2533 744 Medicei‚

180 774 277 857 qui
317 773 463 858 quid
511 773 676 838 illud
722 771 940 853 τρόπον
985 775 1055 838 in
1099 771 1340 838 Veneto
1386 774 1509 838 eibi
1558 771 1755 838 vellet
1804 792 1927 837 non
1974 771 2412 860 intellegeret,
2458 793 2534 837 ex

179 878 488 964 Xiphilino
533 879 862 946 transtulit
909 899 1182 965 eumque
1229 882 1298 944 in
1347 880 1759 965 sequentibus
1808 879 1885 944 ad
1937 879 2203 944 verbum
2250 879 2531 962 exscrip-

179 989 252 1049 sit
289 986 476 1052 donec
525 1007 600 1053 ea
644 987 890 1052 invenit
936 1005 1096 1071 quae
1140 988 1210 1050 in
1257 984 1506 1052 Veneto
1553 1007 1771 1051 rursus
1818 990 2156 1050 exstarent.
2230 983 2529 1050 Transtu-

177 1089 248 1156 lit
292 1093 495 1180 igitur
545 1113 604 1178 p.
662 1091 790 1158 lOO
835 1113 930 1158 νε.
988 1090 1333 1174 15—103,
1382 1091 1470 1156 28
1517 1091 1837 1170 βουληθεὶς
1884 1091 1949 1156 δὲ
1994 1095 2239 1170 μᾶλλον
2288 1089 2532 1171 ὕστερον

181 1197 233 1262 δὲ
289 1197 660 1278 ἐξεβιάσατο
718 1197 873 1265 ὥστε
944 1203 1006 1273 ἐς
1074 1203 1226 1278 γοῦν
1293 1202 1402 1273 ’τὴν
1473 1198 1707 1278 ἤπειρον
1781 1198 1973 1273 αύτῆν
2044 1199 2111 1263 ἐκ
2180 1207 2287 1273 τῆς·
2355 1200 2533 1274 νήσου

181 1307 526 1382 κομισθῆναι.
599 1305 826 1394 Pergit
871 1305 1251 1392 xiphilinus
1295 1307 1380 1386 τῷ
1430 1304 1492 1369 δὲ
1537 1305 1799 1386 Καίσαρι
1849 1305 2310 1382 ἐπεβούλευσαν
2354 1303 2534 1369 ἄλλοι

178 1435 236 1476 τε
283 1412 384 1477 καὶ
431 1419 649 1483 Γναῖος
697 1412 1014 1494 Κορνήλιος
1064 1436 1116 1477 κ.
1148 1437 1203 1476 τ.
1233 1426 1296 1477 λ.
1347 1433 1506 1498 quae
1554 1414 1755 1477 etiam
1802 1413 1871 1476 in
1916 1410 2159 1478 Veneto
2204 1414 2539 1478 inveniun-

177 1523 268 1584 tur
321 1518 488 1598 (Lib.
555 1517 642 1584 56
704 1539 759 1584 c.
830 1518 961 1605 14).
1033 1517 1133 1583 Ibi
1187 1536 1338 1584 vero
1390 1517 1564 1584 hisee
1610 1517 1737 1584 alia
1783 1518 2169 1602 praecedunt
2214 1538 2269 1583 c.
2322 1515 2440 1594 13,
2492 1516 2535 1582 2

173 1643 320 1710 sqq.:
347 1674 364 1690 .
388 1674 401 1689 .
431 1673 448 1689 .
478 1674 494 1689 .
563 1623 844 1706 Τιβέριον
911 1624 1016 1689 καὶ
1089 1626 1418 1701 ἐποιήσατο
1466 1624 1570 1690 καὶ
1620 1624 1720 1689 ἐπὶ
1770 1623 1910 1697 τοὺς
1962 1623 2209 1696 Rem-0⁸⁶4
2258 1625 2534 1710 (excide-

175 1737 298 1796 runt
355 1731 698 1818 quaedam)
761 1731 873 1805 τὴν
935 1729 1213 1810 ἐξουσίαν
1276 1731 1446 1813 αὐτῷ
1507 1733 1619 1804 τὴν
1681 1731 2072 1812 δημαρχικὴν
2118 1733 2179 1804 ἐς
2229 1731 2376 1796 δέκα
2424 1730 2531 1806 ἔτη

175 1834 285 1909 δοὺς
345 1862 404 1904 κ.
427 1861 488 1902 τ.
514 1852 577 1903 λ.
597 1883 614 1916 ,
680 1857 842 1924 quae
897 1859 1047 1904 eum
1109 1839 1327 1903 omnia
1385 1841 1599 1904 noster
1654 1839 1950 1904 omittere
2008 1837 2245 1922 nollet,
2292 1837 2535 1904 insulso

173 1943 404 2010 vinculo
447 1942 516 2008 δέ
561 1967 640 2020 γε
689 1943 770 2009 ad
817 1942 1054 2009 ultima
1091 1942 1415 2029 Xiphilini
1455 1945 1649 2009 verba
1698 1944 1766 2008 ἐκ
1806 1950 1916 2018 τῆς
1960 1943 2137 2019 νήσου
2176 1945 2531 2020 κομισθῆναι

175 2049 488 2116 adnexuit:
535 2049 640 2114 τὸν
687 2049 752 2115 δέ
798 2074 879 2127 γε
927 2049 1209 2130 Τιβέριον
1256 2050 1360 2115 καὶ
1410 2050 1739 2124 ἐποιήσατο
1790 2075 1827 2114 κ
1874 2037 2027 2117 ruz.

245 2155 478 2222 Eodem
527 2156 716 2222 modo
763 2159 828 2222 in
879 2157 1151 2223 secunda
1198 2155 1425 2223 lacuna
1475 2156 1540 2220 L.
1599 2156 1684 2220 55
1713 2207 1728 2230 ,
1780 2178 1831 2222 e.
1883 2155 1969 2220 33
2016 2161 2081 2222 et
2121 2155 2207 2220 34
2247 2162 2535 2223 versatus

181 2267 272 2328 est.
337 2263 468 2329 Res
528 2284 691 2329 anno
754 2261 802 2328 8
853 2285 918 2350 p.
945 2261 1016 2330 G.
1043 2286 1106 2329 n.
1155 2271 1371 2329 eontra
1419 2262 1775 2328 Pannonios
1823 2263 2276 2349 Dalmataeque
2321 2269 2535 2351 gestae

177 2375 442 2436 narrante
487 2369 690 2436 Dione
737 2371 806 2434 in
853 2369 1065 2436 media
1103 2371 1416 2435 sententie
1456 2369 1657 2434 oratio
1698 2371 2129 2455 abrumpitur:
2169 2372 2221 2436 οἱ
2265 2370 2534 2448 Δελμά-

180 2500 261 2539 ται
321 2477 426 2542 καὶ
493 2477 546 2541 οἱ
601 2473 910 2542 Παννόνιοι
950 2514 1014 2524 -
1052 2475 1154 2541 καὶ
1207 2473 1282 2547 ὣς
1330 2478 1643 2557 ἀντεῖχον.
1694 2476 1799 2541 καὶ
1851 2475 2271 2557 Σκενόβαρδὸς
2320 2477 2389 2541 τέ
2437 2502 2531 2549 τις

179 2584 710 2661 προσποιησάμενος
775 2583 1281 2661 μεταστήσεσθαι
1305 2634 1324 2657 ,
1398 2584 1502 2648 καὶ
1572 2581 1840 2665 πέμψας
1912 2586 2055 2648 κατ’
2127 2585 2280 2648 αὐτὸ
2354 2589 2531 2648 τοῦτο

182 2688 293 2766 πρὸς
339 2688 578 2755 Μάνιον
619 2688 853 2755 Ἔννιον
898 2684 1280 2770 φρούραρχον
1330 2689 1589 2760 Σισκίας
1645 2692 1722 2761 ὥς
1770 2686 2009 2765 ἕτοιμος
2058 2690 2171 2767 μὲν
2220 2689 2296 2753 ὢν
2343 2691 2533 2755 αὐτο·

183 2804 456 2880 μολῆσαι,
505 2796 702 2867 δεδιὼς
751 2796 815 2860 δὲ
862 2797 952 2872 μὴ
999 2794 1384 2877 marcion...
1425 2795 1604 2861 Haeo
1646 2794 2025 2861 Scenoberdi
2066 2794 2369 2861 simulata
2408 2800 2533 2862 tra-

82 2916 84 2923 ·
183 2897 308 2967 ditio
367 2924 521 2969 cum
579 2903 647 2968 in
693 2901 1030 2987 Xiphilino
1077 2923 1204 2968 non
1251 2906 1528 2967 exstaret
1572 2901 1799 2967 Dionis
1844 2902 2037 2967 verba
2084 2923 2163 2967 ex
2211 2922 2283 2967 eo
2330 2904 2535 2968 conti-

181 3026 340 3074 nuare
367 3030 498 3075 non
544 3011 777 3095 potuit.
850 3008 938 3074 At
985 3010 1230 3074 invenit
1279 3009 1446 3093 apud
1497 3008 1769 3073 eundem
1820 3030 1882 3093 p.
1935 3007 2066 3073 114
2104 3030 2192 3094 sq.
2266 3006 2533 3094 Splauni

183 3110 312 3195 (sive
365 3114 618 3202 Sploni)
683 3114 900 3201 oppidi
948 3117 1488 3203 expugnationem
1537 3119 1601 3181 et
1647 3114 1909 3181 Batonis
1956 3114 2137 3180 ducis
2183 3114 2534 3181 Delmatici

184 3215 557 3289 deditionem.
627 3220 802 3301 Quae
866 3220 984 3287 hoe
1047 3219 1188 3286 loeo
1259 3242 1296 3287 a
1362 3220 1567 3286 Dione
1628 3226 1882 3286 narrata
1943 3220 2137 3286 fuisse
2200 3223 2495 3307 opinatus
2517 3270 2535 3306 ,

185 3322 390 3393 abiecte
448 3330 585 3394 iam
647 3327 824 3394 omni
888 3325 1270 3392 Scenobardi
1334 3328 1695 3410 mentione,
1766 3328 1989 3391 statim
2061 3326 2355 3393 adamato
2420 3347 2535 3393 suo

185 3426 232 3491 δέ
277 3454 350 3507 γε
408 3433 706 3499 adiunxit
764 3432 978 3500 verbis
1034 3431 1289 3498 ultimis
1309 3480 1326 3510 ,
1393 3453 1554 3517 quae
1616 3434 1685 3497 in
1746 3431 1986 3498 Veneto
2036 3434 2352 3521 integram
2399 3454 2537 3499 sen-

185 3538 410 3605 tentiam
479 3538 828 3605 efficerent:
891 3540 944 3603 οἱ
993 3538 1335 3614 Δελμοὶται
1383 3539 1484 3602 καὶ
1539 3540 1591 3603 οἱ
1638 3538 1943 3604 Παννόνιοι
1996 3576 2079 3586 -
2130 3538 2234 3603 καὶ
2286 3530 2362 3610 ὣς
2423 3539 2533 3602 οἰν-

185 3649 377 3724 τεῒχον.
417 3651 527 3712 τοῦ
569 3644 652 3711 δέ
686 3670 782 3724 γε
831 3650 1207 3725 Γερμανικοῦ
1248 3650 1356 3711 τοῦ
1399 3644 1550 3719 υἱέος
1594 3645 1864 3725 Δρούσου
1889 3694 1905 3721 ,
1950 3647 2028 3716 ὦς
2074 3642 2304 3724 εἴρηται
2330 3693 2347 3722 ,
2390 3648 2535 3709 κατ’

189 3748 350 3815 αὑτῶν
417 3752 900 3834 ἐστρατευμένου
975 3778 1033 3818 κ.
1081 3776 1139 3817 τ.
1191 3768 1254 3818 λ.
1337 3754 1426 3819 At
1492 3754 1665 3841 fugit
1725 3753 2054 3819 hominem
2117 3752 2271 3817 haee
2330 3772 2535 3838 neque

189 3852 324 3922 faeta
365 3880 498 3926 esee
540 3860 662 3926 hoc
706 3880 868 3926 enno
914 3864 1014 3937 et,
1064 3880 1102 3925 a
1147 3858 1348 3925 Dione
1395 3880 1508 3925 eno
1555 3859 1695 3925 loco
1746 3860 1868 3935 56,
1925 3859 2045 3937 11,
2097 3858 2159 3924 1.
2208 3858 2249 3923 2
2298 3863 2363 3925 et
2413 3857 2534 3944 16,

195 3958 246 4037 l,
287 3962 325 4027 2
369 3968 714 4032 memoriae
758 3966 1010 4052 prodita
1033 4015 1048 4041 ‚
1101 3971 1348 4032 exstare
1395 3966 1591 4030 etiam
1637 3967 1705 4029 in
1752 3964 1965 4032 codice
2006 3963 2275 4029 Veneto.
2342 3964 2534 4031 Vides

189 4062 430 4137 hominis
467 4072 964 4158 imprudentiam
987 4118 1004 4149 ,
1045 4072 1513 4157 impudentiam
1559 4092 1807 4157 quoque
1832 4090 2159 4158 cognosce.
2191 4070 2252 4137 Ν
2256 4091 2361 4136 em
2384 4088 2534 4137 eum

191 4170 242 4235 in
275 4173 506 4244 Veneto
551 4178 957 4245 describendo
1004 4177 1083 4245 ad
1129 4200 1277 4245 eum
1324 4180 1538 4263 ipsum
1590 4198 1781 4264 quem
1820 4177 1956 4243 dixi
1994 4176 2210 4243 locum
2255 4180 2535 4245 venisset

192 4274 315 4359 (56,
359 4286 462 4369 11,
512 4284 568 4351 1.
613 4283 706 4369 2),
753 4304 960 4351 errore
1007 4303 1122 4350 suo
1169 4285 1612 4351 animadverso
1660 4284 1831 4350 hunc
1876 4286 2067 4349 tacite
2117 4289 2328 4351 totum
2376 4286 2535 4351 omi-

82 4378 84 4401 Ε
194 4384 282 4461 Βῑῒ,
343 4390 545 4456 verbis
606 4410 767 4475 quae
829 4390 998 4478 apud
1059 4389 1330 4456 Dionem
1389 4392 1426 4473 ξ
1475 4388 1515 4455 3
1563 4396 1947 4477 sequuntur:
1998 4390 2269 4455 ἐντεῦθεν
2317 4389 2380 4455 δὲ
2428 4388 2535 4456 ἐπὶ
