3150 5000
1248 240 1567 290 nonnus.
2479 213 2610 282 33¹7

222 401 552 489 Numquid
601 405 904 473 credibile
942 415 1075 492 est,
1116 407 1234 472 hac
1278 428 1401 472 una
1442 410 1507 471 in
1546 427 1614 472 re
1633 454 1648 483 ‚
1691 427 1851 491 quae
1886 408 2128 471 ratione
2152 402 2339 489 plane
2365 409 2572 468 careat
2592 451 2610 480 ‚

220 529 421 595 usque
467 511 621 576 adeo
667 514 1015 578 concinisse
1061 513 1351 578 homines
1376 560 1393 589 ,
1443 515 1808 598 ceteroquin
1851 514 2112 598 ingenio
2165 517 2299 576 arte
2336 510 2612 574 dictione

220 619 459 701 passim
506 618 927 702 discrepantes
975 621 1201 703 suique
1248 640 1432 705 saepe
1482 615 1995 684 dissimillimos?

308 721 573 790 Dudum
638 723 859 790 audire
902 725 1068 790 mihi
1114 726 1333 791 videor
1378 725 1680 790 lectorem
1730 723 2157 790 clamantem:
2206 722 2437 788 Desine
2476 728 2612 787 tan-

218 829 396 894 dem!
447 830 601 915 quid
649 843 976 896 mortuum
1022 830 1318 920 iugulare
1364 834 1578 917 pergis
1597 833 1630 894 P
1679 830 1749 896 Si
1798 837 1894 896 est
1933 838 2008 896 ut
2047 837 2120 895 tu
2161 830 2356 914 dicis,
2397 828 2611 913 palam

217 957 317 1002 res
384 942 514 1012 est,
580 943 646 1002 et
704 936 808 1003 vel
868 940 1095 1002 invitis
1140 940 1584 1025 grammaticis
1632 939 1793 1004 hanc
1837 937 2083 1025 legem,
2139 935 2309 1001 ultro
2357 957 2423 1000 se
2471 935 2614 1001 offe·-

213 1047 499 1120 rentem,
570 1063 994 1129 proponemus
1056 1053 1120 1110 et
1183 1047 1331 1112 crisi
1393 1045 1754 1112 homericae
1815 1064 1929 1130 pro
1989 1043 2403 1110 fundamento
2465 1042 2614 1106 sub-

216 1156 577 1214 struemus:

306 1258 753 1323 verborum
813 1257 1167 1336 formae,
1231 1258 1313 1322 iu
1372 1283 1567 1344 -εαι,
1635 1282 1846 1334 -ηαι,
1913 1281 2060 1335 -εο,
2108 1281 2268 1335 -αο,
2317 1256 2610 1341 (mcxl,

217 1365 419 1446 -no-o)
467 1363 987 1449 desinentes,
1034 1386 1479 1451 numquam
1526 1366 2162 1430 contrahuntur
2209 1363 2427 1448 apud
2466 1361 2612 1426 Ho-

217 1489 567 1554 merum,
604 1470 776 1553 sed,
822 1472 1176 1556 perinde
1222 1478 1477 1561 atque
1522 1470 1700 1538 alia
1745 1469 2192 1548 vocabula,
2243 1469 2614 1535 elisione

218 1576 655 1644 decurtari
700 1584 1051 1662 possunt
1098 1579 1186 1664 ²¹²).

309 1680 562 1767 Itaque,
628 1684 794 1767 quod
856 1705 1057 1748 unum
1123 1692 1408 1769 superest
1465 1686 1786 1773 agendum
1809 1732 1825 1763 ‚
1876 1705 2026 1750 vera
2071 1705 2180 1750 me
2228 1683 2415 1748 modo
2465 1702 2612 1748 con-

216 1789 497 1854 tendisse
558 1790 887 1856 ostendam
907 1838 923 1867 ,
982 1811 1109 1875 qua
1154 1791 1342 1857 unica
1389 1794 1495 1858 via
1541 1792 1610 1857 id
1658 1791 1906 1857 ostendi
1953 1797 2198 1876 potest,
2247 1810 2478 1874 nempe
2525 1788 2618 1855 af-

216 1895 475 1962 ferendo
543 1917 763 1961 omnes
829 1897 1063 1962 formas
1124 1897 1479 1963 homericae
1541 1899 1668 1963 huc
1731 1902 2137 1982 pertinentes.
2210 1897 2470 1961 Primus
2508 1893 2620 1961 fiat

221 2002 415 2099 index
476 2003 825 2068 formarum
890 2001 1242 2088 plenarum.
1318 2003 1545 2069 Parvis
1608 2024 2017 2069 numerorum
2069 2001 2291 2084 figuris
2338 2001 2620 2067 indicavi

221 2131 349 2195 qua
386 2129 692 2175 versuum
732 2109 877 2174 sede
917 2115 1264 2175 occurrant.
1317 2110 1729 2194 Videbimus,
1776 2111 2012 2176 formas
2059 2113 2129 2174 in
2176 2108 2617 2194 dactylum

223 2223 527 2282 exeuntes
590 2215 967 2301 plerumque
1028 2219 1096 2281 in
1145 2217 1216 2280 4ο
1258 2218 1417 2302 pede
1464 2238 1599 2282 esse
1646 2216 1982 2283 collocatas
2003 2265 2018 2294 ,
2067 2223 2132 2281 et
2179 2216 2416 2281 formas
2459 2234 2619 2300 quae

222 2322 516 2388 desinant
560 2324 630 2386 in
678 2322 1033 2389 bacchiu
1052 2344 1118 2387 m
1170 2329 1425 2390 tantum
1474 2344 1600 2389 non
1645 2343 1896 2409 semper
1941 2322 2234 2388 claudere
2281 2341 2564 2386 versum.

1037 2542 1418 2607 Indioativus
1454 2543 1815 2625 praesentis.

224 2724 505 2789 ἀναίνεαι
556 2722 803 2801 5149&
1469 2724 1729 2789 δύνασαι
1796 2735 1849 2789 A
1902 2720 2169 2802 3933-3,
2239 2733 2290 2787 Π
2346 2722 2615 2798 5151-4,

226 2829 525 2909 ἀμέρδεαι
574 2839 628 2905 Φ
653 2829 837 2895 2904.
1560 2829 1594 2893 δ
1619 2828 1752 2897 374
1777 2827 1913 2895 9-3.

228 2933 470 3011 ἅπτεαι
520 2961 555 3001 κ
584 2934 765 3001 3794.
1473 2934 1636 2999 ἔδεαι
1689 2944 1758 3001 Ω.
1789 2933 2054 3000 1291-4.

226 3042 513 3120 βάλλεαι
554 3051 605 3107 ε
634 3041 871 3128 879⁴‚1
900 3042 1161 3127 435·‚r
1194 3040 1373 3107 1961.
1467 3039 1631 3122 ἕζεαι
1683 3040 1915 3125 (immo
1961 3038 2089 3121 ἕζεο
2121 3042 2194 3126 †)
2243 3022 2474 3106 2378?

228 3150 489 3225 βούλεαι
538 3148 779 3227 ρ4044,
828 3173 865 3212 σ
895 3146 1077 3214 3641.
1466 3148 1654 3227 εἴρεαι
1723 3156 1768 3211 Γ
1805 3146 1982 3231 1774,
2035 3156 2082 3211 Κ
2113 3144 2297 3224 416⁵,
2351 3156 2405 3210 Ο
2435 3146 2624 3231 247⁵,

230 3255 511 3321 δαίνυσαι
560 3264 614 3335 φ
642 3252 832 3321 2901.
1563 3262 1635 3319 Ω.
1687 3251 1886 3338 3904,
1970 3278 2013 3317 α
2061 3252 2265 3330 2314,
2342 3252 2375 3316 δ
2423 3251 2626 3337 4924,

231 3361 550 3437 δαμνασαι
601 3386 646 3439 y
674 3362 854 3427 2144.
1566 3385 1599 3433 η
1628 3358 1814 3443 2434,
1865 3376 1906 3424 λ
1934 3358 2115 3437 4634,
2161 3384 2188 3424 o
2216 3358 2400 3437 3904,
2441 3361 2624 3437 4024,

230 3467 565 3534 δεδείσσεαι
602 3476 663 3532 N
691 3467 876 3543 810⁵,
902 3466 1147 3554 Hymn.
1178 3466 1376 3533 Mete.
1560 3490 1602 3529 τ
1632 3464 1813 3544 1714,
1865 3470 1918 3543 ψ
1945 3464 2081 3550 994,
2131 3492 2174 3531 ω
2201 3465 2385 3532 4784.

325 3574 507 3640 1634.
1476 3573 1792 3653 ἐμπάζεαι
1844 3598 1892 3638 π
1919 3570 2099 3640 4224.

236 3681 639 3760 καταδέρκεαι
688 3680 935 3767 Hymn.
986 3678 1125 3746 Cer.
1184 3679 1320 3746 704.
1474 3677 1835 3743 ἐπιτέλλεαι
1887 3690 1938 3744 K
1968 3677 2108 3757 614,
2158 3690 2218 3745 Ψ
2247 3677 2389 3747 954.

234 3786 435 3852 δεύεαι
484 3799 526 3851 Β
556 3786 741 3861 2294,
790 3795 839 3851 E
870 3785 1051 3869 636⁵,
1104 3794 1161 3849 Ψ
1190 3784 1372 3851 4841.
1473 3786 1710 3865 ἐρύκεαι
1764 3784 1796 3849 δ
1827 3784 2014 3852 3734.

234 3894 433 3974 δίζηαι
482 3909 523 3959 λ
554 3892 816 3959 1004-3.
1472 3891 1688 3973 ἔρχεαι
1760 3901 1812 3958 Κ
1862 3890 2000 3968 824,
2080 3890 2266 3978 385⁵,
2340 3902 2392 3957 X
2442 3892 2628 3971 4831,

300 4121 352 4186 4)
400 4122 637 4180 Breviter,
684 4138 772 4187 pro
816 4122 925 4172 libri
962 4122 1185 4179 consilio,
1222 4121 1508 4178 indicatam,
1545 4136 1642 4169 uon
1677 4136 1792 4169 vero
1825 4119 2181 4185 comprobatam
2217 4118 2360 4169 habes
2396 4119 2518 4168 hanc
2555 4134 2630 4167 re·-

237 4203 393 4267 gulsm
428 4205 479 4253 in
519 4206 793 4269 compendio
826 4206 1052 4253 dictionis
1088 4205 1376 4259 homericae,
1411 4204 1537 4267 quod
1574 4202 1846 4252 scholarum
1879 4204 1930 4251 in
1971 4218 2110 4252 usum
2145 4213 2254 4251 ante
2290 4204 2376 4251 hos
2411 4207 2510 4249 tres
2545 4216 2629 4251 sn-

238 4301 321 4333 uos
352 4302 459 4335 cum
496 4288 647 4337 amico
688 4289 886 4337 Mendes
922 4288 982 4337 da
1018 4288 1160 4337 Costa
1196 4286 1323 4335 edidi
1358 4286 1636 4351 (Tuleigen
1673 4286 1759 4334 der
1792 4286 1918 4335 hom.
1952 4286 2217 4335 Gedichten
2247 4302 2353 4351 pag.
2375 4286 2438 4335 64
2469 4284 2630 4345 iufra).

303 4372 351 4428 †)
388 4370 544 4419 Nihili
578 4374 650 4419 est
682 4371 836 4419 forms
870 4367 1041 4433 ἕζεαι,
1074 4384 1227 4433 neque
1262 4374 1417 4417 metro
1453 4368 1705 4427 convenit,
1741 4368 1960 4432 sequitur
1995 4369 2124 4419 enim
2158 4370 2313 4424 εἴα-ος.
