3150 5000
1267 269 1589 322 nemus.
2497 247 2628 314 353

239 443 425 502 natus
486 435 591 502 hic
656 441 841 522 poeta
903 439 1193 522 quisquis
1240 438 1387 502 fuit.
1438 437 1569 502 Nec
1617 437 1759 504 leve
1806 438 1954 502 hinc
1999 436 2240 502 accedit
2287 455 2630 524 argumen-

239 549 379 608 tum
454 545 736 628 opinioni
809 542 1069 608 illorum
1149 545 1257 628 qui
1342 542 2137 630 Batrachomyomachiam
2210 540 2631 607 Alexandriae

236 651 537 735 scriptam
609 670 742 716 esse
811 647 1200 715 contendunt
1265 648 1457 733 (conf.
1528 647 1997 714 Herwerdenus
2068 648 2385 714 Mnemos.
2452 644 2630 711 1882

235 778 381 845 pag.
438 755 567 822 163
608 757 787 841 sqq.).
864 753 1031 820 Nam
1082 775 1228 819 cum
1278 756 1346 818 in
1393 754 1512 820 boc
1559 758 1879 832 carmine,
1931 754 2101 839 quod
2151 756 2220 818 in
2268 751 2632 818 enarrandis

233 865 421 928 rebus
481 883 677 948 paene
721 867 933 928 totum
983 865 1309 945 versatur,
1358 881 1484 926 non
1529 863 1656 926 nisi
1706 867 1979 948 quatuor
2031 861 2271 926 formae
2318 861 2633 949 reperian-

232 975 338 1035 tur
406 969 716 1036 secundae
776 988 1106 1054 personae,
1171 968 1253 1032 ad
1319 973 1604 1034 nostram
1654 968 2152 1053 disputationem
2202 969 2590 1052 pertinentes
2614 1011 2630 1037 ‚

232 1097 307 1142 ex
362 1076 467 1141 his
513 1074 675 1140 duae
721 1077 953 1140 vitiose
1000 1080 1151 1138 sunt
1198 1074 1547 1146 formatae,
1599 1095 1828 1159 nempe
1877 1083 2017 1156 ποιῇ
2064 1073 2206 1160 (pro
2255 1072 2488 1156 ποίεαι)
2535 1091 2632 1137 vs.

234 1179 318 1246 32
364 1191 431 1247 et
479 1184 739 1262 πορεύσῃ
784 1180 926 1267 (pro
973 1179 1325 1263 πορεύσεαι)
1374 1201 1469 1246 vs.
1513 1178 1684 1257 1743
1725 1187 1947 1246 contra
1981 1185 2148 1246 recte
2189 1179 2426 1244 habent
2452 1177 2632 1251 ὄληαι

232 1295 296 1352 et
343 1287 710 1366 εἰσαφίκηαι
756 1308 852 1353 vs.
904 1284 991 1351 63
1040 1307 1132 1372 sq.

319 1392 719 1480 Diligentius
778 1392 1099 1458 indicandi
1160 1398 1312 1458 sunt
1371 1391 1497 1458 loci
1560 1392 1867 1459 Hesiodei
1887 1441 1904 1470 ‚
1954 1395 2065 1478 qui
2111 1394 2268 1457 satis
2313 1392 2444 1456 rari
2484 1394 2635 1454 sunt

232 1521 343 1566 nec
391 1502 521 1565 nisi
566 1503 635 1564 in
680 1498 994 1584 Operibus
1042 1499 1384 1586 leguntur:

321 1604 511 1692 Oper.
559 1604 689 1671 299
785 1603 1137 1685 ἐργάζευ
1184 1604 1426 1685 Πέρση,
1476 1605 1598 1671 δῖον
1642 1604 1818 1683 γένος
1868 1612 1987 1671 etc.

348 1731 361 1746 ·
414 1761 432 1789 ,
557 1710 689 1778 312
782 1711 832 1777 εἰ
881 1712 945 1776 δέ
994 1736 1095 1775 κεν
1145 1711 1491 1792 ε’ργάζῃ,
1544 1712 1734 1792 τάχα
1781 1735 1851 1776 σε
1898 1711 2155 1792 ζηλώσει
2203 1709 2448 1790 αἐργός.

392 1865 429 1897 ,‚
553 1817 683 1885 339
779 1818 929 1894 ἠμὲν
976 1813 1066 1883 ὅτ’
1116 1815 1449 1898 εὐνάζῃ,
1498 1818 1604 1882 καὶ
1652 1816 1740 1882 ὅτ’
1791 1817 1868 1882 ἂν
1915 1818 2081 1899 φάος
2132 1817 2284 1896 ἱερὸν
2331 1815 2499 1898 ἔλθῃ.

392 1973 431 2003 „
554 1925 679 1990 341
774 1922 912 2005 ὄφρ’
960 1923 1154 1988 ἄλλον
1204 1925 1349 2005 ὠνῇ
1398 1933 1724 2003 κλῆρον,
1780 1929 1867 2000 μη
1918 1925 2020 1989 τὸν
2065 1926 2200 1990 τεὸν
2250 1922 2462 1995 ἄλλος.

392 2080 427 2108 ,,
552 2029 683 2095 408
777 2031 865 2108 μη
914 2030 989 2094 σὺ
1030 2031 1145 2106 μὲν
1185 2031 1364 2112 αἰτῇς
1406 2029 1624 2112 ἄλλον,
1668 2027 1696 2094 ὃ
1743 2031 1796 2095 δ’
1836 2031 2132 2110 άρνῆται,
2175 2031 2252 2095 σὺ
2292 2030 2357 2095 δὲ
2394 2038 2632 2114 τητᾷ.

412 2188 430 2216 ,
556 2136 687 2205 477
784 2138 1079 2218 εὐοχθέων
1145 2139 1197 2202 δ’
1245 2135 1447 2216 fga:
1512 2141 1724 2204 πόλιον
1795 2139 2020 2225 (ἠέαρ,
2093 2139 2226 2204 οὐδὲ
2300 2140 2444 2220 πρὸς
2509 2138 2635 2203 άλ-

785 2258 926 2316 λους
970 2245 982 2330 Ι
1023 2243 1366 2322 αὐγάσεαι.

395 2401 431 2430 ,,
502 2351 633 2416 545
658 2373 749 2436 sq.
778 2354 950 2416 ὑετοῦ
1019 2353 1235 2432 άμφι
1254 2351 1472 2433 βάλῃ
1536 2353 1762 2428 άλέην,
1831 2359 2163 2434 κεφαλῆφι
2213 2352 2266 2416 δ’
2313 2351 2532 2434 ὕπερθε
2659 2367 2667 2377 “

781 2465 962 2525 πῖλον
1008 2456 1177 2540 ἔχειν
1225 2459 1533 2537 άσκητὸν,
1584 2456 1654 2526 ἵν’
1706 2459 1908 2524 οὔατα
1956 2463 2045 2537 μη
2092 2461 2545 2545 καταδεύῃ.

414 2617 431 2645 ,
556 2564 687 2633 738
780 2568 962 2632 ποσσὶ
1013 2573 1241 2646 περᾶν,
1290 2569 1427 2646 πρίν
1473 2570 1541 2644 γ’
1593 2566 1783 2649 εὔξῃ
1834 2569 1966 2633 ἰδὼν
2015 2570 2078 2639 ἐς
2125 2569 2300 2634 καλὰ
2347 2569 2573 2651 ῥέεθρα.

238 2673 405 2753 Quos
455 2694 673 2739 versus
718 2674 1029 2739 indicasse
1078 2678 1231 2739 satis
1278 2674 1519 2756 habeO,
1569 2694 1694 2739 non
1742 2695 1890 2739 vero
1935 2677 2016 2739 iis
2063 2675 2478 2741 emendandis
2525 2678 2629 2741 vi-

238 2779 421 2844 detur
489 2780 964 2845 immorandum
1040 2800 1209 2856 esse,
1276 2801 1357 2845 ne
1417 2779 1629 2846 oleum
1695 2786 1886 2865 atque
1948 2801 2202 2865 operam
2254 2782 2595 2867 perdamus
2615 2801 2632 2859 3

237 2888 659 2951 recentiorum
708 2887 880 2951 enim
928 2886 1281 2952 formarum
1331 2886 1624 2952 sordibus
1671 2890 1765 2952 ita
1811 2887 2060 2970 squalet
2107 2886 2374 2953 Hesiodi
2415 2888 2635 2965 dictio,

238 2992 303 3055 in
363 2990 679 3076 Operibus
743 2994 1111 3077 praesertim
1134 3042 1153 3067 ‚
1215 3000 1289 3056 ut
1350 2996 1461 3057 vix
1522 2995 1590 3055 in
1653 2994 1996 3077 pristinum
2059 2996 2328 3059 nitorem
2380 2995 2634 3060 restitui

238 3116 413 3181 posse
462 3098 775 3163 videatur.
848 3098 993 3163 Non
1041 3104 1257 3163 tamen
1303 3094 1463 3171 ιξεαι
1518 3102 1637 3181 (vs.
1691 3096 1853 3183 477)
1901 3098 2298 3185 disyllabum
2344 3100 2632 3166 eiusdem

241 3222 369 3269 esse
420 3210 643 3288 poetae
688 3206 798 3288 qui
844 3206 1051 3269 πόλιόν
1100 3202 1235 3282 εέαρ
1286 3203 1563 3277 diceret,
1615 3210 1830 3287 patere
1875 3205 2166 3270 arbitror.

328 3308 617 3393 Denique
686 3310 1051 3391 Theoqnidea
1116 3312 1543 3394 conferamuS,
1608 3329 1735 3394 quo
1796 3309 2031 3375 melius
2089 3314 2281 3376 etiam
2332 3274 2632 3397 appareat

242 3415 389 3498 quid
452 3419 763 3501 posterior
826 3424 997 3481 aetas
1056 3416 1367 3499 discrepet
1430 3436 1469 3479 a
1531 3418 1884 3481 vetustiore
1950 3420 2316 3503 graecitate.
2391 3419 2631 3484 Notavi

241 3521 423 3588 hasce
471 3524 710 3588 formas
758 3528 1141 3587 contractas:

330 3628 442 3695 Vs.
486 3627 565 3694 61
620 3634 828 3704 ποιεῦ,
883 3626 968 3693 65
1016 3628 1255 3707 γνώσῃ,
1307 3627 1387 3693 71
1431 3627 1699 3705 βούλευ,
1756 3626 1881 3693 129
1930 3627 2166 3708 εὔχου,
2223 3629 2348 3696 171
2401 3628 2628 3716 εὔχου,

244 3733 369 3801 217
412 3734 683 3813 ἐφέπου,
724 3735 881 3799 ibid.
925 3734 1183 3811 γίγνου,
1229 3732 1363 3797 220
1404 3731 1624 3817 ἔρχευ,
1671 3732 1804 3799 238
1844 3736 2134 3814 πωτήσῃ,
2162 3733 2292 3799 239
2322 3736 2633 3815 παρέσσῃ,

246 3836 370 3905 633
420 3840 748 3925 βουλεύου,
782 3837 933 3907 ,657
984 3844 1154 3913 άσῶ,
1208 3838 1339 3902 753
1388 3846 1596 3917 ποιοῦ,
1655 3838 1826 3904 1032
1875 3837 2106 3918 ἄχθου,
2162 3841 2336 3907 1050
2385 3840 2631 3920 βάλευ,

251 3945 417 4014 1073
486 3946 755 4026 ἐφέπου,
823 3944 994 4011 1085
1045 3945 1293 4025 ἐπίστῃ,
1349 3945 1523 4011 1106
1574 3944 1716 4030 ἔσῃ,
1771 3944 1944 4011 1179
1993 3948 2198 4024 αἰδοῦ,
2265 3947 2438 4013 1242
2490 3946 2630 4031 ἔσῃ,

256 4050 426 4118 1272
479 4053 725 4131 ἐγένου,
778 4051 951 4119 1362
1005 4050 1381 4128 άντελάβου.
