3150 5000
557 240 688 311 148
1539 260 1968 310 mmmm.

558 428 640 497 ad
676 427 967 496 Pilatum
985 478 1007 515 ,
1046 434 1123 495 ut
1158 431 1290 495 mei
1328 428 1663 515 populares
1698 432 2007 496 iocantur.
2056 427 2225 510 Quid
2258 423 2695 515 Levesquius?
2718 422 2943 491 Serva·

557 537 655 604 vit
722 538 858 601 eius
925 536 1118 603 verba
1186 536 1402 623 Poppo
1463 538 1531 601 in
1599 538 1840 603 maiore
1901 535 2212 602 editionez
2276 532 2504 601 Graeci
2550 538 2774 598 autem
2823 550 2943 595 non

555 641 764 709 solum
836 640 1034 728 pileos
1095 663 1175 708 ex
1232 645 1464 709 coactis
1523 642 1842 708 faciebant
1857 689 1874 720 ,
1939 641 2049 707 sed
2112 644 2309 706 etiam
2359 638 2599 705 calceos
2645 639 2945 704 hibernos

555 752 788 815 coactis
850 749 1262 828 muniebant,
1325 755 1425 828 et,
1469 749 1538 815 id
1586 749 1753 836 quod
1796 749 1903 815 hic
1948 770 1983 814 e
2028 746 2407 835 Thucydide
2453 745 2801 821 discimus,
2851 743 2943 809 lo-

551 856 717 922 ricas
782 855 932 921 inde
1000 856 1491 922 fabricabantur.
1579 858 1815 943 Atqui,
1894 876 1931 921 o
1996 855 2189 933 bone,
2250 875 2331 919 ne
2398 853 2609 919 iurato
2678 852 2943 940 quidem

555 963 705 1027 testi
766 968 1007 1027 temere
1069 961 1452 1028 credendum
1519 968 1647 1028 est:
1711 968 1785 1027 tu
1834 968 2048 1027 autem
2099 982 2180 1027 ne
2228 960 2629 1027 levissimum
2678 958 2945 1047 quidem

555 1073 1010 1157 argumentum
1074 1068 1288 1147 effen,
1349 1075 1605 1155 propter
1668 1068 1832 1157 quod
1893 1069 2015 1133 tibi
2062 1066 2249 1133 fidem
2297 1067 2667 1133 habeamus.
2716 1064 2946 1155 Pergit

555 1174 805 1261 Poppo:
868 1176 1080 1259 Atque
1140 1174 1458 1241 Amoldus
1521 1183 1700 1240 πῖλον
1764 1174 2117 1241 Λακωνικὸν
2168 1194 2206 1241 a
2248 1172 2512 1240 Polluce
2557 1173 2592 1239 1
2638 1171 2771 1237 149
2822 1192 2946 1237 non

555 1281 772 1348 addita
816 1280 1238 1366 explicatione
1282 1284 1598 1348 nominari
1644 1288 1709 1347 et
1756 1282 1924 1367 apud
1969 1281 2265 1368 Xenoph.
2302 1277 2452 1368 Cyr.
2480 1280 2536 1345 V
2576 1280 2637 1347 5.
2682 1279 2723 1347 ¹7
2764 1287 2945 1345 πῖλον

558 1388 636 1455 de
697 1386 987 1475 stragula
1050 1409 1083 1453 e
1141 1386 1289 1454 lana
1334 1394 1550 1455 coacta
1597 1389 1765 1454 facta
1810 1388 1943 1477 leg-i
1990 1388 2267 1454 adnotat.
2316 1386 2556 1453 Verum
2602 1388 2726 1453 hoc
2776 1406 2949 1453 nunc

556 1492 815 1579 quidem
875 1493 1041 1558 οὐδὲν
1103 1494 1247 1574 πρὸς
1310 1494 1412 1559 τὸν
1477 1494 1798 1574 Διόνυσον,
1844 1515 1994 1560 nam
2042 1492 2330 1582 stragula
2376 1496 2575 1559 vestis
2619 1492 2725 1559 hic
2775 1500 2947 1559 certo

557 1601 790 1665 certius
847 1620 972 1665 non
1034 1600 1454 1688 intelligenda
1499 1606 1596 1667 est
1642 1607 1707 1665 et
1752 1599 2037 1667 Pollucis
2086 1600 2225 1666 loco
2270 1599 2434 1665 lecto
2478 1598 2685 1665 nihilo
2733 1600 2951 1666 evadi-

555 1726 706 1771 mus
744 1705 1072 1773 doctiorea.
1121 1706 1334 1772 Redeo
1369 1710 1444 1772 ad
1490 1706 1886 1793 Popponem:
1935 1706 2031 1772 De
2070 1710 2366 1772 universa
2404 1714 2731 1772 armatura
2756 1705 2948 1791 Spar·

557 1820 888 1890 tenorum,
952 1812 1100 1879 vide
1169 1812 1522 1879 Mullerum
1594 1822 1657 1879 et
1720 1813 2162 1879 Hermannum
2186 1861 2203 1892 ‚
2266 1834 2656 1899 quamquam
2719 1820 2950 1879 neuter

559 1920 776 1991 πίλους
839 1925 1191 2003 memorat,
1257 1920 1366 1985 sed
1426 1941 1647 1986 aeneas
1708 1920 1953 1987 loricas.
2017 1919 2201 1985 Nihil
2259 1922 2467 2007 igitur
2512 1919 2799 2005 proderit
2844 1939 2949 1985 eos

557 2048 726 2093 nunc
771 2027 1030 2113 quidem
1079 2028 1405 2113 inspicere.
1469 2025 1595 2092 Sed
1634 2026 1877 2113 reliqua
1914 2026 2287 2092 audiamus:
2330 2032 2393 2091 et
2430 2026 2685 2110 hastae,
2712 2026 2947 2111 quibus

559 2135 937 2220 petebantur
956 2182 972 2213 ‚
1049 2134 1284 2199 fractae
1351 2133 1799 2211 inhaerebant,
1862 2135 1906 2199 i.
1970 2154 2023 2199 e.
2100 2139 2163 2198 et
2239 2131 2450 2198 iacula
2519 2133 2809 2199 hostium
2882 2133 2951 2197 in

560 2240 776 2307 loricis
838 2238 1208 2305 coactilibus
1256 2239 1901 2305 Lacedaemoniorum
1920 2290 1939 2325 ,
1985 2260 2134 2305 cum
2181 2239 2552 2317 ferirentur,
2604 2238 2811 2305 fracta
2854 2241 2950 2305 in-

559 2345 922 2412 haerebant.
972 2345 1152 2427 Bella
1197 2366 1323 2411 non
1361 2345 1496 2411 vidi
1536 2366 1739 2432 neque
1778 2367 2087 2438 umquam
2131 2345 2346 2413 lanam
2387 2347 2545 2425 feci,
2586 2345 2699 2412 sed
2736 2349 2950 2413 ausim

559 2452 864 2539 spondere
922 2454 1120 2520 etiam
1182 2452 1545 2539 Popponem
1606 2474 1729 2519 nou
1779 2454 2014 2520 vidisse
2059 2452 2231 2520 bella
2276 2456 2376 2520 vel
2423 2452 2640 2520 lanam
2686 2452 2949 2530 fecisse3

561 2559 938 2625 admirabile
997 2565 1164 2626 certe
1225 2565 1324 2627 est
1373 2559 1582 2626 iacula
1644 2581 1722 2626 ex
1768 2560 2140 2626 vulneribus
2202 2561 2451 2627 extrahi
2494 2582 2616 2627 non
2666 2565 2949 2645 potuisse

560 2670 624 2733 et
670 2673 824 2732 tunc
871 2666 1098 2732 multis
1144 2666 1443 2732 accidisse
1491 2667 1659 2752 quod
1710 2667 1786 2732 de
1830 2665 2189 2753 Sarpedone
2232 2666 2550 2755 legimus:
2598 2665 2828 2745 βάρυνε
2885 2663 2949 2730 δέ

558 2796 663 2853 μιν
712 2772 843 2853 δόρυ
890 2774 1124 2853 μακρὸν
1172 2772 1511 2866 ἑλκόμενον.
1560 2773 1630 2837 τὸ
1678 2772 1840 2847 οὔτις
1892 2773 2304 2856 ἐπεφράσατ’,
2356 2772 2480 2838 οὐδ’
2529 2773 2769 2847 ἐνόησεν
2812 2798 2946 2852 μη-

559 2887 688 2961 ροῦ
765 2879 1151 2959 ἐξερύσαι
1225 2880 1358 2960 δόρυ
1428 2881 1730 2957 μείλινον,
1803 2901 1952 2946 cum
2016 2902 2139 2967 quo
2193 2881 2331 2946 loco
2394 2881 2663 2946 conferri
2726 2885 2949 2946 tamen

559 2988 792 3074 poterit
853 2987 1200 3072 Procopius
1257 2987 1334 3052 de
1398 2987 1565 3052 bello
1616 2985 1891 3054 Gothico
1928 2987 1991 3052 II
2030 2987 2071 3052 2
2110 3010 2169 3072 p.
2217 2987 2341 3052 151
2385 2994 2450 3053 et
2494 2985 2558 3051 11
2602 2985 2640 3050 5
2680 3007 2744 3072 p.
2793 2983 2945 3052 167.

561 3095 848 3180 Denique
894 3093 1112 3178 Poppo
1159 3093 1238 3158 ad
1265 3092 1751 3160 Bloomfieldum
1775 3101 2103 3181 provocat:
2148 3093 2332 3160 Hanc
2354 3095 2945 3179 interpretationem

557 3200 731 3266 haud
777 3200 1039 3265 dubiam
1089 3199 1456 3285 relinquunt
1502 3201 1573 3265 hi
1622 3201 1748 3266 duo
1792 3200 1951 3276 loci,
2001 3221 2272 3287 quorum
2321 3207 2608 3267 auctores
2654 3199 2735 3266 ad
2775 3198 2949 3266 hunc

558 3310 904 3392 respexisse
974 3306 1298 3391 probabile
1367 3312 1497 3372 est:
1567 3307 1841 3372 Pausan.
1905 3306 1938 3371 I
2002 3305 2084 3371 21
2150 3304 2231 3372 8:
2292 3308 2752 3373 ἐναποκλῶνται
2816 3307 2947 3384 γὰρ

497 3497 504 3508 ·
560 3415 740 3494 σφίσι
792 3415 944 3496 [τοῖς
993 3410 1207 3490 θώραξι
1256 3419 1380 3485 τοῖς
1429 3417 1644 3496 λινοῖς]
1694 3413 1798 3478 καὶ
1848 3409 2103 3478 λεόντων
2140 3412 2372 3485 ὀδόντες
2416 3421 2481 3479 et
2522 3413 2697 3479 Plut.
2736 3410 2948 3480 Crass.

561 3519 683 3586 25:
747 3519 1172 3601 ἐναποθραύειν
1234 3527 1359 3591 τοῖς
1422 3519 1741 3599 τραύμασι
1805 3519 1963 3600 (scil.
2024 3521 2164 3594 τοὺς
2227 3521 2470 3606 ciconia).
2519 3519 2779 3586 Scilicet
2824 3519 2949 3587 hoo

557 3626 752 3692 habet
813 3625 1303 3693 Bloomfieldus:
1370 3627 1607 3711 ubique
1654 3627 1952 3694 odoratur
1998 3625 2393 3714 Thucydidis
2438 3629 2833 3693 imitationes
2882 3633 2946 3694 et

560 3735 854 3799 omittere
918 3734 1272 3818 poterimus
1333 3732 1667 3798 Plutarchi
1728 3732 1940 3798 locum
1960 3781 1977 3809 ‚
2038 3735 2149 3818 qui
2209 3732 2397 3818 plane
2458 3732 2627 3798 nihil
2672 3732 2752 3799 ad
2796 3753 2942 3812 nos;

560 3839 669 3905 sed
715 3840 869 3925 quid
915 3846 1011 3906 est
1056 3839 1172 3905 hoc
1219 3840 1385 3924 quod
1434 3839 1723 3905 venditat
1762 3839 2107 3905 Pausanias
2127 3887 2142 3917 ‚
2185 3839 2440 3906 leonum
2483 3838 2704 3904 dentes
2726 3838 2944 3904 linteis

556 3945 772 4012 loricis
821 3942 1323 4011 ἔναποκλᾶσθαιῖ
1370 3945 1718 4012 Putavitne
1763 3947 2024 4012 fortasse
2071 3944 2527 4012 Bloomfieldus
2575 3948 2772 4011 etiam
2812 3945 2943 4012 leo·

558 4073 715 4117 num
765 4051 982 4117 dentes
1027 4050 1244 4117 linteis
1291 4050 1507 4117 loricis
1536 4053 1787 4136 fractos
1831 4051 2191 4117 inhaesisse?
2239 4052 2355 4118 Est
2393 4071 2617 4139 operae
2654 4055 2939 4138 pretium

555 4162 770 4246 ipsum
834 4157 1218 4226 Pausaniam
1267 4157 1593 4228 evolvere:
1642 4167 1739 4225 est
1782 4179 1989 4224 sermo
2034 4159 2112 4225 de
2158 4166 2482 4224 armatura
2526 4157 2938 4225 Sauromata-

556 4286 740 4330 rum:
790 4266 842 4331 οἱ
891 4264 955 4330 δὲ
1003 4265 1260 4345 θώρακες
1308 4267 1360 4330 οἱ
1407 4273 1566 4331 λινοῖ
1605 4263 1984 4345 μαχομένοις
2031 4265 2145 4344 μὲν
2195 4267 2315 4346 οὐχ
2364 4265 2577 4343 ὁμοίως
2622 4267 2738 4331 εἶσὶ
2780 4268 2935 4347 χρή-

557 4395 720 4449 σιμοι
743 4395 757 4410 ·
825 4371 1008 4440 διιᾶσι
1064 4372 1192 4454 γὰρ
1241 4373 1345 4437 καὶ
1397 4373 1753 4456 βιαζόμενοι
1801 4375 1905 4438 τὸν
1951 4371 2205 4455 σίδηρον.
2254 4371 2397 4438 Hoc
2444 4371 2657 4439 credo:
2706 4393 2932 4463 parum
