3150 5000
1237 296 1671 350 mummia,
2513 282 2644 349 133

267 459 410 540 uere?
453 457 674 542 λάβρῳ
717 482 842 528 non
888 466 1128 530 temere
1173 463 1530 531 abiicienda
1575 464 1765 532 lectio
1812 469 1940 545 est3
1986 465 2065 531 cf.
2116 484 2275 552 quae
2312 470 2635 553 praeterea

269 564 342 630 de
383 564 504 632 hoc
547 564 686 633 loco
731 567 1033 637 adnotavi
1079 570 1140 634 ἐν
1184 571 1376 648 λογίῳ
1425 574 1621 655 Ἑρμῇ
1669 593 1731 657 p.
1782 569 1933 637 419.
1983 570 2147 639 Sunt
2196 574 2265 637 in
2311 572 2415 637 his
2470 574 2643 659 capi-

267 672 434 737 tibus
495 673 573 739 de
635 673 1042 742 Plataearum
1101 676 1426 743 obsidione
1483 698 1679 765 quam
1724 678 2041 766 plurimae
2085 678 2643 765 interpolationes,

265 797 416 863 quas
460 778 924 849 Hsrwerdenus
969 788 1138 849 recte
1185 786 1470 861 notavit,
1519 783 1665 863 sed,
1715 789 2029 871 quantum
2076 790 2370 871 apparet,
2420 804 2547 851 non
2586 786 2647 851 ei

261 889 542 971 persuasi
600 888 768 974 quod
829 889 906 955 de
966 892 1158 957 tertia
1209 892 1604 979 paragrapho
1652 895 2043 978 scripseram.
2098 892 2426 959 Accedunt
2470 889 2643 973 ψιλοὶ

263 993 529 1073 δώδεκα,
577 990 654 1060 ὦν
702 996 916 1073 ἡγεῖτο
965 996 1262 1074 Ἀμμέοις
1308 998 1336 1061 ὅ
1386 998 1673 1079 Κοροίβου
1716 999 1849 1064 καὶ
1892 1006 2121 1079 πρῶτος
2164 998 2383 1083 ἀνέβη,
2424 995 2644 1074 μετὰ

259 1098 312 1165 δ’
373 1102 618 1167 αὑτὸν
678 1104 745 1167 οἱ
809 1100 1224 1180 ἑπόμενοι.
1285 1102 1564 1170 Minime
1613 1105 1836 1171 dubito
1882 1108 2039 1195 quin
2084 1090 2405 1191 postrema
2449 1105 2645 1171 verba

256 1207 534 1273 insiticia
595 1210 758 1287 sint;
823 1214 1147 1296 praeterea
1206 1212 1443 1277 inserto
1502 1214 1875 1296 pronomine
1934 1210 2279 1300 legendum
2330 1216 2461 1277 est.
2512 1206 2567 1297 (ὃ
2587 1218 2643 1290 ς)

255 1312 362 1378 καὶ
423 1319 650 1395 πρῶτος
713 1316 928 1395 ἀνέβη.
981 1316 1214 1383 Itidem
1262 1320 1460 1383 miror
1509 1320 1677 1404 quod
1722 1318 2187 1386 Herwerdenus
2232 1321 2299 1384 in
2350 1324 2636 1383 extremo

256 1422 462 1507 capite
519 1425 832 1490 servavit:
897 1419 1056 1496 b'woe‘c
1119 1424 1348 1505 ἀσαφῆ
1409 1424 1496 1489 τὰ
1559 1433 1794 1502 σημεῖα
1857 1423 1892 1508 ᾖ
1957 1426 2063 1491 καὶ
2117 1427 2209 1503 μη
2253 1425 2529 1505 βοηθοῖεν
2578 1428 2643 1489 et
2754 1470 2759 1477 -

254 1527 643 1612 quantillum
715 1535 811 1596 est
879 1551 1176 1618 reponere
1245 1556 1275 1596 ε
1292 1528 1387 1607 ἷη.
1450 1530 1667 1597 Etiam
1739 1534 1805 1597 in
1873 1534 2163 1617 proxime
2230 1531 2640 1617 sequentibus

251 1632 458 1701 latent
513 1636 824 1722 quaedam
884 1637 1424 1724 interpolationes.
1483 1636 1686 1705 Verbi
1746 1658 1939 1705 causa
1998 1660 2054 1705 c.
2119 1636 2207 1704 23
2266 1658 2393 1704 non
2454 1635 2642 1703 firma

251 1739 492 1828 glacies
552 1749 680 1817 est,
746 1743 896 1809 ἀλλ’
961 1738 1075 1817 οἷος
1136 1743 1492 1819 ainardus-ov
1557 1743 1592 1818 ἢ
1656 1743 1943 1824 βορέου
1994 1743 2393 1818 ὑδατώδης
2443 1746 2641 1822 μᾶλ-

250 1862 290 1913 λ
305 1870 334 1912 ο
354 1873 385 1913 ν
405 1870 420 1887 ·
493 1850 716 1915 scribit
785 1847 1180 1917 Classenius:
1252 1874 1312 1915 σε
1379 1872 1536 1915 mma
1582 1851 1743 1937 fridh
1804 1861 1985 1915 etwas
2044 1850 2450 1915 nersobriebem
2497 1850 2640 1915 oder

248 1956 627 2038 amyclae-ven
695 1958 824 2022 sein
835 1988 865 2036 ,·
927 1958 1038 2024 sed
1093 1957 1280 2043 plane
1342 1963 1559 2024 contra
1619 1963 1716 2023 est
1775 1961 1839 2023 et
1902 1957 2228 2023 abundant
2289 1956 2639 2043 quaedam;

248 2062 379 2128 iam
451 2062 778 2131 Dobraeus
847 2070 912 2130 et
968 2064 1258 2130 Stahlius
1321 2084 1683 2160 expnnxere
1747 2067 1781 2140 ἢ
1847 2065 2059 2145 βορέου
2077 2111 2093 2142 ,
2160 2064 2269 2131 sed
2314 2070 2639 2150 praeterea

247 2172 465 2254 spuria
528 2170 721 2237 verba
764 2177 944 2237 sunt:
999 2170 1306 2246 ὑδατώδης
1351 2174 1597 2248 μᾶλλον
1616 2220 1635 2256 ,
1685 2191 1845 2257 quae
1889 2192 2221 2258 perperam
2267 2170 2506 2237 fluxere
2558 2192 2637 2237 ex

246 2275 490 2342 scholio
537 2279 841 2362 quodam:
889 2276 1114 2359 βορέας
1161 2278 1288 2357 γὰρ
1333 2278 1597 2356 βέβαιον
1646 2284 1812 2343 ποιεῖ
1853 2276 2232 2358 asponam,
2276 2276 2634 2354 ἀπηλιώτης

243 2380 310 2447 δὲ
357 2381 659 2458 ὑδατώδη.
703 2382 820 2449 Est
865 2390 1082 2451 autem
1129 2384 1460 2450 sciendum
1509 2383 1678 2470 quod
1716 2384 1796 2450 ad
1815 2372 1967 2450 'rem
2008 2386 2318 2471 pertinet,
2359 2385 2635 2460 ἀπηλιώ-

244 2513 357 2564 την
421 2492 714 2557 omnium
775 2496 1111 2558 ventorum
1176 2491 1446 2558 Athenis
1503 2488 1696 2579 longe
1754 2511 1889 2558 esse
1950 2492 2352 2557 rarissimum
2401 2495 2466 2557 et
2521 2511 2634 2578 per

241 2598 574 2685 integrum
636 2618 873 2663 annum
935 2600 1048 2666 vix
1111 2600 1446 2684 quinquies
1505 2597 1846 2665 observari.
1896 2597 2111 2664 Etiam
2162 2598 2239 2665 de
2286 2600 2493 2685 capite
2540 2596 2631 2663 24

241 2702 302 2767 Iu
364 2704 559 2784 λογίῳ
622 2705 816 2786 Ἐρμῇ
880 2725 940 2791 p.
992 2702 1124 2769 420
1171 2704 1454 2770 dixeram
1505 2710 1569 2770 et
1618 2704 2131 2770 commendaram
2180 2709 2328 2776 ante
2373 2703 2631 2771 Madvi-

238 2811 424 2896 gium
466 2807 629 2888 ἥκετ’
670 2807 747 2874 ἄν
785 2815 850 2876 et
890 2830 1320 2896 expunxeram
1360 2809 1555 2878 verba
1590 2811 1701 2886 τὴν
1744 2810 1803 2883 ἐς
1845 2809 1985 2882 τοὺς
2026 2810 2359 2888 πολεμίους
2405 2815 2472 2877 et
2516 2809 2628 2885 τὴν

239 2914 342 2980 ἐπ’
393 2913 674 2991 Ἀθηνῶν
719 2916 1024 2998 Φέρουσαυ
1073 2922 1138 2983 et
1183 2919 1294 2992 την
1339 2916 1440 2982 ἐπὶ
1488 2921 1606 2981 τῶν
1655 2916 1878 2994 Θηβῶν
1899 2936 1913 2953 ·
1954 2936 2080 2982 non
2120 2936 2279 3002 opus
2317 2921 2413 2982 est
2452 2916 2627 2984 hisce

236 3023 578 3090 immorari
597 3069 614 3101 ‚
675 3043 824 3088 nam
881 3043 980 3090 res
1039 3023 1310 3088 incurrit
1354 3024 1422 3087 in
1469 3021 1703 3089 oculos.
1752 3021 1995 3088 Deinde
2042 3023 2365 3110 effugiunt
2414 3019 2625 3104 ἄνδρες

238 3127 476 3196 δώδεκα.
542 3130 649 3195 καὶ
712 3129 1002 3196 διακόσιοι
1064 3129 1192 3195 ἀπὸ
1252 3143 1355 3194 ota
1376 3126 1678 3194 ειδνων·
1744 3128 1999 3194 fuerant
2045 3135 2261 3194 autem
2312 3130 2391 3194 ab
2435 3131 2624 3194 initio

236 3243 378 3304 octo
441 3235 693 3324 plures,
753 3237 922 3304 unde
983 3235 1450 3303 emendandum
1511 3240 1640 3303 est:
1695 3236 1809 3299 ἀπ’
1858 3236 2163 3321 (ὀλίγῳ)
2211 3233 2624 3302 πλειόνων.

237 3341 422 3424 Quod
484 3343 564 3410 ad
629 3345 832 3429 ipsam
877 3364 1016 3408 rem
1060 3343 1328 3421 attinet,
1372 3341 1753 3408 narrationis
1798 3343 2213 3427 quantumvis
2259 3340 2514 3427 pulcrae
2562 3346 2629 3407 et

233 3452 533 3516 omnium
594 3448 896 3516 laudibus
956 3450 1186 3514 merito
1245 3446 1628 3527 celebratae,
1680 3445 1834 3513 fides
1878 3449 2233 3534 perexigua
2269 3466 2407 3514 esse
2452 3446 2631 3514 vide·

234 3559 360 3622 tur.
410 3554 641 3622 Veluti
686 3558 830 3642 quis
873 3555 1086 3624 credat
1132 3552 1578 3642 Thucydidem
1619 3553 1944 3641 explorata
1979 3575 2049 3620 re
2084 3555 2441 3640 scripsisse:
2478 3563 2621 3622 ΕΙΣ

232 3663 288 3729 δ’
351 3663 454 3729 ἐπὶ
519 3673 596 3746 τῇ
663 3660 773 3742 ἔξω
834 3662 1054 3746 τάφρῳ
1117 3659 1368 3738 τοξότης
1431 3661 1691 3738 ἐλήφθη.
1754 3660 1913 3742 Quis
1958 3662 2249 3726 animum
2297 3660 2624 3727 attendere

227 3769 446 3856 potuit
463 3817 481 3849 ‚
543 3789 746 3854 quum
793 3776 1140 3836 nocturnus
1186 3767 1510 3835 tumultus
1559 3769 1774 3834 omnia
1822 3763 2179 3834 obtineret?
2226 3764 2419 3832 Visne
2464 3769 2625 3833 scire

229 3895 426 3962 quam
495 3877 782 3942 veritatis
827 3882 1113 3942 amantes
1157 3873 1259 3941 illi
1305 3875 1431 3961 ipsi
1475 3873 1747 3957 fuerint,
1794 3873 1906 3959 qui
1954 3873 2073 3939 soli
2118 3892 2333 3938 omnes
2383 3871 2622 3939 oculati

229 3987 426 4048 testes
469 3977 763 4049 fuerunt?
807 3980 977 4048 Vide
1023 3984 1088 4046 in
1134 3981 1254 4047 hoc
1299 3983 1438 4067 ipso
1471 3981 1697 4066 capite,
1736 3979 2053 4068 quomodo
2092 3985 2339 4064 septem
2374 3978 2619 4045 milites

229 4089 504 4176 proditis
561 4091 750 4154 sociis
805 4087 1062 4154 redeant
1123 4089 1194 4152 in
1249 4086 1470 4154 urbem
1518 4092 1585 4152 et
1629 4089 1933 4152 nuncient
1974 4088 2053 4158 ὥς
2102 4085 2295 4158 οὐδεὶς
2344 4085 2578 4164 mle-51
2597 4134 2617 4164 ,

229 4215 380 4262 cum
428 4202 677 4281 praeter
723 4214 924 4259 unum
977 4191 1165 4258 illum
1207 4213 1426 4259 omnes
1473 4191 1829 4258 incolumes
1877 4197 2104 4258 essent.
2156 4190 2363 4272 Quam
2409 4189 2619 4256 multa

229 4302 298 4366 in
357 4302 627 4369 historia
670 4322 750 4367 ex
796 4300 1113 4366 eiusmodi
1157 4301 1541 4366 testimoniis
1590 4297 1880 4385 pendent.
1932 4296 2114 4365 Unus
2161 4315 2353 4382 supra
2398 4315 2619 4362 omnes

229 4406 426 4498 longe
484 4410 724 4476 eminet
783 4404 1258 4475 Cantacuzenus
1271 4452 1291 4488 ,
1355 4407 1469 4492 qui
1528 4425 1732 4492 quum
1790 4403 1963 4474 bella
2020 4403 2357 4484 describit,
2405 4402 2617 4490 quibu
