3150 5000
485 267 575 336 90
596 303 600 308 -
1426 287 1514 334 AD
1560 287 1908 335 nuculeum

480 453 718 519 excidit
761 451 1183 520 necessarium
1230 449 1347 526 μέν
1392 452 1460 514 in
1508 470 1642 534 cap.
1691 447 1812 514 31:
1860 448 1928 514 τὸ
1960 449 2122 537 (μὲν)
2152 447 2406 514 σπάνιον
2435 451 2844 528 ἀγαπῶντας
2865 500 2882 530 ,

482 559 553 626 τὸ
600 559 652 623 δ’
700 560 762 622 ἐν
809 560 991 640 καιρῷ
1042 557 1610 638 ὑπερηφανοῦντας.

573 754 723 842 Cap.
779 753 885 820 31.
933 753 1181 826 τούτους
1230 752 1356 832 γὰρ
1407 749 1624 819 εἶναι
1653 797 1898 818 ......
1945 752 2196 825 τούτους
2249 747 2538 840 [εἷναι].
2596 751 2883 820 Senten-

480 867 639 930 tiam
686 862 897 952 relege
944 867 1008 928 et
1055 861 1301 927 videbis
1345 854 1461 924 εἶν
1480 883 1524 925 α
1543 883 1562 922 ι
1614 857 1785 924 male
1830 859 2170 925 abundare.

447 1091 453 1096 -
574 1042 727 1131 Cap.
797 1041 901 1108 32.
953 1044 1079 1110 άπὸ
1127 1045 1189 1110 δὲ
1242 1052 1352 1119 τῆς
1403 1045 1597 1120 αὐτῆς
1647 1045 1898 1121 γνώμης
1945 1045 2188 1109 κάκεῖνο
2238 1041 2534 1122 ἔλεγεν
2579 1043 2881 1124 ἀτεχνῶς

482 1155 588 1216 τοῦ
652 1150 891 1227 Μώμου
951 1152 1054 1216 τὸν
1110 1150 1295 1229 λόγον
1339 1149 1794 1228 μιμησάμενος.
1863 1149 2048 1216 Nihil
2095 1150 2355 1234 quidem
2402 1153 2469 1215 in
2514 1150 2617 1214 his
2665 1153 2883 1226 inest,

482 1257 649 1342 quod
711 1257 1160 1343 reprehendas3
1224 1257 1333 1322 sed
1396 1263 1611 1322 tamen
1661 1259 1968 1341 suspicari
2014 1255 2165 1322 licet
2210 1254 2568 1321 Lucianum
2617 1255 2880 1321 dedisse

482 1361 807 1442 ἔψεγεν.
878 1361 975 1428 Cf.
1025 1384 1187 1448 quae
1233 1371 1581 1448 sequuntur
1624 1363 2054 1442 ἐμέμφετο
2103 1371 2167 1427 et
2217 1365 2527 1443 ᾐτιᾶτο.

565 1543 727 1631 Cap.
795 1544 899 1611 36.
968 1546 1069 1610 καὶ
1126 1543 1431 1612 ἅπτονται
1481 1547 1594 1620 μὲν
1653 1546 1756 1610 καὶ
1803 1541 1964 1610 οὗτοι
2013 1553 2149 1618 τῆς
2199 1546 2410 1621 ὁδοῦ,
2460 1543 2544 1608 τά
2591 1541 2657 1606 δὲ
2705 1543 2876 1622 βέλη

483 1655 684 1718 αὐτῶν
730 1655 796 1716 οὐ
844 1653 1011 1730 μένει
1062 1654 1121 1716 ἕν
1169 1655 1251 1733 τῷ
1302 1650 1544 1731 cndu-2,
1588 1653 1738 1717 ἀλλ’
1780 1651 1895 1716 ὑπὸ
1937 1660 2046 1726 τῆς
2089 1650 2497 1728 σφοδρότητος
2546 1649 2874 1714 διελθόντα

482 1757 586 1824 καὶ
651 1757 1291 1836 παροδεύσαντα
1354 1766 1692 1839 κεχηνυῖαν
1752 1757 1930 1834 μόνον
1993 1759 2078 1838 τῷ
2124 1758 2440 1836 τραύματι
2486 1758 2596 1830 τῆν
2645 1757 2876 1837 ψυχὴν

477 1864 806 1952 α’πέλιπεν.
877 1862 1060 1929 Nihil
1106 1870 1204 1930 est
1249 1873 1387 1939 τῆς
1437 1865 1614 1928 ὁδοῦ
1661 1885 1860 1948 neque
1915 1863 2198 1930 multum
2248 1861 2614 1948 proficimus
2662 1862 2875 1926 Fritz-

480 1969 640 2034 sehii
687 1971 1045 2035 coniectura
1090 1973 1239 2034 τῶν
1284 1967 1320 2033 δ’
1329 1994 1461 2049 ρων
1508 1970 1791 2055 suppleri
1833 1971 2136 2034 iubentis.
2199 1969 2438 2034 Melius
2473 1969 2628 2034 haec
2672 1969 2878 2034 verba

480 2074 866 2153 exulabunt;
919 2071 1331 2141 ἅπτεσθαι
1372 2079 1614 2160 optime
1653 2074 1940 2140 absolute
1979 2075 2097 2139 hoc
2138 2096 2322 2140 sensu
2364 2063 2646 2158 punitum
2697 2072 2873 2158 quod

480 2201 603 2246 non
666 2181 1031 2268 intelligens
1094 2183 1326 2248 sciolus
1385 2182 1618 2268 aliquis
1673 2183 1743 2248 τὸ
1809 2182 2057 2245 ἐπελθὸν
2121 2178 2462 2266 supplevit.
2550 2178 2676 2244 Sed
2741 2200 2870 2245 non

479 2289 692 2351 minor
750 2287 1005 2353 offensio
1067 2295 1351 2372 superest
1412 2290 1478 2351 in
1537 2286 1652 2353 illo
1701 2287 2354 2366 παροδεύσαντα.
2425 2285 2648 2370 Inepte
2695 2285 2872 2350 enim

478 2395 753 2479 sagittae
801 2413 925 2456 uno
973 2393 1317 2478 eodemque
1358 2399 1642 2477 tempore
1682 2399 1746 2458 et
1785 2413 2042 2477 scopum
2076 2399 2396 2474 penetrare
2434 2397 2498 2455 et
2529 2391 2872 2472 praeterire

479 2500 793 2565 dicuntur.
868 2497 1302 2587 Intelligerem
1361 2500 1495 2564 καὶ
1562 2500 1758 2578 πέρα
1809 2498 2302 2564 ὃδεύσανταε
2353 2520 2520 2579 scopo
2569 2500 2869 2579 transfixo

477 2606 641 2669 ultra
691 2625 1071 2689 progressam
1136 2607 1365 2690 quibus
1412 2606 1743 2689 aptissime
1791 2611 2192 2690 opponuntur
2238 2624 2398 2689 quae
2443 2603 2749 2690 leguntur
2797 2605 2868 2667 in

477 2731 611 2795 cap.
664 2710 779 2777 37:
827 2710 1241 2791 διακόψαν
1289 2709 1485 2790 ἄχρι
1534 2714 1671 2773 τοῦ
1719 2710 2092 2773 διελθεῖν.

565 2816 867 2880 Iudicium
934 2816 1241 2881 Vocalium
1300 2836 1432 2900 cap.
1502 2814 1568 2880 2.
1627 2811 1777 2885 ὦςτε
1855 2814 1957 2893 ἐφ’
2020 2810 2102 2885 οἷς
2155 2817 2460 2896 ἡσύχασα
2509 2806 2817 2887 πολλάκις
2847 2861 2864 2891 ,

477 2922 583 2986 οὐκ
644 2923 915 2997 ἀγαπῶν
978 2922 1151 2985 ἀλλ’
1214 2920 1319 2996 ἤδη
1386 2921 1489 2985 καὶ
1540 2921 1732 2984 πλείω
1782 2920 2254 3001 προσβιάζεται.
2328 2920 2652 2999 Quaenam
2701 2919 2864 2985 haee

476 3028 778 3092 orationis
841 3033 939 3091 est
982 3024 1345 3092 scabrities?
1416 3025 1542 3092 Pro
1587 3025 1768 3090 ἀλλ’
1815 3027 2082 3091 emenda
2128 3024 2301 3090 ἄλλ’
2350 3037 2414 3089 et
2461 3034 2676 3090 verte:
2728 3025 2865 3089 alia

477 3140 653 3218 atque
697 3134 843 3197 adeo
882 3133 1085 3214 plura.
1158 3131 1232 3196 In
1278 3130 1402 3195 fine
1445 3138 1590 3217 post
1638 3133 2168 3211 ἀριθμεῖσθαι
2216 3130 2374 3196 adde
2421 3130 2562 3195 ἔτι.

570 3314 727 3400 Cap.
769 3312 831 3379 4.
880 3314 1190 3379 ἐπέπαυτο
1237 3313 1291 3378 δ’
1340 3312 1415 3379 ἂν
1467 3314 1561 3397 (τὸ
1608 3312 1854 3392 γάμμα
1901 3313 2065 3399 soil.)
2119 3314 2223 3378 καὶ
2275 3312 2417 3391 πρὸς
2467 3312 2535 3377 τὸ
2585 3310 2862 3388 λάμβδα

477 3420 840 3505 μαχόμενον
901 3423 969 3509 τὸ
1034 3419 1269 3500 μόγις
1340 3421 1946 3501 ἀφαιρούμενον
1993 3422 2203 3485 αὐτοῦ.
2277 3416 2460 3485 Nihil
2507 3422 2674 3494 erat,
2724 3419 2860 3502 opi-

476 3547 625 3611 nor,
689 3546 816 3612 qua
869 3526 945 3591 de
994 3546 1181 3591 causa
1229 3525 1314 3590 τὸ
1363 3525 1669 3604 γάμμα
1715 3528 1801 3591 τὸ
1848 3525 2090 3602 μόγις
2139 3525 2215 3589 ad
2265 3546 2330 3590 se
2379 3524 2688 3597 traheret.
2739 3527 2864 3589 nisi

476 3632 637 3698 forte
697 3653 766 3697 se
822 3633 1035 3717 ipsum
1100 3632 1441 3717 compilare
1504 3638 1833 3697 statuerat.
1928 3629 2099 3695 Satis
2163 3630 2418 3695 evidens
2476 3636 2572 3694 est
2619 3629 2860 3707 μόλις

475 3738 735 3823 requiri.
807 3736 974 3803 Vide
1035 3738 1233 3815 inira,
1301 3757 1437 3821 cap.
1502 3734 1575 3813 8,
1629 3738 1740 3800 ubi
1786 3738 1853 3800 τὸ
1903 3744 2114 3812 σῖγμα
2161 3736 2239 3801 de
2286 3736 2536 3799 iniuriis
2580 3739 2687 3799 τοῦ
2735 3741 2860 3799 ταῦ

477 3863 777 3927 querens:
828 3843 1236 3922 ἀφείλετο
1288 3842 1364 3906 δέ
1413 3865 1558 3918 μου
1608 3841 1946 3922 Φάοσαν
1983 3840 2128 3917 ἅμα
2169 3846 2504 3914 νήσσαις
2546 3840 2651 3904 κα)
2696 3864 2860 3905 κοσ·

479 3948 768 4028 σύΦοις
830 3954 895 4012 et
956 3969 1087 4032 cap.
1158 3948 1197 4013 9
1262 3948 1331 4011 τὸ
1394 3949 1557 4029 ζῆτα
1614 3950 1910 4013 incusans
1974 3948 2076 4011 καὶ
2128 3952 2342 4011 πᾶσαν
2393 3948 2862 4027 ἀφελομένῳ

481 4054 863 4131 Σμύρναν.
942 4052 1099 4132 Quis
1159 4053 1250 4118 ibi
1314 4054 1504 4119 ferret
1567 4052 1909 4133 Φάτταν
1957 4060 2072 4119 aut
2135 4051 2551 4130 ΖμύρνανῨ
2621 4054 2860 4119 Eodem

476 4159 666 4225 modo
713 4165 1045 4245 peecatum
1095 4166 1189 4224 est
1238 4161 1305 4223 in
1351 4158 1473 4225 fine
1520 4180 1656 4244 cap.
1708 4159 1785 4237 9,
1838 4160 1950 4224 ubi
1995 4180 2224 4244 repone
2272 4160 2422 4230 τὰς
2472 4160 2864 4239 μυρσίνας

474 4270 539 4330 et
599 4264 697 4329 ἐπὶ
763 4264 1073 4344 κόρσης.
1163 4265 1237 4330 In
1299 4263 1419 4331 fine
1480 4286 1612 4350 oap.
1681 4264 1725 4329 8
1793 4266 2152 4343 ’Τμησσό
2167 4289 2197 4329 ν
2266 4268 2510 4351 optime
2579 4268 2864 4332 restituit

470 4367 931 4436 Herwerdenus
982 4390 1092 4455 pro
1141 4369 1507 4447 ’Τμηττό
1522 4395 1573 4435 ν.
