3150 5000
1261 254 1684 306 mmmns.
2592 232 2679 299 99

267 441 404 505 que
453 416 700 487 definiri
745 422 972 507 potest.
1025 421 1128 487 Ad
1171 442 1311 490 eam
1359 442 1497 488 rem
1541 421 1717 487 haud
1762 442 1993 508 parum
2042 422 2371 499 conferunt
2398 418 2673 494 aliorum

263 528 693 593 imitationes.
766 527 983 594 Veluti
1029 527 1196 614 quod
1241 527 1487 618 legitur
1532 528 1615 595 11.
1665 524 1786 595 ‘762
1852 528 2249 607 ὑπαγομένου
2299 528 2507 601 αὐτοῖς
2560 526 2679 592 καὶ·

265 634 466 698 τωδεν
511 638 617 699 τοῦ
666 635 966 715 χώματος
1015 636 1119 699 καὶ
1169 632 1474 715 ἱζάνοντος
1522 636 1619 700 αεὶ
1673 636 1771 701 ἐπὶ
1820 634 1889 701 τὸ
1932 634 2321 720 κενούμενον,
2355 654 2479 720 quo
2505 656 2679 701 com-

265 742 486 826 posito
534 741 726 808 verbo
770 742 879 808 hic
925 744 1194 828 scriptor
1239 763 1392 808 usus
1439 742 1637 808 fuerit
1662 790 1679 821 ‚
1726 747 1985 831 apparet
2022 763 2099 808 ex
2122 743 2415 828 Appiano
2440 740 2679 808 Mithr.

264 869 323 913 c.
381 846 507 913 36:
561 846 914 935 ’ᾼρχελοὶου
964 849 1033 913 τὸ
1082 850 1282 929 χῶμα
1331 849 1767 929 ὑπορύττοντος
1808 849 1915 914 καὶ
1961 850 2071 924 τὴν
2111 857 2231 928 γῆν
2274 846 2679 930 ὖποΦέροντός

267 978 344 1020 τε
413 953 522 1019 καὶ
586 956 646 1025 ἐς
711 954 870 1020 πολὺ
933 954 1471 1033 διαλανθάνοντος,
1537 956 1607 1023 τὸ
1672 962 1867 1036 χῶμα
1934 954 2347 1037 ὑφίζανεν
2394 953 2571 1038 οἳΦνω
2621 960 2686 1020 et

267 1059 546 1127 Arriani
589 1060 826 1147 Exped.
863 1060 1045 1127 Alex.
1076 1060 1155 1127 11.
1183 1060 1292 1129 27.
1321 1062 1397 1128 4:
1450 1063 1520 1127 τὸ
1570 1070 1783 1143 τεῖχος
1835 1062 2468 1146 πολλαχῇ,ἧρε1πετο
2518 1061 2685 1145 ὑφι-

271 1164 520 1247 ζάνον
583 1167 754 1233 κατὰ
806 1170 876 1234 τὸ
926 1168 1300 1246 κενούμενον.
1375 1169 1554 1254 Ipsos
1606 1168 1776 1236 locos
1821 1170 2032 1236 confer
2080 1174 2145 1235 et
2192 1169 2443 1237 videbis
2488 1187 2683 1254 quam

269 1276 360 1339 sit
426 1274 767 1341 manifesta
821 1275 1122 1341 imitatio.
1196 1276 1444 1343 Mirum
1490 1281 1588 1342 est
1636 1274 2131 1343 Bloomfieldum
2153 1326 2169 1351 .
2221 1278 2326 1341 cui
2374 1275 2529 1341 haec
2579 1274 2685 1341 de-

268 1381 396 1447 beo
415 1430 436 1465 ,
485 1382 701 1465 ipsum
746 1381 879 1447 suis
927 1383 1125 1467 copiis
1171 1384 1514 1449 nescivisse
1561 1383 1679 1448 uti.
1749 1382 1993 1449 Eodem
2064 1384 2272 1468 capite
2317 1380 2685 1447 describun-

270 1494 386 1553 tur
436 1487 732 1568 μηχαναί
747 1538 766 1560 .
816 1484 896 1559 ἃς
943 1486 1296 1568 βρόχους
1349 1488 1841 1570 περιβάλλοντες
1890 1488 2161 1554 ἀνέκλων
2211 1490 2263 1554 οἱ
2314 1493 2682 1567 Πλαταιῆς,

269 1594 393 1659 ubi
444 1593 673 1659 malim
719 1594 1061 1677 βρόχοις
1109 1602 1365 1682 propter
1410 1598 1780 1682 Appianum
1806 1596 1856 1660 Ι.
1886 1594 2051 1662 ¹751:
2094 1596 2235 1670 τοὺς
2279 1597 2473 1677 κριοὺς
2500 1595 2682 1667 λίθοις

271 1698 707 1782 ἀπεκαύλιζον
769 1701 802 1777 ἢ
868 1699 1120 1784 βρόχοις
1187 1702 1456 1769 ἀνέκλων
1518 1709 1585 1769 et
1642 1703 1917 1772 Dionem
1984 1701 2280 1771 Cassium
2326 1702 2553 1769 LXVI.
2604 1701 2677 1767 4:

271 1808 424 1880 τοὺς
476 1806 666 1888 κριοὺς
714 1807 856 1879 τοὺς
903 1810 1018 1886 μὲν
1063 1806 1316 1892 βρόχοις
1365 1812 1677 1887 ἀνεῖλκον,
1727 1809 1869 1882 τοὺς
1910 1810 1973 1877 δὲ
2023 1810 2345 1891 ἀρτάναις
2382 1808 2679 1875 ἀνέσπων.

274 1912 520 1981 Omnia
564 1914 850 1981 indidem
895 1916 1096 2002 petita
1140 1922 1310 1982 sunt.
1384 1914 1514 1983 Cur
1561 1921 1779 1983 autem
1828 1923 2114 1985 extremo
2165 1920 2371 2004 capite
2427 1913 2514 1982 77
2566 1913 2685 1983 Oo-

274 2022 473 2087 betus
533 2021 990 2109 improbaverit
1047 2018 1192 2104 ὕδωρ
1243 2020 1310 2099 ἐξ
1355 2027 1602 2104 οὐρανοῦ
1652 2030 1716 2090 et
1762 2023 2055 2111 pluviam
2102 2022 2487 2111 simpliciter
2534 2020 2681 2104 ὕδωρ

275 2127 732 2216 appellandam
781 2150 914 2195 esse
961 2130 1387 2216 contenderit,
1435 2129 1625 2217 plane
1671 2150 1796 2196 non
1846 2130 2053 2219 video.

370 2345 510 2412 Vix
555 2344 885 2413 ferendum
934 2345 1206 2412 arbitror
1245 2344 1326 2410 ΙΙ.
1371 2343 1493 2413 ¹77:
1540 2344 1613 2411 τὸ
1662 2342 1907 2423 μεταξὺ
1950 2350 2253 2426 πρῶτον
2293 2348 2401 2411 τοῦ
2426 2344 2678 2426 τείχους

273 2454 380 2520 καὶ
435 2461 548 2530 τῆς
597 2448 998 2534 προσχώσεως
1020 2501 1036 2532 ,
1084 2474 1200 2520 nec
1247 2452 1432 2520 video
1481 2452 1637 2540 quid
1686 2454 1884 2539 possit
1931 2452 2129 2520 latere
2172 2458 2419 2540 praeter
2457 2452 2527 2519 τὸ
2569 2476 2683 2530 με·
2762 2478 2767 2489 ·

272 2559 439 2636 ταξὺ
491 2560 782 2642 χωρίον
830 2557 982 2646 Cap.
1031 2557 1156 2626 80:
1207 2562 1466 2638 ἡγοῦντο
1519 2561 1819 2641 ἐπει-κοίῳ
1872 2562 2325 2644 προςασίᾳ,
2367 2558 2489 2626 Dio
2534 2557 2684 2626 Cas·

275 2669 414 2734 sius
463 2673 635 2733 certe
680 2669 747 2732 in
794 2687 909 2734 suo
957 2664 1188 2735 Codice
1235 2665 1393 2733 olim
1431 2669 1761 2734 invenerat
1804 2667 2145 2752 προςατείᾳ
2180 2666 2455 2754 indeque
2480 2675 2681 2734 trans-

275 2772 436 2847 tulit
485 2773 633 2839 LII.
682 2773 760 2853 9,
821 2773 901 2839 cf.
959 2772 1234 2840 Lobeck.
1296 2773 1376 2838 ad
1437 2772 1677 2860 Phryn.
1744 2794 1807 2859 p.
1876 2771 2029 2838 529.
2100 2771 2433 2860 Sequenti·
2471 2776 2679 2859 capite

280 2876 576 2946 Chaones
633 2879 909 2968 gradum
971 2881 1321 2965 corripiunt
1366 2899 1570 2965 neque
1623 2879 1866 2946 auxilia
1910 2881 2230 2947 sociorum
2277 2885 2678 2966 exspectant,

282 2987 468 3068 σφίσι
529 3010 600 3051 τε
651 2988 859 3058 αὐτοῖς
911 2984 1264 3059 πιςεύοντες
1313 2985 1416 3050 καὶ
1467 2984 1811 3065 ἀξιούμενοι
1861 2988 1976 3053 ὑπὸ
2026 2993 2143 3051 τῶν
2191 2986 2385 3068 ἐκείνῃ
2436 2989 2682 3066 ἠπειρω-

282 3098 402 3158 τῶν
449 3095 906 3174 μαχιμώτατοι
952 3088 1142 3178 εἶναι,
1190 3091 1300 3158 sed
1347 3113 1425 3158 ne
1473 3093 1773 3160 barbarae
1819 3098 2041 3182 gentes
2086 3094 2281 3158 nimis
2320 3092 2507 3158 facile
2546 3091 2683 3179 pal-

285 3219 464 3266 mam
515 3199 660 3265 aliis
707 3201 1080 3266 concessisse
1125 3199 1499 3277 videantur,
1547 3219 1849 3285 reponam
1890 3214 2043 3265 πολ
2063 3196 2095 3264 ὺ
2119 3246 2136 3278 ,
2176 3199 2343 3285 quod
2372 3198 2519 3265 aliis
2542 3202 2683 3285 qui-

286 3305 560 3372 busdam
609 3305 918 3392 exemplis
965 3307 1124 3371 satis
1169 3304 1556 3372 stabilivisse
1606 3306 1769 3371 mihi
1814 3306 2034 3372 videor
2082 3305 2304 3372 Mnem.
2331 3305 2481 3372 XII.
2532 3304 2680 3374 161.

283 3408 522 3478 Itidem
569 3412 694 3477 sibi
738 3413 867 3498 ipsi
913 3412 1280 3498 obloquitur
1327 3411 1737 3500 Thucydides
1775 3412 1857 3479 II.
1900 3409 2021 3491 82,
2064 3413 2178 3479 ubi
2220 3410 2503 3481 Onemus
2540 3418 2683 3499 post

285 3517 639 3584 adventum
702 3517 1126 3585 Oeniadarum
1144 3565 1161 3597 ‚
1227 3520 1612 3605 quibuscum
1668 3521 2038 3586 societatem
2086 3521 2527 3598 coniunxerat,
2580 3541 2680 3586 re-

283 3625 499 3710 ceptui
568 3627 740 3692 canit
807 3627 944 3706 πρὶν
1012 3625 1122 3700 τὴν
1191 3626 1608 3705 ξυμβοῆθειαν
1682 3627 1912 3704 ἐλθεῖν,
1981 3646 2097 3692 nec
2161 3629 2503 3712 quisquam
2566 3648 2681 3714 pro

285 3737 456 3798 certo
537 3731 744 3798 dicere
813 3737 1050 3818 posset,
1140 3733 1294 3818 quid
1367 3733 1624 3800 tandem
1696 3732 1960 3810 lateret,
2034 3733 2161 3798 nisi
2232 3732 2352 3799 Dio
2426 3731 2683 3800 Cassius

285 3833 604 3905 XXXIX.
656 3839 737 3904 51
789 3839 1076 3905 indidem
1123 3845 1456 3906 mutuatus
1503 3845 1703 3906 esset:
1770 3839 1905 3921 πρὶν
1952 3839 2063 3913 τὴν
2111 3839 2348 3905 πλείω
2399 3839 2681 3918 ξυμβοή-

293 3941 454 4009 θειαν
503 3946 721 4012 ἐλθεῖν.

378 4157 676 4249 Pugnam
721 4158 1015 4227 navalem
1062 4160 1498 4247 descripturus
1544 4159 1956 4248 Thucydides
1979 4158 2063 4226 11.
2090 4158 2175 4226 83
2192 4208 2212 4239 ,
2253 4159 2409 4226 haec
2434 4180 2683 4246 quoque

291 4265 483 4331 verba
546 4269 762 4354 ponit:
831 4269 937 4333 οὐκ
1001 4267 1216 4333 ἔλαθον
1267 4268 1479 4340 νυκτὸς
1531 4265 2233 4350 ὑφορμισοὶμενοι.
2306 4266 2683 4348 Quaesitum

294 4365 414 4435 fuit
461 4372 613 4458 qnid
659 4374 778 4441 hoc
824 4374 1238 4462 participium
1289 4371 1678 4464 significaret
1723 4377 1916 4461 inque
1966 4396 2039 4442 ea
2085 4396 2155 4441 re
2199 4373 2543 4442 laudabilis
2587 4377 2683 4441 in-
