3150 5000
577 228 706 311 142
1501 326 1508 333 δ
1533 248 1665 297 mnu
1674 222 1967 298 mmm.

570 419 667 483 est
729 414 809 482 ad
871 413 962 482 IV
1013 412 1121 483 ¹72.
1181 414 1553 501 Sphacteria
1601 414 1979 483 describitur
2020 436 2074 485 c.
2124 413 2167 481 8
2214 418 2517 500 tanquam
2566 412 2799 487 ὑλώδης
2846 412 2939 477 καὶ

569 522 815 603 ἀτριβ
836 524 920 599 ἧς
966 526 1147 589 πᾶσα
1198 524 1304 589 ὑπ’
1352 523 1608 604 ἐρημίας
1658 523 2006 610 eademque
2050 522 2363 589 adjectiva
2409 526 2741 587 recurrunt
2764 542 2819 586 c.
2846 518 2943 596 29,

566 648 684 695 nec
753 634 967 695 tamen
1038 633 1220 716 peius
1288 636 1385 695 est
1453 630 1621 717 quod
1684 631 1973 695 exstabat
2030 631 2099 695 in
2160 629 2374 694 codice
2394 678 2410 703 ,
2478 646 2602 712 quo
2649 628 2945 693 Arrianus

566 736 902 820 utebatur,
953 739 1064 822 qui
1109 736 1290 802 illinc
1335 737 1527 803 habet
1573 734 1734 822 Exp.
1785 735 1965 802 Alex.
2017 733 2070 800 V
2124 736 2229 802 11.
2278 734 2349 799 1:
2396 742 2571 810 νῆσος
2614 732 2843 808 ὑλώδης
2883 758 2943 798 τε
3075 767 3076 797 ι

567 840 671 907 καὶ
736 843 940 919 ἀςιβ
961 843 1044 916 ἧς
1095 843 1202 907 ὑπ’
1248 843 1517 923 ἐρημίας.
1571 840 1711 908 Via'
1739 842 1867 908 dici
1914 842 2075 907 solet
2118 840 2420 922 ἀτριβής,
2470 840 2581 906 sed
2626 860 2947 907 nemorosa

563 946 936 1035 Sphacteria
980 949 1241 1017 fortasse
1281 949 1514 1015 melius
1557 950 1804 1016 dicetur
1840 949 2069 1027 ἀςιβῆς
2086 997 2102 1027 ,
2150 947 2691 1035 quemadmodum
2716 945 2947 1033 Sopho-

565 1053 694 1121 cles
739 1054 957 1133 ἀςιβὲς
1007 1054 1200 1127 ἄλσος
1247 1055 1598 1142 appellavit
1616 1105 1633 1135 ,
1682 1055 1793 1122 sed
1838 1055 2004 1121 nihil
2042 1054 2293 1123 definio,
2342 1052 2499 1141 Gap.
2544 1053 2628 1121 10
2671 1054 2949 1119 nondum

565 1162 732 1228 mihi
776 1164 1091 1249 persuasit
1138 1160 1472 1229 Goellerus
1517 1164 1669 1229 ferri
1714 1183 1923 1249 posse:
1978 1162 2157 1247 ῥᾳδί
2174 1185 2263 1233 ως
2311 1160 2491 1235 οὔσης
2537 1168 2647 1237 τῆς
2698 1162 2947 1241 ἀναχω-

563 1268 786 1350 ρήσεως
848 1289 962 1355 pro
1022 1268 1204 1351 ῥαδί
1221 1293 1313 1341 ας
1377 1276 1441 1335 et
1500 1272 1569 1336 in
1632 1276 1915 1335 extremo
1978 1271 2219 1354 capite:
2269 1266 2326 1332 εί
2370 1290 2464 1338 τις
2515 1264 2801 1344 ὑπομένοι
2849 1266 2945 1331 καὶ

564 1376 654 1453 μὴ
701 1375 885 1457 Φόβῳ
934 1376 1038 1441 καὶ
1087 1383 1226 1440 νεῶν
1284 1375 1753 1451 δεινότητος
1804 1374 2139 1443 κατάπλου
2188 1374 2564 1459 ὑποχωροίη,
2616 1374 2775 1460 quid
2821 1380 2949 1439 tan·

565 1481 712 1549 dem
760 1482 1032 1549 editores
1076 1484 1405 1569 prohibuit
1453 1484 1796 1570 quominus
1841 1485 2221 1549 coniicerent
2270 1483 2386 1549 δει
2409 1507 2439 1549 ν
2458 1478 2797 1549 orda-ov?

653 1694 1009 1763 Undecimo
1073 1697 1312 1782 capite:
1379 1696 1687 1781 προθυμία
1748 1721 1821 1762 τε
1869 1693 2040 1781 πάσῃ
2087 1695 2387 1779 χρώμενοι
2441 1697 2545 1761 καὶ
2597 1719 2947 1778 παρακε-

563 1802 880 1885 λευσμῷ
941 1822 1066 1869 non
1128 1802 1592 1891 negligendum
1658 1808 1756 1870 est
1812 1803 1851 1870 J
1856 1804 2161 1890 osephum
2220 1805 2433 1890 Antiq.
2500 1802 2597 1869 111
2642 1802 2707 1868 2.
2758 1804 2805 1869 4
2850 1805 2951 1869 hic

561 1908 830 1999 legisse:
895 1907 1488 1993 διακελευσμῷ.
1553 1908 1798 1977 Deinde
1862 1911 2169 1995 conspicit
2232 1908 2527 1976 Brasidas
2576 1910 2949 1979 trierarchos

563 2014 1257 2099 φυλασσομένους
1330 2022 1447 2081 τῶν
1509 2022 1648 2081 νεῶν
1714 2017 1801 2097 μὴ
1866 2016 2448 2101 ξυντρίψωσιν,
2514 2018 2626 2082 ubi
2676 2014 2949 2083 Cobetus
3081 2061 3082 2109 1

563 2122 954 2206 φειδομένους
1006 2122 1311 2209 praetulit
1357 2131 1421 2191 et
1458 2124 1625 2189 mihi
1661 2130 1984 2210 praeterea
2016 2126 2369 2191 necessaria
2406 2123 2663 2190 videtur
2699 2128 2949 2210 passiva

561 2232 765 2299 forma
822 2229 1378 2311 ξυντριβῶσιν.
1432 2229 1604 2296 malo
1652 2230 1771 2296 hoc
1819 2236 1986 2297 certe
2033 2251 2227 2315 quam
2271 2230 2445 2297 haud
2492 2233 2649 2299 satis
2696 2230 2947 2299 felicem

561 2337 884 2425 Madvigii
933 2340 1378 2402 coniecturam.
1436 2336 1661 2423 Capite
1707 2335 1792 2402 lv
1840 2338 1959 2402 12:
2011 2339 2372 2415 πειρώμενος
2414 2338 2781 2415 ἀποβαίνειν
2817 2342 2951 2404 ἀνε-

563 2444 722 2521 κόπη
749 2491 766 2523 ,
835 2444 1044 2512 voluit
1106 2444 1402 2512 Brasidae
1466 2443 1815 2511 secundum
1882 2442 2283 2510 Demetrium
2348 2443 2732 2511 Phalereum
2780 2448 2821 2531 ᾖ
2870 2446 2947 2510 65
3083 2493 3084 2502 1

563 2555 794 2630 πρῶτος
859 2550 1259 2630 ἀποβαίνειν,
1320 2551 1488 2636 quod
1548 2571 1697 2618 sane
1745 2550 1937 2617 habet
1984 2554 2281 2638 speciem.
2334 2549 2489 2638 Cup.
2541 2551 2662 2617 13:
2714 2556 2947 2627 ταύτην

561 2660 675 2740 μὲν
720 2660 830 2735 σὺν
878 2659 1109 2740 ἡμέραν
1157 2657 1513 2738 προσβολὰς
1561 2656 1956 2736 ποιησάμενοι
2006 2658 2509 2736 ἐπέπαυντο,
2562 2661 2725 2725 mire
2762 2681 2948 2726 usur-

560 2772 750 2854 patur
792 2765 1490 2853 plusquamperfectum
1536 2770 1601 2832 et
1646 2764 1835 2852 plane
1872 2786 1997 2831 non
2035 2765 2221 2832 video
2238 2813 2255 2842 ,
2296 2764 2524 2852 quidni
2560 2765 2666 2832 hic
2704 2765 2949 2854 placere

560 2873 787 2941 debeat
831 2872 1382 2938 ἀπεπαύσντο.

651 3086 805 3174 Cap.
875 3087 960 3151 14
1023 3091 1266 3154 constat
1329 3085 1407 3152 de
1466 3087 1631 3152 vitio
1650 3135 1667 3170 ,
1716 3084 1826 3152 sed
1870 3086 2155 3152 nondum
2202 3093 2526 3173 repertum
2575 3089 2701 3154 fuit
2746 3107 2947 3155 reme·

561 3194 760 3261 dium.
825 3191 1057 3280 Pugna
1115 3189 1332 3257 navali
1399 3193 1751 3277 superiores
1810 3197 1961 3258 sunt
2005 3192 2458 3259 Athenienses:
2508 3185 2551 3260 ἃ
2603 3194 2851 3276 δρῶντες
2898 3195 2945 3259 οἱ

559 3298 1037 3380 Λακεδαιμόνιοι
1102 3297 1206 3362 καὶ
1273 3301 1756 3378 περιαλγοῦντες
1820 3300 1903 3380 τῷ
1970 3298 2191 3383 πάθει,
2254 3287 2538 3382 ὅτιπερ
2587 3303 2852 3367 αὐτῶν
2890 3302 2943 3374 ,οἱ

559 3405 766 3488 ἄνδρες
833 3403 1367 3483 ἀπελαμβάνοντο
1430 3402 1489 3468 ἐν
1552 3413 1630 3486 τῦ
1696 3402 1884 3486 νήσῳ,
1950 3405 2079 3471 ιιι-ἑ.
2142 3404 2380 3472 Scribit
2441 3406 2937 3474 Herwerdenus:

558 3509 716 3596 ᾧπερ
777 3514 975 3579 αὐτῶν
996 3558 1012 3590 ,
1075 3510 1185 3577 sed
1229 3530 1413 3596 spero
1468 3530 1618 3574 eum
1664 3531 1832 3575 nunc
1878 3510 2090 3600 magis
2138 3532 2271 3579 esse
2316 3511 2772 3598 probaturum:
2825 3513 2941 3580 ὅτι

557 3619 707 3702 παρ’
773 3618 1014 3703 αὐτ-ἀ,
1071 3638 1186 3684 nec
1231 3616 1583 3703 quidquam
1632 3637 1854 3683 causae
1900 3623 1998 3683 est
2050 3638 2163 3684 cur
2208 3618 2375 3687 illud
2419 3623 2568 3699 παρ’
2616 3621 2786 3687 αὒτά
2835 3624 2943 3690 At-

557 3731 686 3794 tico
753 3727 1043 3810 scriptori
1107 3744 1232 3790 non
1293 3723 1643 3789 audeamus
1706 3723 2017 3808 tribuere,
2085 3725 2232 3791 vide
2293 3726 2485 3793 modo
2540 3726 2816 3794 Lobeck.
2867 3725 2943 3795 ad

556 3834 801 3922 Phryn.
849 3854 911 3918 p.
961 3829 1047 3900 4¹7
1089 3837 1153 3897 et
1193 3852 1385 3917 quam
1425 3829 1638 3896 multa
1676 3835 1825 3895 sunt
1873 3831 2043 3917 apud
2084 3830 2529 3921 Thucydidem
2570 3833 2940 3924 singularia,

555 3961 828 4027 quorum
873 3937 1063 4025 paulo
1108 3936 1494 4023 frequentior
1540 3957 1695 4002 usus
1741 3957 1865 4003 non
1912 3943 2009 4004 est
2056 3940 2183 4006 nisi
2219 3940 2389 4026 apud
2422 3943 2777 4028 aequiores,
2820 3962 2939 4028 qua

559 4047 636 4114 de
695 4066 762 4112 re
823 4065 1008 4132 saepe
1067 4041 1426 4112 Classenius
1489 4040 1847 4130 praecepit?
1911 4041 2062 4131 Gap.
2132 4045 2215 4114 16
2282 4067 2747 4135 supervacanea
2792 4053 2935 4116 sunt

555 4153 780 4223 verba:
839 4153 923 4232 τῷ
981 4152 1474 4226 Πελοποννησίων
1521 4151 1726 4231 ςρατῷ
1776 4153 1843 4216 in
1890 4157 2175 4220 extrema
2221 4155 2257 4240 ἓ
2310 4155 2340 4219 1
2394 4161 2457 4220 et
2502 4154 2782 4222 ioculare
2822 4157 2931 4238 est,

550 4259 720 4347 quod
788 4255 1106 4345 Georgius
1171 4255 1410 4326 Grotus
1471 4255 1803 4323 adnotavit
1862 4257 1931 4323 in
1997 4257 2287 4326 Historia
2342 4257 2585 4326 Graeca
2648 4259 2737 4327 VI
2784 4259 2930 4326 325.

553 4367 886 4454 Accipient
945 4363 1241 4452 Spartani
1301 4363 1406 4430 δύο
1467 4366 1750 4448 χοίνικας
1815 4365 2102 4448 ἀλφίτων
2159 4365 2265 4430 καὶ
2314 4365 2415 4434 δύο
2464 4367 2735 4442 κοτύλας
2786 4366 2931 4434 οινου
