3150 5000
565 286 696 353 398
1419 306 1694 355 rmvrus
1741 306 2075 357 sosarnus.

559 473 678 543 τὰς
726 474 968 549 κτήσεις
1017 474 1138 544 ἑνὸς
1189 472 1664 547 ἀντηλλάξαντο
1711 473 1931 550 μέτρου
1980 480 2174 553 πυρῶν
2221 474 2371 551 μέν,
2417 476 2467 538 εἰ
2508 473 2900 551 πλουσιώτεροι

561 577 934 659 τυγχάνοιεν
977 578 1180 664 ὄντες,
1228 580 1282 643 οἱ
1328 579 1392 644 δὲ
1439 579 1739 664 πενέςεροι
1788 580 2018 657 κριθῆς,
2066 580 2174 645 sed
2223 579 2515 645 oblivisci
2550 581 2797 646 videtur
2816 580 2907 644 bo-

558 706 680 753 nus
741 685 1056 771 Josephus
1075 736 1092 771 ,
1151 687 1476 751 neminem
1541 686 1661 752 hoc
1718 684 1866 771 plus
1918 685 2115 752 semel
2160 686 2361 751 facere
2405 689 2701 771 potuisse.
2773 684 2909 751 Post

559 796 771 861 tamen
815 792 1129 879 legimUS,
1179 790 1343 857 Bell.
1393 790 1459 857 J.
1509 790 1570 855 5.
1627 790 1729 856 13.
1784 790 1821 858 ’7
1877 797 1983 856 τοῦ
2032 792 2201 856 σίτου
2250 791 2318 856 τὸ
2368 793 2581 871 μέτρον
2630 794 2907 871 πραθῆναι

557 897 872 964 ταλάντου
935 904 1000 965 et
1060 899 1294 965 dixeris
1354 900 1569 963 omnia
1626 898 1794 963 facta
1852 897 2043 984 paulo
2106 898 2352 963 viliora.
2426 896 2552 963 Sed
2615 901 2910 964 saeviente

556 1007 723 1072 fame
769 1006 1064 1089 tandem,
1110 1005 1184 1070 B.
1231 1003 1295 1070 J.
1345 1002 1406 1071 6.
1457 1004 1518 1068 3.
1568 1003 1609 1071 3
1670 1006 1863 1089 τροφὴ
1927 998 1994 1077 ἦν
2058 1006 2159 1068 κα)
2212 1006 2435 1085 χόρτου
2483 1005 2605 1070 τισὶ
2658 1007 2909 1073 παλαιοῦ

557 1110 1043 1192 σπαράγματα·
1107 1112 1225 1183 τοὶς
1271 1110 1411 1190 ’γὰρ
1469 1104 1604 1182 ἶνας
1669 1107 1801 1175 ἔνιοι
1849 1110 2251 1187 συλλέγοντες
2278 1158 2294 1189 ,
2344 1110 2642 1193 ἐλάχιςον
2699 1110 2911 1185 ςαθμὸν

556 1220 826 1284 ἐπώλουν
885 1220 1184 1284 Ἀττικῶν
1242 1215 1574 1297 τεσσάρων.
1646 1206 1868 1301 Itaque
1913 1222 2194 1294 constat,
2243 1218 2409 1301 quod
2454 1220 2649 1283 etiam
2696 1217 2909 1302 absque

551 1324 830 1412 Josepho
873 1324 1052 1391 nullo
1097 1310 1354 1412 negotio
1399 1325 1583 1391 nobis
1626 1326 2181 1408 persuaderemus,
2222 1326 2289 1388 in
2328 1324 2579 1389 obsessa
2618 1326 2771 1389 urbe
2794 1344 2911 1389 om-

553 1436 737 1497 nium
782 1453 994 1497 rerum
1043 1450 1367 1497 summam
1413 1430 1607 1495 fuisse
1654 1432 2006 1495 caritatem.
2058 1428 2224 1510 Quid
2270 1435 2484 1495 tamen
2530 1430 2806 1519 legimus
2846 1428 2913 1496 B.

552 1538 618 1605 J.
661 1538 723 1603 5.
771 1536 873 1604 13.
919 1536 1000 1603 4?
1050 1537 1208 1603 πολὺ
1256 1539 1484 1611 πλῆθος
1533 1538 1594 1600 ἐν
1641 1546 1717 1617 τῇ
1766 1536 1942 1601 πόλει
1989 1541 2254 1615 χρυσοῦ·
2306 1536 2539 1601 δώδεκα
2585 1544 2735 1613 γοῦν
2782 1540 2915 1603 Ἀτ-

554 1653 733 1711 τικῶν
777 1629 1024 1711 ὠνοῦντο
1071 1646 1156 1709 τὰ
1201 1644 1481 1723 πρότερον
1526 1643 1827 1723 ἷσχύοντα
1877 1642 2058 1707 πέντε
2107 1644 2211 1707 καὶ
2262 1642 2503 1709 εἴκοσιν.
2554 1643 2761 1724 Quam
2804 1644 2914 1707 mi-

505 1774 508 1777 ’
554 1772 657 1819 ror
703 1774 836 1819 esse
880 1754 991 1837 qui
1037 1753 1118 1818 ad
1165 1756 1296 1817 tam
1346 1750 1649 1816 absurdas
1694 1728 2083 1815 narrationes
2128 1751 2523 1814 conniveant.

643 1936 717 2001 B.
767 1934 832 2001 J.
883 1934 944 2000 6.
997 1933 1060 1998 2.
1104 1932 1188 1999 10
1235 1938 1534 2020 provocat
1581 1935 1790 1999 nescio
1837 1935 1978 2018 quis
2022 1932 2307 1998 <Iudaeus
2344 1932 2669 1999 Romanos
2703 1934 2782 1999 ad
2806 1954 2919 1999 cer-

555 2047 772 2108 tamen
819 2040 1179 2128 singulare;
1228 2060 1417 2126 eques
1462 2044 1680 2106 autem
1724 2040 2050 2106 Romanus
2091 2038 2553 2117 βδελυξάμενος
2604 2043 2797 2105 αὐτοῦ
2842 2038 2915 2102 τά

553 2174 624 2214 τε
686 2150 940 2229 ῥήματα
1003 2146 1109 2211 καὶ
1175 2146 1244 2227 τὸ
1308 2144 1608 2231 αὔθαδες,
1671 2146 1887 2217 εἰκὸς
1936 2146 1997 2210 δὲ
2046 2147 2149 2210 καὶ
2200 2147 2345 2223 πρὸς
2392 2149 2500 2221 τὴν
2547 2146 2917 2226 βραχύτητα

553 2259 660 2320 τοῦ
707 2254 996 2331 σώματος
1043 2252 1229 2317 αὐτὸν
1276 2252 1603 2325 ἀσκέπτως
1650 2253 2020 2333 ἐπαρθῆναι,
2070 2252 2375 2334 προπηδᾷ.
2435 2252 2663 2317 Nonne
2708 2274 2917 2319 verum

555 2366 651 2427 est
695 2356 1088 2430 εἷκάσαςῖ
1126 2357 1289 2424 Bell.
1341 2356 1401 2423 6.
1451 2358 1513 2424 3.
1567 2359 1643 2423 1:
1691 2358 1760 2421 τὸ
1808 2356 2053 2437 μεταξὺ
2103 2361 2219 2421 τῶν
2265 2360 2446 2422 δοκῶν
2494 2359 2598 2426 καὶ
2650 2368 2763 2435 τῆς
2812 2358 2917 2424 ὑπ’

537 2468 750 2542 ,αὐτῆς
798 2466 1056 2547 ὀροφῆς,
1105 2465 1250 2553 lege
1296 2466 1411 2528 ἐπ’
1459 2467 1673 2540 αὐτῆς.
1722 2465 1798 2531 Β.
1838 2465 1903 2531 J.
1945 2464 2009 2530 6.
2054 2464 2113 2531 3.
2160 2465 2199 2528 5
2244 2487 2356 2552 pro
2395 2465 2481 2543 μὴ
2530 2468 2920 2532 παθοῦσιν

553 2574 980 2660 reponendum
1044 2574 1133 2651 μὴ
1197 2571 1565 2637 πάθωσιν.
1642 2571 1717 2637 Β.
1764 2570 1827 2638 J.
1878 2571 1941 2638 6.
1992 2571 2053 2637 6.
2104 2573 2187 2638 2:
2260 2581 2918 2652 προσκαλοῦνται

551 2683 653 2747 τὸν
699 2683 906 2746 Τίτον·
934 2681 1020 2751 εἰς
1069 2678 1331 2756 λόγους,
1383 2680 1618 2744 dicitur
1662 2679 1781 2743 hoc
1829 2684 2469 2760 προκαλοῦνται.
2516 2679 2810 2767 Denique
2854 2679 2916 2744 Β.

551 2788 615 2855 J.
668 2787 728 2853 6.
780 2786 843 2854 9.
895 2785 969 2853 3:
1021 2786 1237 2852 πολλοὶ
1286 2785 1350 2850 δὲ
1398 2776 1510 2849 καὶ
1554 2784 1695 2848 σὺν
1742 2783 2056 2848 εἴκοσιν
2096 2783 2915 2865 άθροίζονται,8οτἰὶ>θηᾶῐιω

549 2897 670 2962 hoc
731 2899 828 2962 est
892 2889 1347 2958 συνείκοσιν
1420 2897 1484 2957 et
1545 2892 1693 2957 vide
1757 2892 2071 2977 quomodo
2133 2913 2322 2977 supra
2382 2892 2916 2962 emendaverimus

546 3003 765 3088 Antiq.
816 2999 922 3066 19.
974 2998 1036 3066 7.
1088 2999 1151 3064 5.

639 3169 878 3236 Scribit
918 3167 1234 3252 Josephus
1279 3166 1353 3230 B.
1401 3165 1463 3232 J.
1518 3164 1581 3230 6.
1630 3165 1733 3230 10.
1780 3166 1813 3231 1
1866 3167 2009 3247 quis
2054 3165 2509 3253 Hierosolyma
2554 3167 2917 3234 condiderit.

549 3273 702 3342 Fuit
749 3273 1220 3340 cananaeorum
1267 3294 1378 3338 rex
1421 3311 1501 3322 -—
1544 3273 1981 3338 Melchisedek
2026 3274 2081 3337 is
2128 3273 2363 3338 dicitur
2402 3312 2487 3322 -
2520 3277 2631 3358 qui
2674 3273 2919 3359 prim‘us

547 3383 774 3448 urbem
822 3382 1208 3446 consecravit
1252 3378 1358 3444 καὶ
1407 3381 1476 3444 τὸ
1525 3379 1675 3459 ἱερὸν
1722 3385 1947 3458 πρῶτος
1992 3379 2357 3456 δειμάμενος
2385 3379 2781 3460 Ἰεροσόλυμα
2818 3384 2918 3454 τὴν

549 3489 724 3554 πόλιν
774 3486 1252 3568 προσηγόρευσε,
1317 3485 1583 3564 Σόλυμα
1629 3485 2013 3562 καλουμένην
2060 3484 2355 3562 πρότερον.
2424 3486 2645 3570 Itaque
2694 3507 2915 3554 verum

546 3601 641 3661 est
703 3596 869 3679 quod
922 3593 1172 3660 Jostius
1217 3593 1437 3658 scribit
1481 3594 1548 3656 in
1594 3593 1759 3658 libro
1806 3593 1882 3657 de
1926 3593 2193 3657 historia
2239 3592 2675 3658 Israelitarum
2718 3593 2753 3660 I
2802 3595 2917 3668 71,

545 3700 899 3786 Josephum
946 3700 1142 3765 libros
1188 3719 1365 3782 suos,
1414 3703 1746 3784 postquam
1794 3701 1861 3762 in
1907 3697 2118 3764 lucem
2168 3698 2500 3776 edidisset,
2540 3707 2762 3786 postea
2800 3721 2919 3767 non

545 3805 859 3893 relegisse.
933 3805 1292 3872 Delevisset
1352 3809 1519 3871 certe
1565 3805 1953 3871 malesanam
2001 3803 2461 3892 etymologiam
2481 3853 2496 3884 ,
2546 3827 2737 3891 quam
2788 3810 2919 3892 ipse

549 3913 782 3997 Apioni
829 3913 1163 3997 exprobrat
1205 3913 1274 3976 in
1321 3915 1607 3976 extremo
1653 3913 1860 3995 primo
1906 3910 2092 3977 libro.

637 4093 971 4159 Decimam
1032 4092 1349 4180 legionem
1403 4092 1590 4157 Titus
1634 4091 1994 4160 οὔ·κέτι·ῦπὸ
2043 4094 2146 4158 τὸν
2191 4091 2526 4174 Εὐφράτην
2576 4096 2875 4165 άπέςειλε
2898 4148 2916 4171 ,

547 4201 616 4267 Β.
668 4198 728 4264 J.
783 4197 844 4265 ’7.
898 4198 954 4262 l.
997 4197 1060 4263 3.
1127 4199 1306 4265 Malo
1351 4207 1566 4265 autem
1614 4199 1762 4263 ἐπί.
1816 4198 2045 4266 Itidem
2093 4199 2170 4265 Β.
2216 4199 2280 4266 J.
2332 4199 2393 4268 ¹7.
2434 4201 2493 4265 2.
2534 4201 2607 4267 2:
2659 4205 2915 4280 Σίμωνα

547 4307 661 4384 μὲν
708 4304 859 4368 ὑπὸ
900 4311 1022 4375 τοῖς
1072 4304 1319 4382 μάλιςα
1367 4309 1609 4382 μισοῦσι
1648 4305 1961 4382 πολεμίοις
2001 4309 2279 4382 ἐποίησεν
2318 4307 2347 4371 ὁ
2388 4306 2514 4380 θεός
2556 4313 2709 4375 etin
2736 4311 2917 4378 Elea·

549 4414 710 4478 zaris
755 4411 964 4476 verbis
1011 4409 1085 4475 B.
1124 4410 1187 4477 J.
1227 4410 1289 4477 7.
1330 4411 1393 4478 8.
1433 4411 1504 4476 6:
1562 4412 1733 4492 μετὰ
1782 4412 2057 4486 δουλείας
2106 4414 2375 4493 ἑλόμενοι
2423 4418 2718 4498 τιμωρίας
2766 4421 2914 4494 άνη-
