<?xml version="1.0" encoding="UTF-8"?>
<!DOCTYPE html PUBLIC "-//W3C//DTD XHTML 1.0 Transitional//EN"
    "http://www.w3.org/TR/xhtml1/DTD/xhtml1-transitional.dtd">
<html xmlns="http://www.w3.org/1999/xhtml" xml:lang="en" lang="en">
 <head>
  <title>
</title>
<meta http-equiv="Content-Type" content="text/html;charset=utf-8" />
  <meta name='ocr-system' content='tesseract 3.04.00' />
  <meta name='ocr-capabilities' content='ocr_page ocr_carea ocr_par ocr_line ocrx_word'/>
</head>
<body>
  <div class='ocr_page' id='page_1' title='image "./mnemosyne06servgoog_0445.png"; bbox 0 0 3150 5000; ppageno 0'>
   <div class='ocr_carea' id='block_1_1' title="bbox 1239 230 2587 301">
    <p class='ocr_par' dir='ltr' id='par_1_1' title="bbox 1239 230 2587 301">
     <span class='ocr_line' id='line_1_1' title="bbox 1239 230 2587 301; baseline 0 -2"><span class='ocrx_word' id='word_1_1' title='bbox 1239 250 1560 301; x_wconf 74' lang='lat' dir='ltr'>nomus.</span> <span class='ocrx_word' id='word_1_2' title='bbox 2456 230 2587 299; x_wconf 80' lang='lat'>425</span> 
     </span>
    </p>
   </div>
   <div class='ocr_carea' id='block_1_2' title="bbox 223 416 2593 719">
    <p class='ocr_par' dir='ltr' id='par_1_2' title="bbox 223 416 2593 719">
     <span class='ocr_line' id='line_1_2' title="bbox 226 416 2593 503; baseline 0.001 -20"><span class='ocrx_word' id='word_1_3' title='bbox 226 418 482 485; x_wconf 88' lang='lat' dir='ltr'>formam</span> <span class='ocrx_word' id='word_1_4' title='bbox 548 419 729 485; x_wconf 84' lang='lat' dir='ltr'>illam</span> <span class='ocrx_word' id='word_1_5' title='bbox 803 419 1066 485; x_wconf 87' lang='lat' dir='ltr'>dubiam</span> <span class='ocrx_word' id='word_1_6' title='bbox 1143 421 1286 495; x_wconf 75' lang='grc' dir='ltr'>ἡμῖν</span> <span class='ocrx_word' id='word_1_7' title='bbox 1349 424 1462 483; x_wconf 83' lang='lat' dir='ltr'>aut</span> <span class='ocrx_word' id='word_1_8' title='bbox 1529 419 1809 503; x_wconf 85' lang='lat' dir='ltr'>primum</span> <span class='ocrx_word' id='word_1_9' title='bbox 1876 416 2101 503; x_wconf 89' lang='lat' dir='ltr'>pedem</span> <span class='ocrx_word' id='word_1_10' title='bbox 2168 416 2417 503; x_wconf 85' lang='lat' dir='ltr'>explere</span> <span class='ocrx_word' id='word_1_11' title='bbox 2480 424 2593 485; x_wconf 84' lang='lat' dir='ltr'>aut</span> 
     </span>
     <span class='ocr_line' id='line_1_3' title="bbox 223 524 2587 611; baseline 0.001 -21"><span class='ocrx_word' id='word_1_12' title='bbox 223 530 527 611; x_wconf 87' lang='lat' dir='ltr'>quartum.</span> <span class='ocrx_word' id='word_1_13' title='bbox 600 525 782 606; x_wconf 83' lang='lat' dir='ltr'>Quod</span> <span class='ocrx_word' id='word_1_14' title='bbox 829 545 954 610; x_wconf 93' lang='lat' dir='ltr'>quo</span> <span class='ocrx_word' id='word_1_15' title='bbox 1001 524 1228 590; x_wconf 91' lang='lat' dir='ltr'>ducere</span> <span class='ocrx_word' id='word_1_16' title='bbox 1279 524 1572 590; x_wconf 87' lang='lat' dir='ltr'>videatur</span> <span class='ocrx_word' id='word_1_17' title='bbox 1620 545 1769 589; x_wconf 85' lang='lat' dir='ltr'>mox</span> <span class='ocrx_word' id='word_1_18' title='bbox 1815 543 2124 609; x_wconf 80' lang='lat' dir='ltr'>exponam</span> <span class='ocrx_word' id='word_1_19' title='bbox 2143 571 2159 602; x_wconf 91' lang='lat'><strong>,</strong></span> <span class='ocrx_word' id='word_1_20' title='bbox 2206 545 2354 591; x_wconf 89' lang='lat' dir='ltr'>cum</span> <span class='ocrx_word' id='word_1_21' title='bbox 2393 525 2587 593; x_wconf 88' lang='lat' dir='ltr'>etiam</span> 
     </span>
     <span class='ocr_line' id='line_1_4' title="bbox 223 630 2586 719; baseline 0.001 -22"><span class='ocrx_word' id='word_1_22' title='bbox 223 632 294 697; x_wconf 87' lang='lat' dir='ltr'>de</span> <span class='ocrx_word' id='word_1_23' title='bbox 339 634 477 710; x_wconf 78' lang='grc' dir='ltr'>ὑμῖν</span> <span class='ocrx_word' id='word_1_24' title='bbox 522 640 588 699; x_wconf 89' lang='lat' dir='ltr'>et</span> <span class='ocrx_word' id='word_1_25' title='bbox 631 632 842 716; x_wconf 79' lang='grc' dir='ltr'><strong><em>σφίσιν</em></strong></span> <span class='ocrx_word' id='word_1_26' title='bbox 893 633 1136 698; x_wconf 86' lang='lat' dir='ltr'>dictum</span> <span class='ocrx_word' id='word_1_27' title='bbox 1185 632 1400 697; x_wconf 83' lang='lat' dir='ltr'>fuerit.</span> <span class='ocrx_word' id='word_1_28' title='bbox 1470 630 1566 696; x_wconf 92' lang='lat' dir='ltr'>De</span> <span class='ocrx_word' id='word_1_29' title='bbox 1610 630 1711 696; x_wconf 91' lang='lat' dir='ltr'>his</span> <span class='ocrx_word' id='word_1_30' title='bbox 1756 630 1962 719; x_wconf 87' lang='lat' dir='ltr'>igitur</span> <span class='ocrx_word' id='word_1_31' title='bbox 2007 633 2185 717; x_wconf 89' lang='lat' dir='ltr'>prius</span> <span class='ocrx_word' id='word_1_32' title='bbox 2229 632 2586 701; x_wconf 84' lang='lat' dir='ltr'>videamus.</span> 
     </span>
    </p>
   </div>
   <div class='ocr_carea' id='block_1_3' title="bbox 214 843 2615 4004">
    <p class='ocr_par' dir='ltr' id='par_1_3' title="bbox 218 843 2589 1040">
     <span class='ocr_line' id='line_1_5' title="bbox 305 843 2589 933; baseline 0.001 -22"><span class='ocrx_word' id='word_1_33' title='bbox 305 845 646 913; x_wconf 80' lang='lat' dir='ltr'>Trochaica</span> <span class='ocrx_word' id='word_1_34' title='bbox 689 847 893 913; x_wconf 87' lang='lat' dir='ltr'>forma</span> <span class='ocrx_word' id='word_1_35' title='bbox 941 846 1191 933; x_wconf 83' lang='grc' dir='ltr'>ὔμμι(ν)</span> <span class='ocrx_word' id='word_1_36' title='bbox 1238 846 1479 933; x_wconf 87' lang='lat' dir='ltr'>legitur</span> <span class='ocrx_word' id='word_1_37' title='bbox 1522 843 1681 911; x_wconf 90' lang='lat' dir='ltr'>locis</span> <span class='ocrx_word' id='word_1_38' title='bbox 1732 843 1852 930; x_wconf 84' lang='lat'>1¹7,</span> <span class='ocrx_word' id='word_1_39' title='bbox 1903 855 1968 911; x_wconf 87' lang='lat' dir='ltr'>et</span> <span class='ocrx_word' id='word_1_40' title='bbox 2013 845 2243 911; x_wconf 89' lang='lat' dir='ltr'>elisum</span> <span class='ocrx_word' id='word_1_41' title='bbox 2290 844 2456 925; x_wconf 79' lang='grc' dir='ltr'>ὔμμ’</span> <span class='ocrx_word' id='word_1_42' title='bbox 2497 847 2589 914; x_wconf 92' lang='lat' dir='ltr'>lo-</span> 
     </span>
     <span class='ocr_line' id='line_1_6' title="bbox 218 952 2233 1040; baseline 0 -23"><span class='ocrx_word' id='word_1_43' title='bbox 218 955 304 1019; x_wconf 87' lang='lat' dir='ltr'>cis</span> <span class='ocrx_word' id='word_1_44' title='bbox 349 952 424 1031; x_wconf 83' lang='lat'>8,</span> <span class='ocrx_word' id='word_1_45' title='bbox 475 975 632 1040; x_wconf 91' lang='lat' dir='ltr'>quos</span> <span class='ocrx_word' id='word_1_46' title='bbox 676 954 954 1020; x_wconf 86' lang='lat' dir='ltr'>indicare</span> <span class='ocrx_word' id='word_1_47' title='bbox 999 953 1389 1038; x_wconf 80' lang='lat' dir='ltr'>supersedeo.</span> <span class='ocrx_word' id='word_1_48' title='bbox 2228 952 2233 959; x_wconf 78' lang='grc'><strong>’</strong></span> 
     </span>
    </p>

    <p class='ocr_par' dir='ltr' id='par_1_4' title="bbox 215 1056 2595 1785">
     <span class='ocr_line' id='line_1_7' title="bbox 302 1056 2589 1146; baseline 0 -21"><span class='ocrx_word' id='word_1_49' title='bbox 302 1057 718 1145; x_wconf 83' lang='lat' dir='ltr'>Spondaicam</span> <span class='ocrx_word' id='word_1_50' title='bbox 765 1061 1034 1126; x_wconf 87' lang='lat' dir='ltr'>formam</span> <span class='ocrx_word' id='word_1_51' title='bbox 1087 1060 1229 1137; x_wconf 78' lang='grc' dir='ltr'>ὑμῖν</span> <span class='ocrx_word' id='word_1_52' title='bbox 1276 1061 1642 1127; x_wconf 79' lang='lat' dir='ltr'>invenimus</span> <span class='ocrx_word' id='word_1_53' title='bbox 1688 1058 1845 1125; x_wconf 90' lang='lat' dir='ltr'>locis</span> <span class='ocrx_word' id='word_1_54' title='bbox 1896 1056 2017 1145; x_wconf 82' lang='lat'>32,</span> <span class='ocrx_word' id='word_1_55' title='bbox 2068 1059 2176 1124; x_wconf 89' lang='lat' dir='ltr'>sed</span> <span class='ocrx_word' id='word_1_56' title='bbox 2222 1078 2418 1146; x_wconf 90' lang='lat' dir='ltr'>paene</span> <span class='ocrx_word' id='word_1_57' title='bbox 2454 1080 2589 1125; x_wconf 92' lang='lat' dir='ltr'>om-</span> 
     </span>
     <span class='ocr_line' id='line_1_8' title="bbox 217 1164 2593 1253; baseline 0.001 -25"><span class='ocrx_word' id='word_1_58' title='bbox 217 1168 398 1232; x_wconf 87' lang='lat' dir='ltr'>nibus</span> <span class='ocrx_word' id='word_1_59' title='bbox 454 1169 652 1232; x_wconf 53' lang='lat' dir='ltr'>&gt;etiam</span> <span class='ocrx_word' id='word_1_60' title='bbox 711 1166 906 1243; x_wconf 76' lang='grc' dir='ltr'><strong><em>ὔμμιν</em></strong></span> <span class='ocrx_word' id='word_1_61' title='bbox 955 1164 1166 1253; x_wconf 89' lang='lat' dir='ltr'>legere</span> <span class='ocrx_word' id='word_1_62' title='bbox 1212 1165 1391 1239; x_wconf 82' lang='lat' dir='ltr'>licet,</span> <span class='ocrx_word' id='word_1_63' title='bbox 1447 1187 1595 1231; x_wconf 91' lang='lat' dir='ltr'>cum</span> <span class='ocrx_word' id='word_1_64' title='bbox 1646 1165 2059 1230; x_wconf 91' lang='lat' dir='ltr'>subiunctum</span> <span class='ocrx_word' id='word_1_65' title='bbox 2106 1165 2190 1229; x_wconf 84' lang='lat' dir='ltr'>sit</span> <span class='ocrx_word' id='word_1_66' title='bbox 2236 1170 2593 1232; x_wconf 79' lang='lat' dir='ltr'>constanter</span> 
     </span>
     <span class='ocr_line' id='line_1_9' title="bbox 215 1269 2590 1358; baseline 0 -22"><span class='ocrx_word' id='word_1_67' title='bbox 215 1272 590 1339; x_wconf 79' lang='lat' dir='ltr'>vocabulum</span> <span class='ocrx_word' id='word_1_68' title='bbox 629 1293 664 1337; x_wconf 90' lang='lat' dir='ltr'>a</span> <span class='ocrx_word' id='word_1_69' title='bbox 698 1272 883 1338; x_wconf 88' lang='lat' dir='ltr'>litera</span> <span class='ocrx_word' id='word_1_70' title='bbox 919 1293 1188 1339; x_wconf 89' lang='lat' dir='ltr'>consona</span> <span class='ocrx_word' id='word_1_71' title='bbox 1229 1274 1558 1357; x_wconf 78' lang='lat' dir='ltr'>incipiens.</span> <span class='ocrx_word' id='word_1_72' title='bbox 1611 1270 1870 1337; x_wconf 82' lang='lat' dir='ltr'>Duobus</span> <span class='ocrx_word' id='word_1_73' title='bbox 1904 1275 2119 1336; x_wconf 88' lang='lat' dir='ltr'>autem</span> <span class='ocrx_word' id='word_1_74' title='bbox 2145 1269 2333 1349; x_wconf 87' lang='lat' dir='ltr'>locis,</span> <span class='ocrx_word' id='word_1_75' title='bbox 2359 1291 2590 1358; x_wconf 88' lang='lat' dir='ltr'>nempe</span> 
     </span>
     <span class='ocr_line' id='line_1_10' title="bbox 220 1376 2593 1464; baseline 0 -21"><span class='ocrx_word' id='word_1_76' title='bbox 220 1387 270 1443; x_wconf 76' lang='grc' dir='ltr'>Ψ</span> <span class='ocrx_word' id='word_1_77' title='bbox 320 1378 450 1443; x_wconf 86' lang='grc'>445</span> <span class='ocrx_word' id='word_1_78' title='bbox 515 1386 581 1445; x_wconf 88' lang='lat' dir='ltr'>et</span> <span class='ocrx_word' id='word_1_79' title='bbox 638 1402 689 1443; x_wconf 74' lang='grc' dir='ltr'>π</span> <span class='ocrx_word' id='word_1_80' title='bbox 741 1377 904 1457; x_wconf 82' lang='grc'><strong>387,</strong></span> <span class='ocrx_word' id='word_1_81' title='bbox 974 1382 1040 1443; x_wconf 92' lang='lat' dir='ltr'>in</span> <span class='ocrx_word' id='word_1_82' title='bbox 1097 1380 1222 1445; x_wconf 87' lang='lat' dir='ltr'>arsi</span> <span class='ocrx_word' id='word_1_83' title='bbox 1268 1378 1446 1464; x_wconf 91' lang='lat' dir='ltr'>pedis</span> <span class='ocrx_word' id='word_1_84' title='bbox 1499 1377 1757 1443; x_wconf 88' lang='lat' dir='ltr'>secundi</span> <span class='ocrx_word' id='word_1_85' title='bbox 1803 1376 2044 1464; x_wconf 88' lang='lat' dir='ltr'>legitur</span> <span class='ocrx_word' id='word_1_86' title='bbox 2086 1376 2336 1464; x_wconf 77' lang='lat' dir='ltr'>syllaba</span> <span class='ocrx_word' id='word_1_87' title='bbox 2382 1376 2593 1444; x_wconf 88' lang='lat' dir='ltr'>finalis</span> 
     </span>
     <span class='ocr_line' id='line_1_11' title="bbox 223 1483 2595 1573; baseline -0 -22"><span class='ocrx_word' id='word_1_88' title='bbox 223 1489 382 1552; x_wconf 81' lang='lat' dir='ltr'>vocis</span> <span class='ocrx_word' id='word_1_89' title='bbox 421 1485 568 1565; x_wconf 82' lang='grc' dir='ltr'>ὑμῖν</span> <span class='ocrx_word' id='word_1_90' title='bbox 605 1492 902 1573; x_wconf 84' lang='lat' dir='ltr'>sequente</span> <span class='ocrx_word' id='word_1_91' title='bbox 944 1485 1186 1563; x_wconf 81' lang='lat' dir='ltr'>vocali3</span> <span class='ocrx_word' id='word_1_92' title='bbox 1235 1485 1348 1551; x_wconf 84' lang='lat' dir='ltr'>sed</span> <span class='ocrx_word' id='word_1_93' title='bbox 1395 1506 1541 1551; x_wconf 90' lang='lat' dir='ltr'>cum</span> <span class='ocrx_word' id='word_1_94' title='bbox 1591 1485 1691 1549; x_wconf 83' lang='lat' dir='ltr'>vis</span> <span class='ocrx_word' id='word_1_95' title='bbox 1737 1486 1903 1549; x_wconf 87' lang='lat' dir='ltr'>ictus</span> <span class='ocrx_word' id='word_1_96' title='bbox 1940 1486 2005 1549; x_wconf 90' lang='lat' dir='ltr'>in</span> <span class='ocrx_word' id='word_1_97' title='bbox 2046 1483 2164 1549; x_wconf 88' lang='lat' dir='ltr'>hac</span> <span class='ocrx_word' id='word_1_98' title='bbox 2203 1504 2427 1550; x_wconf 83' lang='lat' dir='ltr'>versus</span> <span class='ocrx_word' id='word_1_99' title='bbox 2448 1484 2595 1551; x_wconf 90' lang='lat' dir='ltr'>sede</span> 
     </span>
     <span class='ocr_line' id='line_1_12' title="bbox 219 1590 2592 1679; baseline 0 -23"><span class='ocrx_word' id='word_1_100' title='bbox 219 1592 482 1659; x_wconf 87' lang='lat' dir='ltr'>sufficiat</span> <span class='ocrx_word' id='word_1_101' title='bbox 561 1593 641 1659; x_wconf 85' lang='lat' dir='ltr'>ad</span> <span class='ocrx_word' id='word_1_102' title='bbox 704 1593 960 1660; x_wconf 81' lang='lat' dir='ltr'>brevem</span> <span class='ocrx_word' id='word_1_103' title='bbox 1032 1591 1346 1679; x_wconf 78' lang='lat' dir='ltr'>syllabam</span> <span class='ocrx_word' id='word_1_104' title='bbox 1417 1590 1881 1678; x_wconf 80' lang='lat' dir='ltr'>producendam</span> <span class='ocrx_word' id='word_1_105' title='bbox 1900 1637 1917 1666; x_wconf 88' lang='lat'><strong><em>,</em></strong></span> <span class='ocrx_word' id='word_1_106' title='bbox 1987 1591 2323 1676; x_wconf 79' lang='lat' dir='ltr'>utrobique</span> <span class='ocrx_word' id='word_1_107' title='bbox 2396 1590 2592 1671; x_wconf 84' lang='grc' dir='ltr'><strong><em>ὔμμιν</em></strong></span> 
     </span>
     <span class='ocr_line' id='line_1_13' title="bbox 215 1696 1873 1785; baseline 0.001 -25"><span class='ocrx_word' id='word_1_108' title='bbox 215 1700 464 1764; x_wconf 84' lang='lat' dir='ltr'>restitui</span> <span class='ocrx_word' id='word_1_109' title='bbox 510 1704 736 1784; x_wconf 85' lang='lat' dir='ltr'>potest.</span> <span class='ocrx_word' id='word_1_110' title='bbox 803 1698 944 1765; x_wconf 88' lang='lat' dir='ltr'>Duo</span> <span class='ocrx_word' id='word_1_111' title='bbox 991 1699 1260 1784; x_wconf 86' lang='lat' dir='ltr'>denique</span> <span class='ocrx_word' id='word_1_112' title='bbox 1309 1703 1669 1785; x_wconf 79' lang='lat' dir='ltr'>repugnant</span> <span class='ocrx_word' id='word_1_113' title='bbox 1712 1696 1873 1763; x_wconf 88' lang='lat' dir='ltr'>loci:</span> 
     </span>
    </p>

    <p class='ocr_par' dir='ltr' id='par_1_5' title="bbox 299 1801 2592 1890">
     <span class='ocr_line' id='line_1_14' title="bbox 299 1801 2592 1890; baseline 0 -19"><span class='ocrx_word' id='word_1_114' title='bbox 299 1814 353 1871; x_wconf 89' lang='lat' dir='ltr'>H</span> <span class='ocrx_word' id='word_1_115' title='bbox 405 1804 527 1871; x_wconf 81' lang='lat'>32:</span> <span class='ocrx_word' id='word_1_116' title='bbox 640 1805 783 1884; x_wconf 77' lang='grc' dir='ltr'>ὑμῖν</span> <span class='ocrx_word' id='word_1_117' title='bbox 827 1806 1212 1889; x_wconf 64' lang='grc' dir='ltr'><strong><em>ἀθανάτῃσι,</em></strong></span> <span class='ocrx_word' id='word_1_118' title='bbox 1262 1804 1649 1887; x_wconf 76' lang='grc' dir='ltr'><strong><em>διαπραθέειν</em></strong></span> <span class='ocrx_word' id='word_1_119' title='bbox 1695 1801 1833 1868; x_wconf 73' lang='grc' dir='ltr'>τόδε</span> <span class='ocrx_word' id='word_1_120' title='bbox 1880 1802 2107 1881; x_wconf 64' lang='grc' dir='ltr'>πάσα-υ,</span> <span class='ocrx_word' id='word_1_121' title='bbox 2151 1805 2262 1871; x_wconf 85' lang='lat' dir='ltr'>ubi</span> <span class='ocrx_word' id='word_1_122' title='bbox 2302 1806 2369 1870; x_wconf 92' lang='lat' dir='ltr'>in</span> <span class='ocrx_word' id='word_1_123' title='bbox 2392 1805 2592 1890; x_wconf 74' lang='lat' dir='ltr'>primo</span> 
     </span>
    </p>

    <p class='ocr_par' dir='ltr' id='par_1_6' title="bbox 730 1912 1513 2000">
     <span class='ocr_line' id='line_1_15' title="bbox 730 1912 1513 2000; baseline -0.001 -22"><span class='ocrx_word' id='word_1_124' title='bbox 730 1912 889 1999; x_wconf 88' lang='lat' dir='ltr'>pede</span> <span class='ocrx_word' id='word_1_125' title='bbox 934 1912 1176 2000; x_wconf 85' lang='lat' dir='ltr'>legitur</span> <span class='ocrx_word' id='word_1_126' title='bbox 1222 1913 1394 1990; x_wconf 80' lang='grc' dir='ltr'><strong><em>ὑμῖν,</em></strong></span> <span class='ocrx_word' id='word_1_127' title='bbox 1448 1918 1513 1977; x_wconf 90' lang='lat' dir='ltr'>et</span> 
     </span>
    </p>

    <p class='ocr_par' dir='ltr' id='par_1_7' title="bbox 215 2006 2594 2319">
     <span class='ocr_line' id='line_1_16' title="bbox 302 2006 2226 2097; baseline -0.001 -12"><span class='ocrx_word' id='word_1_128' title='bbox 302 2028 350 2085; x_wconf 83' lang='lat'>1&lt;</span> <span class='ocrx_word' id='word_1_129' title='bbox 401 2018 573 2085; x_wconf 87' lang='lat'>445:</span> <span class='ocrx_word' id='word_1_130' title='bbox 609 2092 612 2097; x_wconf 49' lang='grc'><strong>,</strong></span> <span class='ocrx_word' id='word_1_131' title='bbox 643 2020 707 2095; x_wconf 75' lang='grc' dir='ltr'>ἠὲ</span> <span class='ocrx_word' id='word_1_132' title='bbox 753 2022 896 2084; x_wconf 80' lang='grc' dir='ltr'>κατ’</span> <span class='ocrx_word' id='word_1_133' title='bbox 943 2015 1133 2084; x_wconf 78' lang='grc' dir='ltr'><strong><em>αἶσαν</em></strong></span> <span class='ocrx_word' id='word_1_134' title='bbox 1181 2017 1402 2084; x_wconf 64' lang='grc' dir='ltr'><strong><em>ἔπεια-ον</em></strong></span> <span class='ocrx_word' id='word_1_135' title='bbox 1450 2018 1509 2083; x_wconf 75' lang='grc' dir='ltr'>ἐν</span> <span class='ocrx_word' id='word_1_136' title='bbox 1559 2018 1736 2094; x_wconf 79' lang='grc' dir='ltr'><strong><em>ὑμῖν,</em></strong></span> <span class='ocrx_word' id='word_1_137' title='bbox 1790 2018 1854 2093; x_wconf 78' lang='grc' dir='ltr'>ἠὲ</span> <span class='ocrx_word' id='word_1_138' title='bbox 1901 2006 2006 2082; x_wconf 64' lang='grc' dir='ltr'>’καὶ</span> <span class='ocrx_word' id='word_1_139' title='bbox 2056 2016 2226 2097; x_wconf 67' lang='grc' dir='ltr'><strong><em>οὐκί,</em></strong></span> 
     </span>
     <span class='ocr_line' id='line_1_17' title="bbox 216 2123 2594 2213; baseline -0.001 -20"><span class='ocrx_word' id='word_1_140' title='bbox 216 2128 320 2213; x_wconf 86' lang='lat' dir='ltr'>qui</span> <span class='ocrx_word' id='word_1_141' title='bbox 365 2142 588 2193; x_wconf 83' lang='lat' dir='ltr'>versus</span> <span class='ocrx_word' id='word_1_142' title='bbox 632 2128 786 2192; x_wconf 86' lang='lat' dir='ltr'>satis</span> <span class='ocrx_word' id='word_1_143' title='bbox 829 2124 1108 2193; x_wconf 86' lang='lat' dir='ltr'>elumbis</span> <span class='ocrx_word' id='word_1_144' title='bbox 1153 2146 1376 2191; x_wconf 81' lang='lat' dir='ltr'>vocem</span> <span class='ocrx_word' id='word_1_145' title='bbox 1427 2124 1570 2203; x_wconf 77' lang='grc' dir='ltr'>ὑμῖν</span> <span class='ocrx_word' id='word_1_146' title='bbox 1609 2123 1982 2191; x_wconf 87' lang='lat' dir='ltr'>collocatam</span> <span class='ocrx_word' id='word_1_147' title='bbox 2021 2123 2217 2191; x_wconf 81' lang='lat' dir='ltr'>habet</span> <span class='ocrx_word' id='word_1_148' title='bbox 2254 2127 2401 2191; x_wconf 90' lang='lat' dir='ltr'>ante</span> <span class='ocrx_word' id='word_1_149' title='bbox 2424 2123 2594 2192; x_wconf 88' lang='lat' dir='ltr'>diae-</span> 
     </span>
     <span class='ocr_line' id='line_1_18' title="bbox 215 2230 1725 2319; baseline -0.001 -22"><span class='ocrx_word' id='word_1_150' title='bbox 215 2233 374 2300; x_wconf 84' lang='lat' dir='ltr'>resin</span> <span class='ocrx_word' id='word_1_151' title='bbox 411 2233 768 2301; x_wconf 87' lang='lat' dir='ltr'>bucolicam</span> <span class='ocrx_word' id='word_1_152' title='bbox 789 2280 805 2311; x_wconf 93' lang='lat'>,</span> <span class='ocrx_word' id='word_1_153' title='bbox 857 2232 1024 2319; x_wconf 90' lang='lat' dir='ltr'>quod</span> <span class='ocrx_word' id='word_1_154' title='bbox 1069 2235 1306 2298; x_wconf 89' lang='lat' dir='ltr'>iterum</span> <span class='ocrx_word' id='word_1_155' title='bbox 1354 2230 1725 2298; x_wconf 88' lang='lat' dir='ltr'>notandum.</span> 
     </span>
    </p>

    <p class='ocr_par' dir='ltr' id='par_1_8' title="bbox 214 2337 2593 2745">
     <span class='ocr_line' id='line_1_19' title="bbox 299 2337 2591 2427; baseline -0.001 -22"><span class='ocrx_word' id='word_1_156' title='bbox 299 2339 442 2407; x_wconf 90' lang='lat' dir='ltr'>Duo</span> <span class='ocrx_word' id='word_1_157' title='bbox 509 2345 724 2406; x_wconf 90' lang='lat' dir='ltr'>autem</span> <span class='ocrx_word' id='word_1_158' title='bbox 778 2339 848 2404; x_wconf 89' lang='lat' dir='ltr'>hi</span> <span class='ocrx_word' id='word_1_159' title='bbox 917 2360 1134 2405; x_wconf 85' lang='lat' dir='ltr'>versus</span> <span class='ocrx_word' id='word_1_160' title='bbox 1195 2338 1359 2404; x_wconf 86' lang='lat' dir='ltr'>nihil</span> <span class='ocrx_word' id='word_1_161' title='bbox 1405 2338 1621 2405; x_wconf 84' lang='lat' dir='ltr'>valent</span> <span class='ocrx_word' id='word_1_162' title='bbox 1668 2337 1945 2423; x_wconf 85' lang='lat' dir='ltr'>profecto</span> <span class='ocrx_word' id='word_1_163' title='bbox 1993 2338 2072 2405; x_wconf 91' lang='lat' dir='ltr'>ad</span> <span class='ocrx_word' id='word_1_164' title='bbox 2120 2338 2591 2427; x_wconf 78' lang='lat' dir='ltr'>infringendam</span> 
     </span>
     <span class='ocr_line' id='line_1_20' title="bbox 215 2442 2593 2536; baseline 0.001 -25"><span class='ocrx_word' id='word_1_165' title='bbox 215 2442 420 2536; x_wconf 83' lang='lat' dir='ltr'>legem</span> <span class='ocrx_word' id='word_1_166' title='bbox 473 2467 550 2513; x_wconf 87' lang='lat' dir='ltr'>ex</span> <span class='ocrx_word' id='word_1_167' title='bbox 596 2444 936 2533; x_wconf 88' lang='lat' dir='ltr'>permultis</span> <span class='ocrx_word' id='word_1_168' title='bbox 983 2444 1130 2512; x_wconf 89' lang='lat' dir='ltr'>aliis</span> <span class='ocrx_word' id='word_1_169' title='bbox 1173 2444 1332 2513; x_wconf 90' lang='lat' dir='ltr'>locis</span> <span class='ocrx_word' id='word_1_170' title='bbox 1378 2447 1829 2522; x_wconf 86' lang='lat' dir='ltr'>constitutam;</span> <span class='ocrx_word' id='word_1_171' title='bbox 1884 2445 2169 2512; x_wconf 86' lang='lat' dir='ltr'>vidimus</span> <span class='ocrx_word' id='word_1_172' title='bbox 2216 2449 2389 2514; x_wconf 89' lang='lat' dir='ltr'>enim</span> <span class='ocrx_word' id='word_1_173' title='bbox 2436 2445 2593 2515; x_wconf 89' lang='lat' dir='ltr'>locis</span> 
     </span>
     <span class='ocr_line' id='line_1_21' title="bbox 222 2550 2593 2646; baseline 0.001 -28"><span class='ocrx_word' id='word_1_174' title='bbox 222 2551 298 2619; x_wconf 87' lang='lat'>17</span> <span class='ocrx_word' id='word_1_175' title='bbox 318 2552 400 2634; x_wconf 83' lang='grc' dir='ltr'>-Ι-</span> <span class='ocrx_word' id='word_1_176' title='bbox 425 2553 470 2620; x_wconf 89' lang='grc'>8</span> <span class='ocrx_word' id='word_1_177' title='bbox 491 2550 573 2632; x_wconf 84' lang='grc' dir='ltr'>-Ι-</span> <span class='ocrx_word' id='word_1_178' title='bbox 598 2551 684 2646; x_wconf 81' lang='grc'>34</span> <span class='ocrx_word' id='word_1_179' title='bbox 707 2577 789 2604; x_wconf 85' lang='grc'>---·</span> <span class='ocrx_word' id='word_1_180' title='bbox 814 2551 898 2620; x_wconf 82' lang='grc'>59</span> <span class='ocrx_word' id='word_1_181' title='bbox 949 2552 1264 2640; x_wconf 76' lang='lat' dir='ltr'>syllabam</span> <span class='ocrx_word' id='word_1_182' title='bbox 1312 2554 1727 2638; x_wconf 81' lang='lat' dir='ltr'>posteriorem</span> <span class='ocrx_word' id='word_1_183' title='bbox 1770 2553 1941 2618; x_wconf 85' lang='lat' dir='ltr'>vocis</span> <span class='ocrx_word' id='word_1_184' title='bbox 1981 2553 2120 2630; x_wconf 81' lang='grc' dir='ltr'><strong><em>ὗμιν</em></strong></span> <span class='ocrx_word' id='word_1_185' title='bbox 2158 2553 2419 2622; x_wconf 83' lang='lat' dir='ltr'>brevem</span> <span class='ocrx_word' id='word_1_186' title='bbox 2458 2574 2593 2620; x_wconf 87' lang='lat' dir='ltr'>esse</span> 
     </span>
     <span class='ocr_line' id='line_1_22' title="bbox 214 2667 745 2745; baseline -0.004 -21"><span class='ocrx_word' id='word_1_187' title='bbox 214 2667 318 2726; x_wconf 87' lang='lat' dir='ltr'>aut</span> <span class='ocrx_word' id='word_1_188' title='bbox 362 2681 500 2728; x_wconf 89' lang='lat' dir='ltr'>esse</span> <span class='ocrx_word' id='word_1_189' title='bbox 546 2679 745 2745; x_wconf 88' lang='lat' dir='ltr'>posse.</span> 
     </span>
    </p>

    <p class='ocr_par' dir='ltr' id='par_1_9' title="bbox 214 2766 2591 3067">
     <span class='ocr_line' id='line_1_23' title="bbox 301 2766 2591 2855; baseline 0 -21"><span class='ocrx_word' id='word_1_190' title='bbox 301 2767 542 2855; x_wconf 87' lang='lat' dir='ltr'>Operae</span> <span class='ocrx_word' id='word_1_191' title='bbox 600 2787 751 2834; x_wconf 81' lang='lat' dir='ltr'>vero</span> <span class='ocrx_word' id='word_1_192' title='bbox 807 2769 1090 2852; x_wconf 87' lang='lat' dir='ltr'>pretium</span> <span class='ocrx_word' id='word_1_193' title='bbox 1154 2769 1275 2833; x_wconf 87' lang='lat' dir='ltr'>erit</span> <span class='ocrx_word' id='word_1_194' title='bbox 1335 2766 1681 2833; x_wconf 79' lang='lat' dir='ltr'>advertisse</span> <span class='ocrx_word' id='word_1_195' title='bbox 1724 2768 1895 2853; x_wconf 89' lang='lat' dir='ltr'>ipsos</span> <span class='ocrx_word' id='word_1_196' title='bbox 1941 2766 2138 2834; x_wconf 84' lang='lat' dir='ltr'>libros</span> <span class='ocrx_word' id='word_1_197' title='bbox 2184 2767 2374 2834; x_wconf 76' lang='lat' dir='ltr'>MSS.</span> <span class='ocrx_word' id='word_1_198' title='bbox 2424 2771 2591 2836; x_wconf 89' lang='lat' dir='ltr'>inter</span> 
     </span>
     <span class='ocr_line' id='line_1_24' title="bbox 217 2871 2589 2960; baseline 0.002 -22"><span class='ocrx_word' id='word_1_199' title='bbox 217 2874 353 2952; x_wconf 80' lang='grc' dir='ltr'>ὑμῖν</span> <span class='ocrx_word' id='word_1_200' title='bbox 393 2875 467 2941; x_wconf 76' lang='lat' dir='ltr'>&#39;et</span> <span class='ocrx_word' id='word_1_201' title='bbox 512 2874 707 2952; x_wconf 80' lang='grc' dir='ltr'><strong><em>ὔμμιν</em></strong></span> <span class='ocrx_word' id='word_1_202' title='bbox 751 2874 858 2940; x_wconf 88' lang='lat' dir='ltr'>hic</span> <span class='ocrx_word' id='word_1_203' title='bbox 903 2872 1040 2938; x_wconf 85' lang='lat' dir='ltr'>illic</span> <span class='ocrx_word' id='word_1_204' title='bbox 1085 2873 1431 2950; x_wconf 73' lang='lat' dir='ltr'>haesitare,</span> <span class='ocrx_word' id='word_1_205' title='bbox 1477 2893 1531 2938; x_wconf 90' lang='lat' dir='ltr'>e.</span> <span class='ocrx_word' id='word_1_206' title='bbox 1557 2895 1624 2960; x_wconf 87' lang='lat' dir='ltr'>g.</span> <span class='ocrx_word' id='word_1_207' title='bbox 1671 2873 1705 2938; x_wconf 80' lang='grc' dir='ltr'>δ</span> <span class='ocrx_word' id='word_1_208' title='bbox 1758 2871 1863 2938; x_wconf 86' lang='grc'>94.</span> <span class='ocrx_word' id='word_1_209' title='bbox 1911 2873 2010 2938; x_wconf 81' lang='lat' dir='ltr'>Ex</span> <span class='ocrx_word' id='word_1_210' title='bbox 2042 2894 2167 2959; x_wconf 86' lang='lat' dir='ltr'>qua</span> <span class='ocrx_word' id='word_1_211' title='bbox 2190 2873 2589 2942; x_wconf 83' lang='lat' dir='ltr'>dubitatione</span> 
     </span>
     <span class='ocr_line' id='line_1_25' title="bbox 214 2979 2247 3067; baseline -0.001 -21"><span class='ocrx_word' id='word_1_212' title='bbox 214 2980 548 3067; x_wconf 88' lang='lat' dir='ltr'>repetenda</span> <span class='ocrx_word' id='word_1_213' title='bbox 591 2986 686 3046; x_wconf 88' lang='lat' dir='ltr'>est</span> <span class='ocrx_word' id='word_1_214' title='bbox 732 2982 912 3067; x_wconf 89' lang='lat' dir='ltr'>origo</span> <span class='ocrx_word' id='word_1_215' title='bbox 957 2980 1106 3045; x_wconf 85' lang='lat' dir='ltr'>vitii</span> <span class='ocrx_word' id='word_1_216' title='bbox 1154 2999 1276 3065; x_wconf 87' lang='lat' dir='ltr'>quo</span> <span class='ocrx_word' id='word_1_217' title='bbox 1323 2979 1696 3064; x_wconf 85' lang='lat' dir='ltr'>inquinatur</span> <span class='ocrx_word' id='word_1_218' title='bbox 1740 2999 1960 3044; x_wconf 81' lang='lat' dir='ltr'>versus</span> <span class='ocrx_word' id='word_1_219' title='bbox 2008 2988 2035 3044; x_wconf 95' lang='lat'>1</span> <span class='ocrx_word' id='word_1_220' title='bbox 2088 2979 2247 3044; x_wconf 81' lang='lat'>121:</span> 
     </span>
    </p>

    <p class='ocr_par' dir='ltr' id='par_1_10' title="bbox 639 3083 2247 3165">
     <span class='ocr_line' id='line_1_26' title="bbox 639 3083 2247 3165; baseline -0.001 -13"><span class='ocrx_word' id='word_1_221' title='bbox 639 3088 782 3164; x_wconf 82' lang='grc' dir='ltr'>ὑμῖν</span> <span class='ocrx_word' id='word_1_222' title='bbox 826 3083 878 3149; x_wconf 79' lang='grc' dir='ltr'>δ’</span> <span class='ocrx_word' id='word_1_223' title='bbox 926 3085 988 3151; x_wconf 78' lang='grc' dir='ltr'>ἐν</span> <span class='ocrx_word' id='word_1_224' title='bbox 1033 3084 1334 3151; x_wconf 65' lang='grc' dir='ltr'><strong><em>πάντεσσι</em></strong></span> <span class='ocrx_word' id='word_1_225' title='bbox 1385 3085 1727 3164; x_wconf 67' lang='grc' dir='ltr'><strong><em>περικλυτὰ</em></strong></span> <span class='ocrx_word' id='word_1_226' title='bbox 1775 3084 1904 3165; x_wconf 77' lang='grc' dir='ltr'>δῶρ’</span> <span class='ocrx_word' id='word_1_227' title='bbox 1952 3086 2247 3163; x_wconf 75' lang='grc' dir='ltr'><strong><em>ὀνομήνω,</em></strong></span> 
     </span>
    </p>

    <p class='ocr_par' dir='ltr' id='par_1_11' title="bbox 215 3189 2615 4004">
     <span class='ocr_line' id='line_1_27' title="bbox 216 3189 2589 3279; baseline 0.002 -21"><span class='ocrx_word' id='word_1_228' title='bbox 216 3196 466 3260; x_wconf 88' lang='lat' dir='ltr'>omnino</span> <span class='ocrx_word' id='word_1_229' title='bbox 513 3195 686 3258; x_wconf 91' lang='lat' dir='ltr'>enim</span> <span class='ocrx_word' id='word_1_230' title='bbox 731 3192 1077 3279; x_wconf 88' lang='lat' dir='ltr'>legendum</span> <span class='ocrx_word' id='word_1_231' title='bbox 1123 3198 1221 3258; x_wconf 88' lang='lat' dir='ltr'>est</span> <span class='ocrx_word' id='word_1_232' title='bbox 1266 3191 1431 3270; x_wconf 83' lang='grc' dir='ltr'><strong><em>ὔμμι</em></strong></span> <span class='ocrx_word' id='word_1_233' title='bbox 1479 3189 1543 3256; x_wconf 74' lang='grc' dir='ltr'>δέ</span> <span class='ocrx_word' id='word_1_234' title='bbox 1593 3194 1648 3256; x_wconf 80' lang='grc' dir='ltr'>κ’</span> <span class='ocrx_word' id='word_1_235' title='bbox 1698 3192 1759 3257; x_wconf 73' lang='grc' dir='ltr'>ἐν</span> <span class='ocrx_word' id='word_1_236' title='bbox 1808 3189 2109 3257; x_wconf 75' lang='grc' dir='ltr'><strong><em>πάντεσσι</em></strong></span> <span class='ocrx_word' id='word_1_237' title='bbox 2152 3217 2220 3259; x_wconf 76' lang='grc' dir='ltr'>π.</span> <span class='ocrx_word' id='word_1_238' title='bbox 2250 3191 2301 3262; x_wconf 73' lang='grc' dir='ltr'>δ.</span> <span class='ocrx_word' id='word_1_239' title='bbox 2328 3195 2401 3279; x_wconf 71' lang='grc'>«3.,</span> <span class='ocrx_word' id='word_1_240' title='bbox 2439 3199 2589 3262; x_wconf 85' lang='lat' dir='ltr'>noto</span> 
     </span>
     <span class='ocr_line' id='line_1_28' title="bbox 215 3298 2591 3387; baseline 0.002 -24"><span class='ocrx_word' id='word_1_241' title='bbox 215 3319 330 3364; x_wconf 88' lang='lat' dir='ltr'>usu</span> <span class='ocrx_word' id='word_1_242' title='bbox 375 3298 732 3383; x_wconf 87' lang='lat' dir='ltr'>homerico;</span> <span class='ocrx_word' id='word_1_243' title='bbox 781 3299 1224 3364; x_wconf 82' lang='lat' dir='ltr'>subiunctivus</span> <span class='ocrx_word' id='word_1_244' title='bbox 1270 3317 1420 3364; x_wconf 83' lang='lat' dir='ltr'>vero</span> <span class='ocrx_word' id='word_1_245' title='bbox 1465 3319 1654 3364; x_wconf 87' lang='lat' dir='ltr'>sensu</span> <span class='ocrx_word' id='word_1_246' title='bbox 1699 3298 1902 3364; x_wconf 84' lang='lat' dir='ltr'>futuri</span> <span class='ocrx_word' id='word_1_247' title='bbox 1940 3298 2110 3364; x_wconf 90' lang='lat' dir='ltr'>nude</span> <span class='ocrx_word' id='word_1_248' title='bbox 2148 3301 2427 3387; x_wconf 87' lang='lat' dir='ltr'>positus,</span> <span class='ocrx_word' id='word_1_249' title='bbox 2454 3302 2591 3368; x_wconf 93' lang='lat' dir='ltr'>sine</span> 
     </span>
     <span class='ocr_line' id='line_1_29' title="bbox 217 3404 2591 3491; baseline 0.002 -24"><span class='ocrx_word' id='word_1_250' title='bbox 217 3428 280 3469; x_wconf 84' lang='grc' dir='ltr'>κε</span> <span class='ocrx_word' id='word_1_251' title='bbox 302 3453 320 3482; x_wconf 87' lang='grc'><strong><em>,</em></strong></span> <span class='ocrx_word' id='word_1_252' title='bbox 387 3425 694 3491; x_wconf 90' lang='lat' dir='ltr'>perquam</span> <span class='ocrx_word' id='word_1_253' title='bbox 757 3411 1085 3490; x_wconf 86' lang='lat' dir='ltr'>suspectus</span> <span class='ocrx_word' id='word_1_254' title='bbox 1147 3410 1272 3482; x_wconf 86' lang='lat' dir='ltr'>est,</span> <span class='ocrx_word' id='word_1_255' title='bbox 1339 3425 1542 3490; x_wconf 91' lang='lat' dir='ltr'>neque</span> <span class='ocrx_word' id='word_1_256' title='bbox 1589 3404 1965 3482; x_wconf 85' lang='lat' dir='ltr'>Larochius,</span> <span class='ocrx_word' id='word_1_257' title='bbox 2017 3407 2298 3471; x_wconf 84' lang='lat' dir='ltr'>ubertim</span> <span class='ocrx_word' id='word_1_258' title='bbox 2345 3405 2422 3472; x_wconf 91' lang='lat' dir='ltr'>de</span> <span class='ocrx_word' id='word_1_259' title='bbox 2470 3407 2591 3473; x_wconf 88' lang='lat' dir='ltr'>hoc</span> 
     </span>
     <span class='ocr_line' id='line_1_30' title="bbox 215 3507 2615 3601; baseline 0.003 -27"><span class='ocrx_word' id='word_1_260' title='bbox 215 3507 346 3578; x_wconf 91' lang='lat' dir='ltr'>loco</span> <span class='ocrx_word' id='word_1_261' title='bbox 388 3512 753 3599; x_wconf 86' lang='lat' dir='ltr'>disputans,</span> <span class='ocrx_word' id='word_1_262' title='bbox 810 3510 1020 3577; x_wconf 89' lang='lat' dir='ltr'>ullum</span> <span class='ocrx_word' id='word_1_263' title='bbox 1067 3534 1191 3598; x_wconf 89' lang='lat' dir='ltr'>quo</span> <span class='ocrx_word' id='word_1_264' title='bbox 1236 3511 1572 3601; x_wconf 82' lang='lat' dir='ltr'>vulgatam</span> <span class='ocrx_word' id='word_1_265' title='bbox 1622 3518 1907 3579; x_wconf 86' lang='lat' dir='ltr'>tueretur</span> <span class='ocrx_word' id='word_1_266' title='bbox 1950 3511 2173 3578; x_wconf 88' lang='lat' dir='ltr'>attulit</span> <span class='ocrx_word' id='word_1_267' title='bbox 2218 3514 2615 3601; x_wconf 87' lang='lat' dir='ltr'>exemplum·</span> 
     </span>
     <span class='ocr_line' id='line_1_31' title="bbox 215 3616 2589 3704; baseline 0.003 -24"><span class='ocrx_word' id='word_1_268' title='bbox 215 3616 506 3684; x_wconf 88' lang='lat' dir='ltr'>idoneum</span> <span class='ocrx_word' id='word_1_269' title='bbox 523 3667 538 3695; x_wconf 95' lang='lat'>‚</span> <span class='ocrx_word' id='word_1_270' title='bbox 600 3619 721 3682; x_wconf 90' lang='lat' dir='ltr'>etsi</span> <span class='ocrx_word' id='word_1_271' title='bbox 768 3619 1123 3704; x_wconf 83' lang='lat' dir='ltr'>complures</span> <span class='ocrx_word' id='word_1_272' title='bbox 1171 3621 1327 3685; x_wconf 89' lang='lat' dir='ltr'>citat</span> <span class='ocrx_word' id='word_1_273' title='bbox 1372 3618 1540 3684; x_wconf 90' lang='lat' dir='ltr'>locos</span> <span class='ocrx_word' id='word_1_274' title='bbox 1589 3639 1744 3703; x_wconf 90' lang='lat' dir='ltr'>quos</span> <span class='ocrx_word' id='word_1_275' title='bbox 1790 3623 2001 3684; x_wconf 91' lang='lat' dir='ltr'>nostro</span> <span class='ocrx_word' id='word_1_276' title='bbox 2048 3619 2407 3685; x_wconf 90' lang='lat' dir='ltr'>consimiles</span> <span class='ocrx_word' id='word_1_277' title='bbox 2454 3641 2589 3687; x_wconf 90' lang='lat' dir='ltr'>esse</span> 
     </span>
     <span class='ocr_line' id='line_1_32' title="bbox 217 3722 2589 3804; baseline 0.003 -15"><span class='ocrx_word' id='word_1_278' title='bbox 217 3722 368 3791; x_wconf 89' lang='lat' dir='ltr'>dicit</span> <span class='ocrx_word' id='word_1_279' title='bbox 383 3774 401 3804; x_wconf 86' lang='lat'><em>,</em></span> <span class='ocrx_word' id='word_1_280' title='bbox 468 3745 688 3793; x_wconf 81' lang='lat' dir='ltr'>revera</span> <span class='ocrx_word' id='word_1_281' title='bbox 747 3731 965 3791; x_wconf 88' lang='lat' dir='ltr'>tamen</span> <span class='ocrx_word' id='word_1_282' title='bbox 1026 3725 1514 3792; x_wconf 88' lang='lat' dir='ltr'>dissimillimos.</span> <span class='ocrx_word' id='word_1_283' title='bbox 1602 3725 1793 3792; x_wconf 83' lang='lat' dir='ltr'>Levis</span> <span class='ocrx_word' id='word_1_284' title='bbox 1858 3732 2073 3792; x_wconf 83' lang='lat' dir='ltr'>autem</span> <span class='ocrx_word' id='word_1_285' title='bbox 2135 3733 2230 3792; x_wconf 91' lang='lat' dir='ltr'>est</span> <span class='ocrx_word' id='word_1_286' title='bbox 2287 3731 2589 3795; x_wconf 82' lang='lat' dir='ltr'>correctio</span> 
     </span>
     <span class='ocr_line' id='line_1_33' title="bbox 218 3829 2591 3919; baseline 0.003 -24"><span class='ocrx_word' id='word_1_287' title='bbox 218 3848 402 3914; x_wconf 90' lang='lat' dir='ltr'>quam</span> <span class='ocrx_word' id='word_1_288' title='bbox 449 3833 746 3918; x_wconf 89' lang='lat' dir='ltr'>proposui</span> <span class='ocrx_word' id='word_1_289' title='bbox 764 3878 781 3909; x_wconf 89' lang='lat'>‚</span> <span class='ocrx_word' id='word_1_290' title='bbox 839 3836 900 3896; x_wconf 85' lang='lat' dir='ltr'>et</span> <span class='ocrx_word' id='word_1_291' title='bbox 949 3831 1102 3898; x_wconf 84' lang='lat' dir='ltr'>licet</span> <span class='ocrx_word' id='word_1_292' title='bbox 1149 3851 1288 3898; x_wconf 85' lang='lat' dir='ltr'>eam</span> <span class='ocrx_word' id='word_1_293' title='bbox 1333 3829 1619 3898; x_wconf 88' lang='lat' dir='ltr'>stabilire</span> <span class='ocrx_word' id='word_1_294' title='bbox 1637 3878 1655 3911; x_wconf 90' lang='lat'>‚</span> <span class='ocrx_word' id='word_1_295' title='bbox 1704 3834 1761 3898; x_wconf 91' lang='lat' dir='ltr'>si</span> <span class='ocrx_word' id='word_1_296' title='bbox 1806 3853 1965 3919; x_wconf 91' lang='lat' dir='ltr'>opus</span> <span class='ocrx_word' id='word_1_297' title='bbox 2010 3837 2140 3910; x_wconf 88' lang='lat' dir='ltr'>est,</span> <span class='ocrx_word' id='word_1_298' title='bbox 2189 3855 2377 3901; x_wconf 82' lang='lat' dir='ltr'>versu</span> <span class='ocrx_word' id='word_1_299' title='bbox 2424 3837 2591 3901; x_wconf 87' lang='lat' dir='ltr'>eius-</span> 
     </span>
     <span class='ocr_line' id='line_1_34' title="bbox 218 3934 764 4004; baseline 0.004 -4"><span class='ocrx_word' id='word_1_300' title='bbox 218 3934 353 4002; x_wconf 91' lang='lat' dir='ltr'>dem</span> <span class='ocrx_word' id='word_1_301' title='bbox 398 3937 550 4003; x_wconf 90' lang='lat' dir='ltr'>libri</span> <span class='ocrx_word' id='word_1_302' title='bbox 595 3937 764 4004; x_wconf 80' lang='lat'>262:</span> 
     </span>
    </p>
   </div>
   <div class='ocr_carea' id='block_1_4' title="bbox 306 4043 2579 4132">
    <p class='ocr_par' dir='ltr' id='par_1_12' title="bbox 306 4043 2579 4132">
     <span class='ocr_line' id='line_1_35' title="bbox 306 4043 2579 4132; baseline 0.004 -23"><span class='ocrx_word' id='word_1_303' title='bbox 306 4045 353 4109; x_wconf 76' lang='grc' dir='ltr'>εἰ</span> <span class='ocrx_word' id='word_1_304' title='bbox 404 4044 492 4124; x_wconf 73' lang='grc' dir='ltr'>δὲ,</span> <span class='ocrx_word' id='word_1_305' title='bbox 563 4045 642 4110; x_wconf 83' lang='grc' dir='ltr'>σὺ</span> <span class='ocrx_word' id='word_1_306' title='bbox 688 4044 802 4123; x_wconf 81' lang='grc' dir='ltr'>μέν</span> <span class='ocrx_word' id='word_1_307' title='bbox 848 4049 952 4124; x_wconf 84' lang='grc' dir='ltr'>με’</span> <span class='ocrx_word' id='word_1_308' title='bbox 1001 4048 1175 4132; x_wconf 80' lang='grc' dir='ltr'><strong>(μευ)</strong></span> <span class='ocrx_word' id='word_1_309' title='bbox 1221 4043 1512 4124; x_wconf 79' lang='grc' dir='ltr'><strong><em>ἄκουσον,</em></strong></span> <span class='ocrx_word' id='word_1_310' title='bbox 1565 4047 1685 4125; x_wconf 71' lang='grc' dir='ltr'>ἐγὼ</span> <span class='ocrx_word' id='word_1_311' title='bbox 1736 4046 1799 4113; x_wconf 80' lang='grc' dir='ltr'>δέ</span> <span class='ocrx_word' id='word_1_312' title='bbox 1846 4047 1928 4112; x_wconf 79' lang='grc' dir='ltr'>κέ</span> <span class='ocrx_word' id='word_1_313' title='bbox 1980 4071 2070 4112; x_wconf 84' lang='grc' dir='ltr'><strong><em>τοι</em></strong></span> <span class='ocrx_word' id='word_1_314' title='bbox 2119 4050 2579 4129; x_wconf 77' lang='grc' dir='ltr'><strong><em>καταλέξω.</em></strong></span> 
     </span>
    </p>
   </div>
   <div class='ocr_carea' id='block_1_5' title="bbox 227 4255 2587 4457">
    <p class='ocr_par' dir='ltr' id='par_1_13' title="bbox 227 4255 2587 4457">
     <span class='ocr_line' id='line_1_36' title="bbox 303 4255 2585 4348; baseline 0.004 -24"><span class='ocrx_word' id='word_1_315' title='bbox 303 4255 373 4324; x_wconf 90' lang='lat' dir='ltr'>In</span> <span class='ocrx_word' id='word_1_316' title='bbox 440 4262 682 4348; x_wconf 84' lang='lat' dir='ltr'>primae</span> <span class='ocrx_word' id='word_1_317' title='bbox 727 4262 932 4348; x_wconf 87' lang='lat' dir='ltr'>igitur</span> <span class='ocrx_word' id='word_1_318' title='bbox 976 4282 1282 4348; x_wconf 85' lang='lat' dir='ltr'>personae</span> <span class='ocrx_word' id='word_1_319' title='bbox 1331 4262 1547 4328; x_wconf 80' lang='lat' dir='ltr'>dativo</span> <span class='ocrx_word' id='word_1_320' title='bbox 1593 4261 1829 4347; x_wconf 89' lang='lat' dir='ltr'>plurali</span> <span class='ocrx_word' id='word_1_321' title='bbox 1876 4263 2169 4329; x_wconf 83' lang='lat' dir='ltr'>videmus</span> <span class='ocrx_word' id='word_1_322' title='bbox 2216 4285 2409 4331; x_wconf 90' lang='lat' dir='ltr'>unam</span> <span class='ocrx_word' id='word_1_323' title='bbox 2457 4266 2585 4332; x_wconf 90' lang='lat' dir='ltr'>for-</span> 
     </span>
     <span class='ocr_line' id='line_1_37' title="bbox 227 4368 2587 4457; baseline 0.004 -30"><span class='ocrx_word' id='word_1_324' title='bbox 227 4382 390 4430; x_wconf 83' lang='lat' dir='ltr'>mam</span> <span class='ocrx_word' id='word_1_325' title='bbox 439 4368 818 4434; x_wconf 88' lang='lat' dir='ltr'>trochaicam</span> <span class='ocrx_word' id='word_1_326' title='bbox 867 4371 1213 4456; x_wconf 82' lang='lat' dir='ltr'>genuinam</span> <span class='ocrx_word' id='word_1_327' title='bbox 1262 4389 1395 4436; x_wconf 86' lang='lat' dir='ltr'>esse</span> <span class='ocrx_word' id='word_1_328' title='bbox 1413 4415 1431 4447; x_wconf 90' lang='lat'>‚</span> <span class='ocrx_word' id='word_1_329' title='bbox 1489 4370 1544 4434; x_wconf 90' lang='lat' dir='ltr'>si</span> <span class='ocrx_word' id='word_1_330' title='bbox 1596 4369 2017 4454; x_wconf 88' lang='lat' dir='ltr'>paucissimos</span> <span class='ocrx_word' id='word_1_331' title='bbox 2054 4371 2407 4457; x_wconf 85' lang='lat' dir='ltr'>excipimus</span> <span class='ocrx_word' id='word_1_332' title='bbox 2445 4393 2587 4440; x_wconf 82' lang='lat' dir='ltr'>ver-</span> 
     </span>
    </p>
   </div>
  </div>
 </body>
</html>
