3150 5000
561 161 689 228 336
1104 205 1111 216 t
1582 181 1899 232 nonanus.
2001 197 2006 202 ·

556 345 755 426 χαίρω
780 345 791 356 ’
819 343 1201 424 προσμαθών.
1274 344 1495 430 Itaque
1558 367 1682 416 non
1740 368 2079 433 possumus
2127 369 2252 415 non
2299 367 2560 436 rogare,
2609 346 2766 431 quid
2809 349 2923 409 tan-

558 453 701 518 dem
743 453 809 515 in
846 471 1037 517 causa
1078 452 1307 535 fuerit,
1356 473 1472 516 cur
1517 461 1739 538 poetae
1787 456 1952 539 epici
1999 457 2068 520 iu
2115 457 2358 540 primae
2407 453 2762 539 tertiaeque
2803 473 2924 536 per-

434 565 439 571 '
556 578 743 624 sonae
805 561 983 623 exitu
1047 539 1365 644 syllabam
1416 585 1513 624 -αι
1565 563 1913 625 sexcenties
1961 559 2303 644 eliderent,
2351 560 2462 625 sed
2509 579 2830 644 nunquam
2871 560 2926 621 in

554 663 678 730 fine
720 664 1160 750 secundae;
1213 686 1325 729 cur
1364 665 1617 749 literam
1661 692 1760 744 -ο,
1799 687 1996 752 quam
2033 666 2282 732 elisioni
2318 667 2448 732 fere
2485 673 2710 732 natam
2749 665 2930 740 dices,

556 777 622 837 et
670 773 906 858 passim
957 770 1179 836 elisam
1232 775 1504 858 reperias
1554 775 1722 857 apud
1771 794 1989 838 omnes
2027 777 2314 839 omnium
2358 781 2648 839 aetatum
2693 775 2932 858 scripto·

556 899 654 943 res
718 898 866 943 cum
928 878 1248 962 pedestres
1308 885 1449 943 tum
1514 887 1763 961 poetas,
1836 878 2070 944 elidere
2129 880 2474 963 praefracte
2520 881 2936 944 recusaverint

555 989 801 1050 veteres
848 983 949 1048 illi
997 989 1214 1068 vates,
1263 984 1373 1049 ubi
1420 984 1744 1050 clauderet
1790 985 1968 1051 verbi
2015 985 2287 1050 formam
2335 1005 2498 1070 quae
2542 985 2626 1050 ad
2673 1005 2938 1050 secun·

556 1091 595 1156 d
613 1110 651 1155 a
666 1111 733 1154 m
786 1109 1116 1175 personam
1164 1091 1524 1174 pertineret.

649 1195 869 1277 Qualis
932 1217 1122 1261 causa
1182 1217 1329 1260 cum
1393 1197 1629 1261 frustra
1689 1201 2030 1282 quaeratur
2050 1245 2066 1275 ‚
2129 1199 2406 1282 suspicio
2452 1197 2786 1272 oboritur,
2833 1215 2940 1260 non

553 1306 840 1388 ipsorum
886 1310 1220 1388 poetarum
1268 1302 1377 1368 sed
1426 1305 1792 1368 recentioris
1839 1306 2068 1368 aetatis
2115 1303 2284 1370 hunc
2331 1324 2466 1370 esse
2509 1323 2796 1379 morem,
2837 1303 2946 1364 for-

555 1417 721 1476 tasse
768 1411 1018 1474 nonnisi
1066 1429 1201 1474 sero
1249 1416 1544 1474 natorum
1583 1395 2152 1496 grammaticorum
2201 1431 2334 1475 esse
2375 1409 2695 1498 regulam.
2749 1407 2944 1488 Quam

554 1518 981 1601 suspicionem
1030 1521 1226 1603 auget
1274 1514 1529 1580 dialecti
1576 1513 1959 1581 Homericae
2005 1516 2286 1595 indoles,
2337 1536 2374 1582 a
2413 1517 2636 1581 formis
2675 1521 2947 1580 contrac-

557 1627 641 1688 tis
689 1622 915 1688 aliena.

646 1729 709 1794 Ν
710 1750 790 1795 on
862 1729 1160 1794 inutilem
1231 1731 1433 1815 igitur
1502 1748 1757 1814 operam
1833 1729 2116 1794 facturus
2182 1749 2315 1793 esse
2379 1729 2546 1793 mihi
2608 1728 2856 1804 videor,
2901 1726 2948 1789 si

552 1838 724 1904 locos
766 1835 1176 1913 Homericos,
1213 1836 1341 1900 huc
1381 1837 1805 1922 pertinentes,
1843 1837 1911 1900 in
1952 1857 2150 1900 unum
2196 1843 2603 1921 conspectum
2646 1833 2946 1920 colligam

555 1965 775 2012 omnes
799 1992 815 2019 ,
882 1963 1038 2028 quos
1099 1943 1357 2027 quidem
1424 1943 1931 2020 observaverim3
1982 1963 2095 2007 nec
2147 1948 2364 2007 tamen
2411 1941 2654 2006 multos
2706 1961 2816 2006 me
2861 1939 2949 2004 fu·

554 2056 724 2140 gisse
783 2060 961 2136 puto.
1031 2049 1373 2114 Rationem
1430 2050 1772 2134 hymnorum
1833 2069 2082 2135 quoque
2140 2049 2336 2114 habui
2384 2069 2498 2113 nec
2545 2070 2670 2112 non
2723 2048 2950 2112 carmi·

554 2179 707 2223 num
768 2155 1269 2232 Hesiodeorum
1332 2161 1654 2240 praeterea
1713 2156 2018 2241 adscripsi
2067 2174 2224 2240 quos
2269 2157 2338 2219 in
2387 2161 2694 2239 promptu
2761 2153 2945 2219 habe-

555 2266 704 2330 bam
755 2261 1028 2328 aliorum
1076 2267 1368 2326 veterum
1416 2267 1753 2346 poetarum
1802 2260 1993 2328 locos.

645 2370 990 2435 Prohibere
1051 2388 1173 2433 non
1221 2368 1402 2453 potui
1452 2403 1537 2416 —
1587 2368 1696 2433 sed
1744 2370 1886 2451 quis
1933 2363 2223 2454 poterat?
2275 2405 2356 2416 —
2407 2369 2763 2454 quominus
2815 2363 2946 2450 pul·

554 2500 701 2545 vere
742 2476 976 2543 aridior
1014 2473 1307 2557 evaderet
1343 2474 1673 2563 catalogus
1695 2524 1710 2553 ,
1735 2478 1916 2561 isque
1941 2478 2096 2541 satis
2127 2474 2383 2561 long-us.
2431 2472 2706 2561 Operam
2739 2481 2946 2540 tamen

554 2586 736 2668 dedi,
785 2590 861 2649 ut
899 2604 1091 2669 quam
1130 2584 1505 2648 arctissimis
1543 2580 1776 2647 finibus
1815 2583 2463 2647 circumscriberetur.
2509 2580 2595 2645 Et
2637 2602 2718 2645 ne
2762 2598 2942 2665 quem

554 2692 867 2757 deterreat
928 2687 1271 2776 praelonga
1333 2689 1523 2753 series
1587 2688 1938 2753 formarum
2003 2694 2065 2752 et
2112 2687 2396 2752 locorum
2443 2686 2624 2752 nullo
2671 2689 2846 2751 inter
2887 2702 2946 2747 se

554 2797 811 2863 vinculo
869 2798 1234 2860 iunctorum
1254 2842 1269 2873 ,
1334 2794 1402 2858 in
1462 2796 1600 2878 ipso
1664 2794 2112 2879 disputationis
2157 2800 2410 2859 nostrae
2451 2792 2682 2857 limine
2729 2809 2943 2877 propo·

552 2926 701 2969 nam
747 2900 1215 2968 conclusionem
1236 2948 1252 2978 ‚
1298 2921 1460 2985 quae
1506 2906 1750 2965 attente
1797 2898 2160 2965 Homerum
2211 2898 2570 2987 perlegenti
2619 2919 2688 2963 se
2721 2896 2939 2975 offert,

553 3018 617 3077 et
679 3032 755 3075 ex
818 3008 1106 3095 catalogo
1154 3012 1366 3073 nostro
1414 3009 1509 3072 ita
1554 3004 1967 3071 confirmatur
2014 3016 2087 3071 ut
2134 3010 2266 3071 iam
2314 3027 2438 3071 non
2487 3006 2794 3073 videatur
2841 3000 2944 3067 ad-

555 3117 834 3182 dubitari
882 3113 1118 3179 nedum
1167 3112 1440 3179 convelli
1488 3134 1690 3197 posse.
1738 3113 1834 3177 En
1881 3113 2086 3201 igitur
2130 3113 2198 3177 id
2245 3113 2413 3197 quod
2461 3112 2638 3178 dico:

645 3220 1063 3287 secundae
1129 3239 1531 3305 personae
1596 3220 1916 3284 formae
1977 3225 2464 3284 contractae
2522 3239 2678 3285 non
2727 3236 2946 3302 repe·

554 3331 896 3419 riuntunr
938 3329 1105 3391 nisi
1151 3328 1233 3389 in
1279 3326 1538 3402 thesi,
1579 3334 1660 3390 et
1699 3326 1813 3390 iis
1858 3331 2187 3391 tantum
2229 3324 2448 3391 locis
2489 3326 2633 3389 ubi
2673 3344 2944 3410 sequa·

554 3441 692 3499 tur
752 3432 1259 3499 vocabulum
1322 3451 1359 3496 a
1420 3431 1690 3497 litera
1735 3432 2014 3497 vocali
2060 3434 2520 3517 incipiens.
2571 3429 2942 3497 Paucissimi

554 3560 703 3605 vero
722 3589 740 3624 ‚
788 3542 900 3623 qui
947 3539 1099 3603 huic
1147 3540 1370 3604 canoni
1416 3546 1776 3625 repugnant
1795 3584 1811 3615 ,
1866 3559 2086 3604 versus
2137 3576 2218 3587 —
2267 3545 2333 3603 et
2373 3541 2516 3623 quis
2556 3544 2848 3622 expectet
2884 3538 2938 3597 in

556 3648 703 3712 crisi
750 3646 1074 3711 homerica
1120 3644 1295 3733 leges
1344 3647 1481 3709 sine
1528 3644 1666 3709 ulla
1707 3647 2074 3729 exceptione
2114 3640 2443 3711 valentes?
2495 3681 2576 3693 --
2616 3644 2724 3708 sed
2767 3641 2940 3729 pauci

556 3772 775 3819 versus
794 3802 811 3835 ,
854 3754 1075 3817 canoni
1114 3756 1328 3817 nostro
1368 3758 1797 3839 repugnantes
1815 3801 1833 3834 ,
1876 3750 2289 3837 probabiliter
2316 3752 2448 3816 fere
2473 3771 2694 3816 omnes
2719 3748 2940 3833 corrigi

557 3864 840 3945 possunt.

650 3964 816 4046 Quid
856 3960 1099 4053 igitur?
1144 3964 1480 4048 Numquid
1518 3963 1933 4029 statuendum
1969 3973 2064 4029 est
2088 4011 2104 4041 ‚
2143 3970 2360 4049 poetas
2398 3962 2752 4029 homericos
2787 3964 2938 4027 miro

558 4092 863 4139 consensu
932 4090 1151 4135 omnes
1220 4075 1577 4136 constanter
1648 4071 2010 4135 observasse
2081 4070 2292 4157 legem
2365 4090 2556 4154 quam
2629 4068 2938 4154 proposui·

558 4176 747 4244 mus?
792 4216 873 4227 —
915 4177 1163 4264 legem,
1220 4179 1274 4240 si
1322 4182 1539 4241 tamen
1586 4176 1690 4242 lex
1736 4178 1855 4252 sit,
1906 4178 2087 4242 cuius
2133 4175 2311 4241 nulla
2359 4197 2548 4243 causa
2593 4178 2940 4261 compareat

555 4282 821 4351 idonea?
872 4320 954 4333 —
1003 4282 1213 4370 legem
1235 4329 1251 4360 ,
1302 4304 1495 4367 quam
1543 4283 1832 4350 libidinis
1879 4285 2092 4368 potius
2135 4282 2414 4368 appelles
2461 4276 2937 4348 testimonium?
