3150 5000
415 248 432 306 ¹.
473 246 485 296 ἰ
619 238 660 305 6
1521 252 1964 313 memma.

549 426 698 490 ante
758 428 1194 491 commeatum
1253 426 1567 493 iusserant
1612 424 2001 512 praeparari:
2049 423 2200 492 hinc
2252 422 2460 492 malo:
2523 448 2574 491 τ
2590 447 2665 507 ρο
2682 450 2731 491 τ·
2748 448 2802 491 α
2818 448 2851 507 ρ
2879 449 2946 490 α-

555 529 1160 598 σκευασάντων.

646 741 798 832 Oap.
872 744 967 812 111
1029 744 1115 812 52
1183 767 1309 813 non
1369 746 1502 812 fero
1562 765 1712 812 saue
1777 745 1946 833 quod
2010 745 2088 813 de
2130 744 2613 813 Plataeensibus
2660 744 2947 835 legitur:

556 852 756 919 οὐκέτι
805 852 1056 935 ἔχοντες
1105 860 1273 919 σῖτον
1319 852 1449 919 οὐδὲ
1494 850 1837 939 δυνάμενοι·
1865 854 2525 935 πολιορκεῖσθαι,
2574 874 2691 920 nec
2727 860 2953 920 tamen

552 957 814 1044 proinde
875 980 1025 1026 cum
1086 957 1325 1027 Cobeto
1403 961 1603 1025 eicere
1680 961 1887 1026 ausim
1936 959 2105 1045 quod
2152 958 2485 1046 displiceat
2498 1007 2517 1039 ,
2566 980 2766 1045 quum
2820 962 2953 1025 mi-

552 1065 730 1131 nime
777 1064 1033 1132 videam
1051 1112 1068 1144 ‚
1117 1064 1284 1131 unde
1327 1065 1735 1151 interpolatio
1780 1066 2063 1152 potuerit
2109 1066 2280 1133 oriri.
2332 1065 2457 1131 Sed
2476 1114 2494 1146 ‚
2515 1049 2727 1133 ‘credo
2742 1114 2761 1146 ,
2814 1068 2950 1133 iam

556 1169 636 1236 ad
695 1176 1056 1238 extremum
1115 1178 1494 1259 perventum
1561 1171 1771 1238 fuerat
1790 1218 1807 1247 ,
1856 1192 1971 1238 nec
2020 1190 2279 1258 corpora
2324 1192 2649 1239 armorum
2697 1172 2953 1260 pondus

555 1268 823 1344 tolerare
880 1276 1206 1364 poterant:
1269 1280 1461 1343 inerit
1519 1277 1640 1345 boc
1700 1278 1806 1343 in:
1854 1278 1986 1343 οὐδὲ
2035 1277 2354 1356 δυνάμενοι
2404 1278 2557 1344 bora
2578 1274 2888 1361 Ιζεσθα
2909 1300 2949 1342 ι.

555 1380 765 1460 Hinc,
827 1384 994 1469 quod
1059 1387 1432 1451 conveniens
1493 1390 1625 1461 est,
1694 1385 2347 1470 appropinquantibus
2402 1382 2772 1471 Spartanis,
2840 1384 2952 1449 οῦκ

555 1488 850 1566 ἠδύναντο
912 1487 1294 1576 ἀμύνεσθαι,
1361 1489 1527 1576 quod
1592 1511 1760 1556 nunc
1808 1510 1933 1556 non
1974 1489 2254 1577 amplius
2300 1492 2541 1557 mirum
2589 1491 2741 1571 erit,
2792 1510 2949 1557 nam
3085 1486 3086 1567 ζ

552 1594 732 1662 vides
801 1616 1061 1663 causam
1131 1595 1384 1664 disertis
1453 1598 1667 1664 verbis
1734 1597 1933 1663 fuisse
2000 1599 2439 1683 perscriptam.
2509 1597 2658 1664 Dux
2721 1603 2945 1664 autem

553 1700 1011 1787 Spartanorum
1072 1704 1299 1770 urbem
1361 1703 1481 1787 βία
1543 1705 1651 1769 οὐκ
1711 1702 2006 1781 ἐβούλετο
2064 1703 2261 1783 ἑλεῖν,
2310 1704 2725 1786 εἰρημένον
2774 1702 2947 1784 αὐτῷ’

554 1808 624 1872 ἐκ
684 1809 1183 1888 Λακεδαίμονος,
1250 1810 1420 1895 quod
1483 1808 1815 1876 dicendum
1875 1808 2029 1875 fuit:
2082 1811 2377 1891 ἀπειρη
2396 1811 2650 1888 μένον.
2696 1808 2950 1877 Deinde

554 1915 722 2001 quod
765 1914 1160 1983 Plataeensis
1209 1919 1418 1983 orator
1464 1922 1751 1982 metuere
1798 1936 1865 1982 se
1910 1913 2233 2004 significat
2278 1916 2385 1983 ΠΙ
2432 1915 2555 1982 53:
2594 1918 2684 1995 μὴ
2723 1914 2947 1987 ἄλλοις

551 2020 738 2103 χάριν
800 2022 1100 2107 φερόντων
1162 2024 1261 2089 ἐπὶ
1328 2021 1937 2102 διεγνωσμένην
1992 2024 2182 2104 κρίσιν
2226 2020 2671 2103 καδιςῶμεθα,
2720 2028 2787 2091 et
2832 2043 2951 2109 per

551 2148 619 2195 se
663 2136 1022 2215 spectatum
1057 2131 1297 2217 requiri
1333 2130 1588 2197 videtur
1624 2129 1893 2197 verbum
1934 2128 2160 2210 προδι
2180 2130 2729 2209 εγνωσμένην,
2770 2126 2943 2216 quod

549 2242 873 2321 praeterea
929 2235 1339 2325 Thucydides
1397 2237 1735 2321 usurpavit
1795 2233 1828 2299 1
1891 2232 2001 2320 78,
2066 2241 2131 2302 et
2174 2234 2213 2302 J
2216 2236 2489 2324 osephus
2535 2238 2649 2321 qui
2692 2243 2942 2302 senten-

549 2343 712 2407 tiam
757 2328 1074 2409 imitatus*
1104 2347 1201 2409 est
1243 2343 1460 2429 Antiq.
1507 2340 1705 2409 XVII
1744 2340 1807 2407 5.
1848 2339 1890 2407 3
1927 2342 2024 2409 ita
2063 2342 2133 2407 iu
2172 2362 2289 2409 suo
2327 2340 2561 2409 Codice
2583 2342 2935 2412 invenerat.

639 2556 822 2624 Idem
879 2563 1089 2624 orator
1133 2579 1188 2624 c.
1239 2555 1357 2624 54:
1408 2555 1466 2624 εἴ
1503 2581 1563 2626 τι
1614 2553 1775 2623 ἄλλο
1820 2558 1967 2623 κατ’
2014 2555 2237 2624 ἐκεῖνον
2283 2556 2385 2622 τὸν
2429 2554 2644 2639 χρόνον
2690 2556 2937 2636 ἐγένετο

549 2663 914 2731 ἐπικίνδυνον
958 2673 1084 2738 τοῖς
1127 2661 1436 2747 Ἕλλησι,
1486 2663 1735 2730 πάντων
1781 2687 1892 2730 πα
1908 2688 1938 2742 ρ
1957 2664 2002 2729 ἃ,
2051 2663 2305 2742 δύναμιν
2352 2665 2769 2745 μετέσχομεν.
2820 2662 2937 2730 Di-

547 2779 782 2839 cuntur
821 2771 1081 2858 quidem
1120 2770 1523 2840 Plataeenses
1563 2793 1619 2836 c.
1670 2769 1792 2838 5¹7:
1842 2771 2018 2852 παρὰ
2059 2769 2316 2848 δύναμιν
2356 2767 2664 2853 πρόθυμοι
2704 2771 2767 2844 ἐς
2789 2769 2933 2842 τοὺς

542 2878 899 2964 Ἕλληνας,
939 2878 1048 2945 sed
1096 2880 1232 2944 eius
1278 2878 1406 2944 loci
1451 2875 1579 2944 alia
1625 2883 1723 2943 est
1757 2878 1923 2944 ratio
1960 2883 2026 2943 et
2062 2897 2231 2942 nuuc
2270 2879 2426 2943 satis
2463 2883 2561 2944 est
2584 2877 2933 2944 affirmare:

545 2983 798 3050 πάντων
867 2983 1083 3050 κατὰ
1150 2983 1407 3062 δύναμιν
1469 2981 1902 3062 μετέσχομεν,
1971 3003 2313 3068 possumus
2374 2984 2544 3049 enim
2608 2983 2933 3050 interdum

547 3091 790 3178 aliquid
849 3091 1070 3158 fecisse
1134 3089 1338 3157 videri
1401 3089 1573 3169 παρὰ
1619 3089 1875 3168 δύναμιν
1896 3137 1913 3168 ,
1959 3109 2076 3156 nec
2119 3109 2271 3176 vero
2318 3110 2571 3176 semper
2615 3111 2821 3176 neque
2868 3089 2935 3154 in

546 3197 862 3264 omnibus.
926 3196 1028 3264 Ad
1090 3201 1280 3283 caput
1343 3195 1430 3260 56
1477 3194 1666 3261 facile
1710 3195 2097 3281 persuadebo
2146 3216 2327 3262 nosse
2374 3217 2478 3262 me
2525 3197 2679 3282 quid
2726 3195 2935 3262 Elms·

542 3304 708 3372 leius
755 3303 1152 3370 adnotaverit
1197 3301 1280 3368 ad
1323 3299 1653 3387 Euripidis
1694 3298 2068 3367 Heraclidas
2110 3299 2245 3367 210
2282 3307 2349 3368 et
2387 3302 2543 3389 quid
2583 3301 2697 3368 alii
2733 3323 2933 3390 usque

542 3411 624 3478 ad
686 3408 1187 3477 Eutheriordum
1231 3406 1601 3492 attulerint,
1651 3412 1728 3473 ut
1771 3408 2140 3494 probarent,
2191 3405 2494 3489 ἔρχεσθαι
2529 3408 2699 3494 apud
2737 3410 2933 3476 Athe·

542 3519 793 3584 nienses
839 3521 954 3583 aut
999 3533 1139 3580 raro
1184 3518 1296 3578 aut
1337 3532 1695 3598 numquam
1736 3514 2011 3580 inveniri
2028 3561 2045 3591 ‚
2096 3513 2207 3580 sed
2244 3513 2469 3581 dubito
2506 3521 2759 3583 rectene
2796 3535 2931 3584 sese

541 3622 819 3691 habeant
877 3622 1071 3689 verba
1133 3618 1215 3686 ad
1273 3617 1651 3707 Spartanos:
1717 3623 1817 3684 νῦν
1878 3620 1991 3698 μὲν
2051 3619 2177 3698 γὰρ
2226 3618 2443 3702 ἑτέροις
2492 3616 2667 3699 ὑμεῖς
2718 3621 2932 3704 ἔοι-έρ-

539 3729 806 3813 χεσθε
850 3728 1029 3795 δεινοί
1045 3750 1061 3767 ·
1110 3726 1172 3791 ἐν
1222 3725 1425 3808 ἐκείνῳ
1471 3725 1534 3792 δὲ
1581 3727 1667 3807 τῷ
1714 3726 1899 3807 καιρῷ
1946 3723 2073 3792 οἵδε
2108 3727 2254 3804 μετ’
2294 3727 2486 3794 αὑτοῦ
2530 3723 2721 3802 ἦσαν·
2762 3733 2931 3796 corte

539 3840 596 3904 si
641 3839 672 3902 ἔ
685 3835 783 3902 τὲ
796 3858 824 3918 ρ
841 3857 938 3915 χε
954 3859 994 3900 σ
1008 3832 1059 3898 3
1074 3855 1156 3898 αι
1202 3833 1576 3920 similesque
1622 3831 1865 3899 formae
1912 3831 2103 3920 paulo
2150 3834 2433 3900 crebrius
2470 3836 2927 3916 invenirentur,

537 3964 728 4012 nemo
774 3943 842 4008 id
887 3945 1102 4028 ipsum
1147 3960 1446 4027 reponere
1481 3950 1799 4006 recusaret
1815 3984 1832 4018 ‚
1876 3938 2044 4024 quod
2083 3937 2239 4006 olim
2280 3937 2643 4006 Classenius
2681 3961 2927 4028 quoque

539 4047 1037 4118 commendarat.
1084 4045 1209 4114 Sed
1255 4052 1468 4113 tamen
1515 4047 1804 4132 sequenti
1850 4046 2093 4132 capite:
2140 4046 2205 4110 οὔ
2252 4045 2377 4126 γὰρ
2417 4046 2636 4128 ἀφανῆ
2678 4056 2927 4129 κρινεῖτε

539 4159 649 4234 τὴν
697 4155 863 4228 δίκην
909 4152 1125 4238 τήνδε,
1177 4151 1599 4230 ἐπαινούμενοι
1646 4151 1710 4218 δὲ
1754 4150 1891 4230 περὶ
1938 4149 2098 4217 οὐδ’
2148 4151 2363 4228 ἡμῶν
2408 4159 2739 4234 μεμπτῶν,
2778 4154 2925 4222 faci-

539 4261 670 4332 lius
716 4261 1012 4329 obtinebo
1055 4265 1406 4347 praestare:
1455 4258 1591 4343 περὶ
1639 4281 1669 4326 ο
1686 4259 1721 4324 ὖ
1740 4258 1897 4337 δαμ
1914 4264 1958 4324 ὦ
1975 4283 2006 4334 ς
2055 4263 2383 4338 μεμπτῶν.
