3150 5000
474 119 605 185 436
1442 133 1876 184 carpamns.

466 323 591 370 non
654 305 825 370 enim
885 303 1235 372 debuerunt
1290 305 1793 390 praetermittere
1839 303 1907 369 in
1950 303 2051 370 his
2097 304 2510 390 potissimum
2558 299 2854 368 versibus

470 408 801 480 Catullum
846 409 915 476 id
962 412 1166 499 egisse
1212 430 1290 476 ne
1334 411 1403 476 in
1448 409 1571 476 fine
1615 411 2044 500 langueretur‚
2096 409 2264 496 quod
2310 411 2612 477 evincunt
2645 407 2854 491 pacui,

467 518 677 582 insciis
692 567 711 602 ,
758 517 1026 582 omnibus
1042 564 1059 596 ,
1109 519 1172 583 vi
1210 537 1326 583 sua
1363 517 1643 602 quidque
1680 519 1962 603 positum
1982 565 2000 598 ‚
2041 515 2208 582 illud
2246 520 2466 583 autem
2491 537 2632 580 suae
2653 511 2852 600 plane

466 645 807 711 superesse.
856 624 1008 710 quid
1056 621 1223 709 quod
1266 625 1615 710 comparati
1659 623 1786 690 loci
1827 619 1956 692 197
1995 623 2256 691 ‘bonum
2295 623 2309 710 Ι
2349 641 2473 688 non
2521 619 2856 697 abscondis

467 731 793 816 amorem’,
839 728 971 799 227
1020 729 1362 797 ‘valentem
1402 731 1415 816 1
1454 735 1738 798 exercete
1783 731 2135 799 iuventam'
2188 733 2428 797 rectam
2470 725 2854 795 emendandi

466 838 899 905 demonstrant
965 839 1199 914 viam,'
1236 837 1378 916 hic,
1424 839 1592 903 sicut
1636 836 1809 922 illic,
1856 832 2292 924 proximorum
2339 855 2644 903 versuum
2691 831 2852 900 fines

466 944 740 1010 alterum
786 946 1039 1011 nomine
1057 991 1074 1023 ,
1124 942 1399 1010 alterum
1447 943 1762 1011 adieetivo
1810 946 2223 1010 terminatum
2267 945 2435 1010 inter
2481 961 2548 1008 se
2587 961 2854 1028 respon-

466 1047 651 1117 dere?
696 1053 912 1136 itaque
958 1067 1077 1117 suo
1122 1049 1571 1136 reponendum.
1621 1050 1740 1117 hoc
1785 1051 2166 1118 Baehrensio
2210 1050 2276 1115 in
2323 1050 2849 1136 interpretatione

463 1155 545 1223 ad
588 1155 801 1223 locum
847 1155 1094 1245 placere
1142 1177 1290 1224 cum
1336 1156 1573 1245 gaudio
1621 1156 1827 1225 video.

1434 1341 1674 1432 ‘LXIL
1723 1340 1832 1408 21.

824 1514 933 1598 qui
976 1516 1194 1577 natam
1242 1513 1444 1597 possis
1489 1509 1828 1597 complexu
1875 1509 2147 1578 avellere
2197 1509 2421 1576 matris

825 1619 1159 1703 complexu
1206 1619 1431 1684 matris
1474 1619 1852 1684 retinentem
1901 1615 2172 1684 avellere
2219 1623 2458 1683 natam.

460 1730 731 1814 pessime
776 1724 1056 1791 abundat
1100 1723 1338 1790 locutio
1378 1724 1545 1809 quod
1584 1723 2004 1791 Baehrensius
2044 1744 2290 1810 quoque
2330 1723 2528 1800 vidit,
2553 1727 2856 1786 reum&

458 1834 791 1900 coniciens.
862 1830 970 1895 sed
1032 1830 1231 1896 falsus
1288 1829 1461 1896 idem
1512 1829 1697 1895 ‘belle
1742 1833 1914 1896 enim
1933 1878 1948 1908 ,
1995 1831 2207 1915 inquit
2227 1877 2244 1908 ‚
2293 1831 2350 1894 si
2396 1829 2550 1914 quid
2597 1831 2812 1894 sentio
2831 1875 2849 1906 ‚

458 1941 681 2006 matris
738 1937 1107 2024 complexus
1165 1939 1301 2023 ipse
1362 1935 1598 2002 dicitur
1642 1939 1911 2003 retinere
1953 1939 2087 2003 sive
2134 1956 2258 2002 non
2301 1935 2468 2003 velle
2513 1937 2852 2002 dimittere

455 2043 655 2110 filiam
719 2064 838 2130 qna
896 2046 965 2108 in
1027 2064 1093 2109 re
1136 2045 1341 2109 maior
1384 2043 1706 2129 opprobrii
1751 2045 1850 2111 vis
1897 2064 2090 2129 quam
2138 2043 2206 2106 in
2253 2040 2392 2108 filia
2435 2041 2840 2109 reluctante’.

455 2152 573 2218 hoc
642 2151 846 2217 ‘belle’
906 2172 1097 2216 suum
1161 2152 1284 2216 sibi
1344 2151 1594 2216 habeat.
1657 2172 1808 2217 nam
1857 2151 2081 2216 ceteris
2128 2171 2252 2216 non
2299 2149 2616 2235 probabit.
2667 2151 2844 2216 unde

454 2258 627 2322 enim
672 2259 875 2322 maior
918 2256 1017 2322 vis
1062 2258 1131 2322 in
1176 2277 1303 2322 una
1347 2255 1700 2322 reluctante
1743 2277 1938 2342 quam
1984 2258 2052 2321 in
2098 2253 2390 2320 duabus?
2439 2256 2662 2322 debuit
2709 2253 2842 2321 Ga-

453 2361 657 2427 tullus
702 2361 907 2427 dicere
950 2364 1187 2428 invitas
1232 2361 1500 2427 distrahi
1545 2369 1609 2426 et
1660 2367 1933 2428 matrem
1974 2369 2038 2428 et
2075 2359 2313 2439 filiam3
2353 2367 2418 2428 et
2457 2361 2642 2426 dixit.
2681 2368 2840 2428 nata

453 2468 789 2555 complexu
848 2469 1074 2534 matris
1132 2467 1453 2547 avellitur,
1517 2470 1655 2554 ipsa
1717 2488 1966 2556 quoque
2025 2485 2415 2535 comnxtm
2476 2469 2838 2556 (complexa)

453 2578 680 2643 matris
722 2576 1017 2671 retinens.

1460 2756 1686 2826 LXIV.
1740 2759 1844 2826 11.

806 2928 921 2995 illa
966 2926 1191 2993 rudem
1238 2946 1428 2993 cursu
1474 2930 1682 3012 prima
1729 2929 1968 2994 imbuit
2013 2928 2469 3014 Amphitriten.

448 3037 521 3102 ln
583 3036 795 3101 codice
841 3035 1162 3100 oxoniensi
1210 3036 1301 3119 (ο)
1344 3034 1498 3099 haec
1544 3036 1639 3099 ita
1684 3033 1988 3121 leguntur
2033 3036 2149 3098 illa
2194 3036 2399 3099 rudem
2439 3056 2620 3099 cursu
2657 3036 2833 3118 12⁸3&

447 3142 657 3205 imbuit
716 3141 1029 3223 aphritite,
1085 3140 1399 3226 adscripto
1452 3142 1519 3204 in
1568 3142 1859 3227 margine
1905 3161 1942 3206 a
1987 3143 2195 3226 prima
2243 3162 2437 3207 manu
2469 3154 2706 3224 Ρνονᾶς
2759 3144 2832 3207 in

448 3247 659 3313 codice
705 3267 896 3332 quem
940 3268 987 3333 g
1035 3250 1261 3314 vocant
1298 3247 1414 3311 illa
1452 3248 1656 3311 rudem
1695 3270 1872 3313 cursu
1901 3248 2146 3331 p'imam
2171 3248 2382 3311 imbuit
2404 3249 2826 3332 amphitritem.

445 3355 595 3419 hinc
640 3358 817 3438 patet
859 3354 927 3417 in
973 3352 1315 3439 archetypo
1361 3373 1552 3437 quem
1601 3351 1664 3416 V
1711 3354 2042 3419 nominant
2087 3356 2397 3440 scriptum
2438 3354 2631 3419 fuisse
2663 3357 2828 3438 feci

451 3462 611 3543 (sive
645 3459 752 3541 βο
768 3459 834 3544 ᾶ)
881 3459 1199 3542 aphricae,
1248 3479 1438 3543 supra
1485 3462 1720 3543 scripto
1754 3459 1948 3543 p'ima
1991 3464 2068 3524 ut
2115 3460 2269 3545 quid
2315 3461 2400 3525 sit
2439 3461 2826 3535 imbuit‚ma·

446 3566 550 3650 gis
596 3563 1026 3651 intellegatur.
1090 3562 1384 3629 Catullus
1430 3565 1584 3651 quid
1631 3568 1949 3650 scripserit
1969 3613 1984 3643 ,
2031 3565 2204 3631 haud
2253 3564 2510 3632 difficile
2548 3576 2646 3633 est
2691 3588 2824 3633 cer-

445 3690 615 3735 nere.
680 3690 829 3736 nam
894 3669 1059 3755 quod
1118 3670 1387 3736 editores
1449 3672 1576 3736 sibi
1638 3670 1953 3736 finxerunt
2015 3672 2452 3757 Amphitriten
2520 3675 2828 3739 imbuisse

444 3797 676 3843 navem
698 3823 715 3855 ‚
778 3796 815 3843 a
869 3774 1008 3842 loco
1068 3782 1203 3843 toto
1265 3776 1548 3842 alienum
1615 3782 1728 3841 est.
1791 3777 2142 3843 admiratur
2207 3781 2378 3844 enim
2425 3778 2829 3866 Amphitrite

445 3904 708 3968 navem,
757 3887 834 3947 ut
878 3886 945 3946 in
991 3904 1053 3949 v.
1110 3882 1191 3947 15
1244 3891 1607 3968 ‘aequoreae
1656 3897 2015 3948 monstrum
2055 3884 2358 3951 Nereides
2398 3886 2825 3973 admirantes'3

446 4010 571 4056 non
618 3988 734 4054 illa
778 3988 1213 4073 Amphitriten
1231 4009 1249 4066 ;
1322 3996 1386 4054 et
1431 3991 1700 4055 verbum
1747 3989 1946 4054 inbuit
1991 4011 2100 4076 per
2149 4012 2214 4057 se
2263 3991 2382 4057 hoc
2429 3996 2583 4058 satis
2628 3996 2828 4080 sig-ni-

444 4095 608 4161 ficat.
678 4098 928 4181 itaque,
993 4094 1254 4179 expulso
1317 4094 1752 4162 additamento
1793 4098 1990 4180 prima
2007 4144 2026 4177 ,
2075 4095 2418 4185 leg-endum
2467 4104 2563 4165 est
2607 4098 2722 4165 illa
2770 4120 2824 4165 r.

446 4222 635 4267 cursu
682 4218 890 4265 PRORA
936 4200 1147 4265 inbuit
1193 4202 1658 4287 Amphitriten.
