3150 5000
536 184 665 255 398
1514 203 1923 257 Ana-nomem

529 372 639 438 Vs.
701 374 812 437 4to
874 369 1289 457 depravatum
1354 377 1450 438 est
1514 377 1691 439 τοῦτο
1710 422 1740 458 ,‚
1788 374 1955 460 quod
2002 394 2114 460 pro
2159 371 2338 451 μόνον
2385 371 2516 440 dici
2560 395 2682 439 non
2731 393 2909 458 posse

529 482 640 545 vix
696 500 853 565 opus
878 484 991 544 ‘est
1037 476 1382 555 affirmare,
1435 483 1533 562 et,
1585 481 1838 544 etiamsi
1885 486 2127 565 posset,
2182 501 2262 545 ne
2309 482 2399 546 sic
2449 480 2710 565 quidem
2757 481 2910 543 satis

529 593 678 672 apta
724 587 1087 672 procederet
1131 587 1463 651 sententia.
1513 584 1900 652 Continuata
1946 588 2226 652 oratione
2245 636 2263 671 ‚
2313 585 2822 652 rescribendum:

983 700 1293 773 τρηχεῖαι.
1344 690 1614 770 Μεγέθει
1663 691 1714 756 δ’
1762 692 1835 757 εἴ
1877 716 1948 757 τι
1991 689 2435 776 περισσότεραι,

980 805 1275 889 καρποῖς,
1324 800 1392 863 οὐ
1440 797 1776 865 σταδίοισιν
1823 798 2092 881 ἐρίζομεν
2121 822 2137 838 ·
2187 797 2318 864 κτὲ.

620 1005 737 1094 ΕΡ.
788 1004 939 1084 421,
990 1006 1031 1067 5

876 1107 967 1176 ’Ἢ
992 1109 1045 1193 ῤ’
1098 1111 1259 1188 ὑμᾶς
1310 1107 1588 1186 ἐδίδαξεν
1632 1107 1770 1176 ἕνα
1822 1110 2038 1191 τρόπον
2090 1110 2127 1186 ἦ
2165 1134 2316 1178 ποτε
2365 1111 2556 1186 λευκή

880 1225 1106 1304 Δῆλος,
1156 1216 1447 1297 ἕρημαίου
1496 1215 1781 1294 δαίμονος
1827 1218 2167 1299 άρξαριένη.

526 1325 887 1414 Rogavsrat
934 1327 1000 1389 in
1046 1312 1429 1411 praegressis
1470 1325 1846 1389 Annuus
1891 1324 2153 1391 Macedo
2199 1322 2513 1412 Cycladas
2529 1372 2546 1400 ,
2613 1343 2696 1388 an
2759 1325 2910 1388 tunc

526 1434 830 1516 temporis
900 1431 1181 1495 desertae
1242 1431 1533 1495 imitatae
1593 1431 1722 1495 sint
1781 1429 2008 1516 Siphni
2071 1439 2134 1497 et
2196 1429 2630 1517 Pholegandri
2692 1449 2908 1495 exem-

524 1538 704 1625 plum
728 1584 743 1613 ‚
814 1536 915 1602 his
985 1529 1200 1601 autem
1272 1557 1431 1621 quae
1490 1536 1791 1622 adscripsi
1859 1539 2181 1603 contendit
2242 1558 2347 1603 eas
2410 1538 2626 1621 potius
2673 1535 2908 1602 Delum

525 1648 774 1710 secutas
840 1663 992 1710 esse.
1062 1641 1522 1727 Interpretatur
1579 1642 1619 1707 J
1624 1643 1911 1709 acobsius
1973 1641 2082 1710 ἕνα
2140 1665 2253 1729 per
2313 1644 2418 1709 τὸν
2481 1641 2694 1721 αὐτόν,
2742 1643 2910 1728 quod

526 1751 785 1816 etiamsi
828 1746 1188 1837 significare
1234 1754 1478 1834 posset,
1526 1769 1650 1814 non
1714 1749 1927 1816 addito
1990 1751 2208 1818 dativo
2269 1771 2385 1816 nec
2440 1750 2680 1814 iunctis
2733 1768 2913 1813 voca-

525 1855 696 1921 bulis
760 1854 863 1919 καὶ
932 1853 1033 1920 τὸν
1092 1853 1280 1918 αὐτόν
1347 1853 1450 1921 vel
1516 1853 1621 1919 καὶ
1671 1849 1889 1935 ὅμοιον,
1941 1857 2273 1922 obscuram
2317 1861 2531 1924 tamen
2575 1854 2907 1940 praeberet

526 1962 928 2029 sententiam.
974 1960 1291 2047 Equidem
1341 1962 1700 2047 scripserim
1751 1960 2022 2040 ἐδίδαξεν
2071 1963 2196 2028 ἑὸν
2240 1962 2461 2042 τρόπον
2505 1962 2632 2026 κτὲ.

614 2181 733 2268 Ep.
797 2178 949 2245 446.
1016 2178 1322 2246 Imauus
1381 2181 1744 2266 Aegyptius
1821 2187 2226 2267 posteaquam
2301 2185 2546 2266 septem
2620 2177 2902 2246 versibus

525 2289 984 2354 demonstravit
1047 2287 1240 2351 variis
1306 2285 1563 2352 vivendi
1627 2289 1976 2354 rationibus
2039 2307 2153 2354 sua
2215 2289 2468 2373 propria
2513 2306 2650 2352 esse
2695 2283 2896 2349 oblec-

526 2399 839 2468 tamenta,
898 2397 963 2458 et
1010 2391 1242 2456 ultimo
1288 2390 1424 2456 loco
1472 2390 1640 2457 dixit
1685 2393 2006 2459 hominem
2055 2391 2400 2466 coelibem,
2451 2394 2622 2456 curis
2671 2393 2892 2476 quippe

523 2522 799 2566 vacuum
827 2552 841 2577 ,
916 2518 1111 2585 aeque
1173 2496 1424 2563 felicem
1486 2519 1620 2564 esse
1677 2503 1867 2583 atque
1930 2496 2276 2565 liberorum
2341 2502 2629 2584 patrem,
2691 2502 2889 2563 contra

524 2628 716 2693 quam
765 2612 1053 2693 expectes
1098 2606 1493 2690 poematium
1540 2604 1789 2669 claudit
1832 2604 1949 2670 hoc
1996 2626 2222 2672 versu:

944 2713 1159 2776 Ἔνθεν
1207 2710 1419 2788 θάρσος
1469 2709 1812 2797 ἔχωνΙζῶε,
1863 2712 2166 2791 Φύτευε
2216 2710 2478 2788 γένος.

523 2817 783 2906 Optimo
843 2820 1009 2883 enim
1076 2819 1213 2881 iure
1276 2818 1641 2902 praemissis
1700 2816 1836 2883 illis
1899 2824 2188 2904 expectes
2250 2818 2411 2882 hanc
2475 2817 2876 2882 sententiamz

521 2927 845 3009 Propterea
888 2944 1129 2987 securus
1176 2922 1307 2987 vive
1323 2970 1340 3000 ‚
1375 2924 1623 3009 faciens
1667 2924 1829 3009 qnod
1871 2924 2030 2988 libet.

933 3029 1152 3094 ’Ἔνθεν
1190 3028 1400 3108 θάρσος
1451 3026 1614 3112 ἔχων
1660 3029 1800 3111 ζῶε,
1853 3028 2098 3111 φύσει
2145 3054 2231 3094 τε
2277 3029 2491 3112 χρέο.

520 3141 562 3204 i.
614 3160 667 3204 e.
739 3145 797 3202 οι
848 3136 1024 3218 qenio
1070 3135 1331 3216 indulqe.
1396 3135 1605 3201 Notus
1651 3142 1747 3201 est
1793 3137 2090 3202 omnibus
2138 3154 2357 3203 versus
2402 3135 2886 3221 Aristophaneus

520 3251 679 3325 χρῶ
730 3252 821 3325 τῇ
868 3242 1155 3325 φύσει,
1209 3240 1461 3325 σκίρτα,
1523 3241 1730 3319 γέλα,
1784 3240 1987 3321 νόμιζε
2038 3242 2223 3320 μηδὲν
2273 3241 2554 3324 αἰσχρόν.
2619 3240 2889 3307 Ultimae

522 3351 1005 3437 epigrammatis
1050 3347 1305 3414 litterae
1346 3349 1583 3434 partim
1624 3347 1928 3416 evanidas
1976 3369 2014 3414 a
2052 3348 2332 3414 librariis
2370 3369 2448 3415 ex
2473 3350 2735 3437 ingenio
2755 3366 2892 3430 sup·

525 3457 733 3544 pletas
780 3476 914 3521 esse
958 3454 1278 3521 videntur.

612 3669 731 3757 Ep.
782 3667 913 3734 482

795 3774 1115 3841 Οὐτιδανοὶ
1163 3774 1465 3855 μερόπων,
1513 3776 1567 3841 εἰ
1617 3775 1722 3841 καὶ
1770 3775 1950 3855 μέγα
1995 3772 2240 3859 ῥέζομεν
2293 3772 2488 3857 ἔργον,

883 3881 1106 3953 οὔτινος
1156 3884 1241 3953 εἷς
1292 3883 1537 3960 μνήμην
1589 3881 1757 3963 δηρὸν
1806 3881 2218 3964 ἐπερχόμεθα·

794 3988 843 4053 οἱ
892 3988 945 4053 δ’
994 3989 1259 4066 arabat,
1312 3988 1419 4064 κῆν
1467 3990 1678 4074 μηδὲν,
1726 3989 2151 4055 ἀναπνεύσωσι
2201 3990 2262 4055 δὲ
2312 3994 2551 4070 μοῦνον,

881 4098 959 4166 ὡς
1007 4096 1213 4173 Λιβὺς
1257 4090 1425 4160 εἶπεν
1472 4097 1646 4176 άνήρ,
1693 4095 1864 4162 τοῦτ’
1913 4096 2336 4174 άδάμαντι
2382 4098 2576 4176 μένει.

520 4204 589 4270 Si
652 4204 839 4270 hodie
898 4202 1060 4267 illud
1130 4205 1266 4269 sive
1328 4200 1713 4269 Callimachi
1775 4204 1909 4269 sive
1965 4202 2401 4269 Eratosthenis
2448 4202 2698 4269 dictum
2744 4196 2888 4266 alibi

518 4319 827 4391 exstaret,
892 4312 995 4375 vix
1060 4309 1282 4375 dubito
1344 4310 1497 4393 quin
1550 4310 1688 4375 eius
1736 4330 1850 4394 ope
1897 4308 2002 4375 hic
2051 4310 2382 4375 restituere
2426 4306 2688 4389 liceret,
2734 4302 2888 4395 quod
