3150 5000
1149 118 1164 157 l

1222 278 1646 329 ruucrnmns.
2026 218 2031 225 Ι
2505 262 2629 329 101

337 446 568 513 Risum
615 452 878 514 movent
925 446 1222 533 Spartani
1270 469 1326 513 c.
1375 445 1462 513 85
1510 446 1733 515 classis
1770 447 2165 533 praefectum
2203 447 2495 514 iubentes
2519 446 2638 513 ἄλ-

246 570 358 630 λην
423 553 790 633 ναυμαχίαν
854 553 1164 633 βελτίω
1227 553 1851 635 παρασκευάζεσθαι,
1919 561 1983 620 et
2028 556 2165 621 sine
2210 555 2639 621 controversia

246 683 469 729 verum
537 670 632 729 est
694 661 1061 739 βέλτιον.
1148 661 1454 727 Phormio
1515 668 1731 728 autem
1800 662 2083 727 Athenas
2146 664 2355 727 mittit
2418 661 2637 729 literas

245 770 381 849 περὶ
427 777 540 843 τῆς
593 768 963 849 ναυμαχίας
1013 760 1081 843 ἣν
1129 770 1440 847 ἐνίκησαν,
1483 768 1599 834 ubi
1636 767 1983 856 singularis
2004 789 2313 835 numerus
2334 773 2635 854 praestat.

247 874 472 962 Capite
521 874 606 943 87
655 875 843 941 valde
889 875 1202 962 impedita
1249 882 1344 941 est
1393 877 1585 941 tertia
1622 874 2057 963 paragraphus
2073 921 2090 953 ‚
2134 894 2325 959 quam
2352 879 2427 939 ut
2448 874 2638 941 intel·

243 982 596 1071 ligeremus
643 982 722 1051 ab
771 984 1149 1047 coniecturis
1193 984 1465 1047 minime
1510 983 1724 1067 potuit
1771 982 2073 1047 abstineri
2112 987 2178 1047 et
2214 1001 2419 1067 nuper
2441 982 2640 1047 etiam

245 1085 522 1157 Cobetus
570 1090 795 1154 Mnem.
843 1087 1032 1155 XIX.
1089 1086 1218 1153 118
1265 1087 1346 1153 de
1393 1108 1467 1153 eo
1513 1087 1653 1155 loco
1699 1088 1851 1177 egit.
1924 1087 2041 1153 Est
2088 1094 2305 1155 tamen
2350 1087 2639 1155 animad-

244 1195 622 1261 vertendum
673 1192 1184 1261 Cantacuzenum
1230 1194 1312 1260 11.
1365 1194 1408 1261 6
1450 1193 1751 1281 pleraque
1794 1194 1940 1261 inde
1984 1196 2183 1261 fuisse
2228 1202 2639 1285 mutuatum,

245 1304 340 1368 ita
385 1310 460 1368 ut
508 1308 808 1388 appareat
853 1322 1000 1367 eum
1049 1301 1180 1367 sere
1227 1304 1412 1387 sequi
1457 1301 1709 1367 easdem
1759 1299 2089 1379 lectiones,
2132 1322 2293 1388 quae
2315 1304 2383 1366 in
2407 1302 2640 1367 nostris

245 1407 431 1476 libris
480 1417 632 1475 sunt
653 1456 670 1487 ‚
706 1416 1147 1496 praeterquam
1187 1407 1357 1494 quod
1397 1411 1466 1473 in
1499 1407 1627 1474 fine
1648 1410 1933 1486 γενέσθαι
1961 1407 2193 1475 habeat
2218 1429 2331 1495 pro
2355 1409 2639 1489 ὀφθῆναι.

337 1622 487 1689 Scio
533 1623 793 1709 quidem
843 1622 1288 1709 Thucydidem
1335 1622 1659 1689 interdum
1708 1625 1906 1689 situm
1954 1622 2243 1689 locorum
2292 1624 2639 1712 explicare,

245 1752 360 1797 nec
408 1737 626 1795 tamen
674 1732 891 1795 minus
937 1736 1086 1794 sunt
1131 1729 1442 1814 quaedam
1493 1731 1571 1795 de
1617 1730 1737 1795 hoc
1782 1750 2013 1817 genere
2056 1731 2223 1817 apud
2262 1752 2411 1797 eum
2454 1732 2641 1806 adno-

247 1840 522 1904 tationes
571 1844 704 1902 tam
753 1835 1027 1922 pueriles
1046 1885 1063 1919 ,
1105 1842 1179 1900 ut
1217 1838 1484 1902 minime
1520 1837 1777 1903 videam
1817 1836 2133 1923 quomodo
2158 1837 2423 1904 debeam
2451 1841 2638 1905 tueri.

249 1942 467 2010 Veluti
516 1943 594 2008 ad
643 1940 726 2007 II.
775 1940 862 2006 93
908 1946 1016 2007 τοῦ
1067 1948 1358 2023 Πειραιῶς
1408 1942 1823 2009 adscribitur:
1872 1946 1978 2008 τοῦ
2026 1944 2269 2021 λιμένος
2311 1946 2429 2008 τῶν
2464 1945 2642 2020 Ἀθη-

251 2050 430 2115 ναίων
481 2056 545 2115 et
593 2054 742 2115 sunt
788 2048 916 2115 alia
961 2048 1174 2115 multa
1217 2070 1343 2116 non
1392 2052 1608 2114 minus
1655 2051 2013 2116 manifesta.
2062 2051 2373 2139 Legimus
2397 2074 2453 2117 c.
2476 2052 2526 2119 1.
2552 2050 2641 2119 29

251 2158 328 2222 de
391 2158 616 2223 Actio:
684 2152 752 2220 οὗ
813 2158 882 2221 τὸ
945 2157 1094 2237 ἱερὸν
1160 2160 1266 2221 τοῦ
1319 2156 1708 2229 Ἀπόλλωνός
1759 2156 1921 2235 ἕςιν,
1970 2158 2068 2225 ἐπὶ
2117 2160 2203 2237 τῷ
2252 2158 2485 2237 ςόματι
2532 2164 2641 2225 τοῦ

253 2262 688 2343 Ἀμπρακικοῦ
753 2261 982 2327 κόλπου
1005 2311 1021 2338 ,
1085 2262 1193 2328 sed
1241 2261 1486 2347 aliquot
1533 2262 1803 2329 saeculis
1848 2268 1993 2350 post
2038 2264 2485 2351 Thucydidem
2530 2265 2645 2333 illa

252 2369 572 2456 Apollinis
619 2370 804 2435 aedes
849 2368 1151 2435 inclaruit
1198 2374 1263 2435 et
1310 2369 1634 2436 diversum
1684 2369 2001 2458 templum
2050 2376 2145 2436 est
2190 2371 2357 2456 quod
2402 2393 2645 2441 memo-

252 2482 426 2543 ratur
475 2474 588 2542 ΙΙΙ.
639 2474 746 2540 94.
818 2458 1162 2542 Adnotatio
1209 2476 1286 2542 de
1334 2472 1785 2563 cephalleniae
1831 2478 2098 2544 urbibus
2135 2477 2217 2544 II.
2262 2478 2351 2546 30
2389 2478 2468 2545 ad
2505 2500 2643 2545 rem

251 2584 414 2649 nihil
466 2586 760 2669 pertinet.
809 2582 1120 2649 Laurium
1166 2603 1385 2649 omnes
1431 2590 1659 2649 norant
1704 2591 1769 2650 et
1806 2585 1991 2670 plane
2029 2584 2350 2650 inutiliter
2389 2586 2647 2652 additur

254 2690 334 2755 H.
386 2691 510 2756 55:
565 2685 635 2753 οὗ
681 2691 1022 2769 τάργύρεια
1068 2688 1368 2765 μέταλλα
1418 2693 1542 2757 ἐςιν
1590 2691 1951 2765 ’Λθηναίοις.
2001 2689 2172 2756 Satis
2209 2690 2333 2756 fuit
2372 2692 2645 2758 scribere

253 2794 331 2861 II.
387 2796 511 2862 56:
578 2792 796 2872 ἔτεμον
856 2800 966 2871 τήν
1026 2820 1096 2860 τε
1158 2794 1516 2877 Τροιζηνίδα
1579 2803 1699 2874 γῆν
1748 2796 1852 2860 καὶ
1903 2797 2011 2869 σὺν
2060 2796 2331 2862 Ἀλιάδα
2374 2796 2481 2862 καὶ
2532 2800 2641 2872 τὴν

253 2903 642 2984 Ἑρμιονίδα·
712 2911 969 2969 erantne
1027 2901 1424 2990 Thucydidis
1482 2902 1748 2969 lectores
1809 2901 2137 2972 docendiz.
2174 2901 2263 2972 ἔςι
2316 2904 2379 2970 δὲ
2425 2903 2643 2970 πάντα

257 3015 463 3076 ταῦτα
517 3010 936 3075 ἐπιθαλάσσια
983 3017 1094 3084 τῆς
1146 3006 1647 3086 Πελοποννήσουῗ
1696 3005 1970 3074 Cuinam
2018 3008 2182 3075 utile
2230 3012 2535 3097 estquod
2568 3015 2644 3078 de

260 3117 583 3206 Zacyntho
633 3117 944 3204 legimus,
997 3136 1130 3182 esse
1178 3114 1453 3181 insulam
1509 3106 1544 3187 ἣ
1594 3121 1796 3180 κεῖται
1844 3115 2177 3196 ὦντιπέρας
2216 3115 2509 3195 Ἤλιδος,
2559 3118 2641 3185 11.

261 3221 384 3288 66?
431 3222 938 3309 Intelligendum
985 3243 1119 3288 esse
1167 3223 1448 3289 Pontum
1489 3221 1816 3287 Euxinum
1844 3219 2079 3298 11.96,
2108 3229 2329 3308 sponte
2353 3231 2641 3311 apparet:

261 3332 366 3404 τὴν
432 3333 542 3394 τοῦ
602 3327 890 3406 Εὐξείνου
950 3329 1171 3394 πόντου
1223 3329 1414 3394 verba
1460 3330 1657 3393 etiam
1704 3331 1843 3413 ipsa
1890 3328 2035 3394 sede
2086 3339 2484 3418 arguuntur,
2530 3353 2646 3399 nec

259 3435 526 3513 dicitur,
589 3438 690 3501 uti
748 3438 1005 3520 opinor,
1053 3436 1345 3500 θάλασσα
1393 3439 1500 3498 τοῦ
1550 3433 1837 3512 Εὐξείνου
1884 3433 2129 3501 πόντου.
2202 3436 2417 3503 Aliam
2466 3442 2637 3505 eius-

265 3543 586 3609 demmodi
649 3543 1120 3608 adnotationem
1181 3544 1310 3606 iam
1375 3541 1867 3607 Valckenaerius
1928 3543 2112 3628 eiecit
2171 3543 2297 3609 111.
2348 3543 2472 3630 88,
2521 3567 2647 3633 qua

266 3649 340 3714 de
384 3670 453 3717 re
503 3647 812 3717 Cobetum
861 3649 1072 3714 confer
1121 3649 1341 3712 Mncm.
1391 3646 1579 3714 XIX.
1627 3646 1779 3713 143.
1829 3647 2027 3714 Plane
2064 3670 2526 3734 supervacanea
2549 3658 2646 3719 est

267 3754 347 3820 de·
397 3756 559 3820 freto
619 3753 836 3820 Siculo
891 3754 1217 3821 adnotatio
1261 3753 1374 3819 IV.
1423 3754 1534 3819 24.
1606 3753 1847 3841 Pylum
1895 3759 1962 3820 in
2008 3755 2329 3823 Messenia
2372 3777 2507 3826 esse
2554 3762 2645 3825 si-

265 3867 434 3939 tum,
490 3863 601 3929 IV.
647 3862 768 3939 41,
819 3864 951 3927 iam
1007 3863 1162 3927 satis
1207 3881 1524 3926 noramus.
1573 3859 1867 3960 Tertium
1914 3862 2157 3950 legitur
2202 3863 2315 3928 ubi
2362 3865 2645 3932 Anacto-

265 3967 432 4032 rium
492 3970 687 4035 fuerit
747 3967 861 4034 IV.
911 3966 996 4032 49
1059 3973 1124 4032 et
1187 3978 1337 4032 sunt
1396 3966 1526 4033 alia
1583 3969 1882 4054 fortasse,
1931 3968 2009 4035 de
2058 3969 2291 4054 quibus
2336 3991 2461 4037 non
2507 3978 2643 4039 tam

267 4071 506 4158 liquido
554 4081 820 4141 constat.

364 4287 686 4368 Quantum
748 4291 1028 4376 comperi
1049 4338 1066 4366 ,
1127 4288 1523 4376 Thucydidis
1586 4287 1841 4354 Scholia
1885 4290 2060 4355 haud
2105 4289 2388 4356 multum
2437 4292 2647 4358 confe-

276 4408 420 4460 runt.
481 4397 558 4464 ad
621 4403 870 4464 textum
929 4396 1162 4463 melius
1222 4395 1739 4463 constituendum
1759 4443 1775 4474 ,
1838 4395 1948 4462 sed
2005 4403 2102 4462 est
2161 4403 2377 4463 tamen
2424 4417 2647 4483 operae
