3150 5000
571 277 706 344 240
1606 294 1917 344 sums.

579 465 826 541 μᾶλλον
873 460 1213 538 πείθονται,
1271 498 1370 516 --
1405 458 1506 532 οὓς
1552 462 1606 526 δ’
1654 459 1731 526 ἂν
1776 459 1975 536 &Bm-
2024 461 2229 540 ὁρῶσιν
2272 461 2322 526 οἱ
2370 456 2662 538 ἄνθρωποι
2708 455 2818 524 κᾶν
2852 455 2925 520 τὰ

575 568 1078 646 συμβουλεύωσιν
1125 571 1189 634 οὐ
1238 567 1567 632 munem.

667 673 906 759 Supple
929 680 995 740 et
1017 674 1318 741 emenda:
1346 673 1464 740 κᾶν
1485 674 1570 740 τοὶ
1590 675 1932 738 ”APICTA
1956 673 2461 752 συμβουλεύωσιν
2482 675 2549 738 οὔ
2576 669 2921 736 πεΙθΟΤσιν.

665 888 844 954 [Pom.
911 885 1116 953 XVII.
1177 887 1240 952 2.
1289 907 1435 973 pag.
1493 885 1622 950 144
1670 907 1804 971 sqq.
1850 886 1931 952 ad
1975 886 2167 952 verba
2212 885 2656 971 Hippocratis:
2703 883 2921 960 εἵσοδοι,

572 995 782 1073 λόγοι,
847 1001 1074 1074 σχῆμα
1099 1045 1118 1068 ,
1189 991 1360 1066 {adhc
1419 995 1506 1073 τῷ
1553 998 1856 1076 νοσοῦντι,
1904 993 2079 1072 mum}
2102 1040 2118 1071 ,
2162 991 2419 1071 ὄνυχες,
2466 994 2693 1070 ὀσμαί,
2740 990 2923 1058 multa

571 1103 901 1166 annotavit
962 1097 1312 1185 Galenus,·
1347 1099 1516 1165 unde
1582 1099 1975 1165 medicorum
2036 1100 2161 1184 ipsi
2224 1098 2588 1184 aequalium
2638 1119 2831 1165 mores
2868 1103 2923 1162 et

571 1209 946 1292 praesertim
993 1209 1156 1272 vitia
1194 1213 1680 1294 cognoscuntur.
1742 1206 2163 1291 Hippocrates
2180 1255 2199 1288 ,
2238 1207 2380 1291 (aut
2413 1208 2795 1290 quicumque
2824 1205 2925 1270 has

569 1313 834 1378 lacinias
895 1312 1187 1398 collegit)
1250 1313 1589 1380 manifesto
1650 1313 1925 1378 ostendit
1992 1331 2153 1398 quae
2220 1317 2427 1377 essent
2496 1311 2729 1376 medici
2791 1329 2926 1396 erga

572 1425 972 1505 aegrotantes
1017 1417 1237 1483 officia.
1313 1416 1607 1489 Primum
1650 1421 1828 1502 ponit
1866 1418 1984 1489 τὰς
2022 1417 2284 1488 εἰσόδους
2303 1465 2319 1494 ,
2362 1436 2488 1503 quo
2527 1423 2711 1501 pacto
2749 1415 2927 1480 medi·

569 1545 717 1590 cum
781 1525 861 1589 ad
919 1529 1210 1612 aegrotos
1256 1527 1516 1589 introire
1561 1530 1870 1610 oporteat.
1938 1523 2039 1590 Ad
2086 1524 2241 1590 haec
2288 1522 2600 1590 Galenus:
2649 1523 2831 1604 ἰατροὶ
2871 1521 2927 1588 δέ

570 1629 727 1701 τινές
775 1631 924 1695 εἰσιν
970 1622 1024 1695 οἳ
1072 1631 1265 1710 μέχρι
1314 1629 1602 1695 τοσούτου
1648 1631 2047 1709 μωραίνουσιν
2091 1632 2168 1701 ὦς
2217 1629 2321 1694 καὶ
2375 1637 2500 1703 τοῖς
2558 1629 2929 1708 κοιμωμένοις

571 1737 900 1801 ἐπεισιέναι
947 1736 1119 1814 μετὰ
1168 1735 1377 1818 ψόφου
1426 1737 1620 1802 ποδῶν
1642 1783 1658 1814 ,
1704 1743 1912 1816 φωνῆς
1959 1734 2228 1817 μείζονος
2252 1785 2269 1812 ,
2322 1735 2435 1816 ὑφ’
2488 1732 2565 1802 ὦν
2604 1736 2791 1802 ἔνιότε
2826 1738 2929 1802 διε-

571 1844 883 1923 γερθέντες
929 1844 983 1908 οἱ
1033 1847 1336 1914 νοσοῦντες
1385 1843 1826 1920 ἀγανακτοῦσί
1862 1866 1933 1907 τε
1974 1841 2119 1922 πρὸς
2161 1842 2387 1913 αὐτοὺς
2425 1842 2528 1907 καὶ
2569 1841 2929 1922 βεβλάφθαι

569 1950 657 2014 τὰ
702 1949 944 2027 μέγιςιὲ
994 1954 1210 2028 Φασιν.
1276 1948 1673 2014 Incredibilis
1708 1949 1837 2014 fere
1874 1956 1971 2014 est
2010 1948 2163 2014 haec
2204 1951 2640 2036 arrogantium
2681 1949 2931 2015 homun-

569 2057 826 2120 cionum
887 2057 1374 2139 importunitas,
1433 2057 1500 2119 in
1563 2075 1835 2139 quorum
1896 2075 2161 2120 numero
2222 2060 2432 2132 erant,
2479 2054 2723 2120 Romae
2766 2075 2929 2140 prae—

567 2164 786 2227 sertim
810 2209 826 2238 ,
889 2161 1242 2227 medicinae
1300 2160 1488 2247 plane
1548 2162 1873 2246 imperiti,
1935 2162 2169 2245 quibus
2212 2161 2611 2248 impudentia
2656 2167 2791 2227 erat
2830 2181 2931 2246 pro

567 2274 722 2332 arte.
796 2267 890 2332 De
961 2267 1341 2333 methodicis
1409 2267 1792 2352 quibusdam
1864 2267 2089 2341 scribit
2159 2263 2441 2332 Galenus
2509 2267 2691 2332 Tom.
2760 2265 2927 2332 XIII.

573 2370 738 2438 11¹7:
789 2370 1002 2436 οὐδένα
1049 2375 1176 2452 γὰρ
1223 2369 1378 2437 εἶδον
1427 2374 1549 2450 ἐγὼ
1598 2370 1867 2437 σωθέντα
1913 2377 2029 2436 τῶν
2076 2373 2164 2444 εἰς
2211 2376 2475 2438 τοιοῦτον
2512 2372 2717 2451 ἰατρὸν
2753 2373 2929 2449 ἐμοι-ε·

567 2479 812 2545 σόντων.
875 2485 942 2545 et
1001 2479 1150 2545 tah‘s
1213 2484 1348 2545 erat
1403 2485 1536 2546 tota
1600 2480 1635 2554 ἧ
1693 2485 1808 2544 τῶν
1861 2479 2255 2546 Θεσσαλείων
2302 2479 2441 2545 ὄνων
2484 2479 2689 2557 α’γέλη
2735 2477 2931 2545 iudice

568 2583 811 2652 Galeno
860 2584 1042 2652 Tem.
1090 2585 1348 2652 XVIII.
1399 2586 1458 2653 1.
1507 2607 1655 2673 pag.
1705 2584 1861 2653 2¹74.

659 2692 944 2758 Secundo
991 2691 1130 2758 loco
1176 2698 1496 2776 ponuntur
1542 2691 1753 2770 λόγοι,
1796 2692 1873 2758 de
1912 2692 2143 2776 quibus
2184 2692 2598 2758 memorabile
2639 2698 2737 2759 est
2774 2690 2928 2778 quod

569 2797 849 2865 Galenus
896 2798 1054 2863 dicit
1099 2800 1386 2883 oportere
1430 2818 1576 2885 pag.
1633 2797 1796 2863 148:
1849 2799 1898 2863 εἶ
1948 2798 2414 2877 πεπαιδευμένῳ
2460 2797 2809 2876 διαλέγοιτό
2848 2819 2929 2867 τις

568 2905 733 2984 ἀνδρὶ
786 2905 957 2981 μετὰ
1010 2908 1113 2967 τοῦ
1163 2907 1250 2981 μὴ
1300 2904 1653 2984 σολοικίζειν
1700 2928 1771 2968 τε
1823 2905 1926 2968 καὶ
1967 2901 2367 2985 βαρβαρίζειν
2410 2904 2511 2967 καὶ
2554 2905 2683 2984 γὰρ
2723 2905 2789 2968 ἐκ
2830 2904 2930 2967 τῶν

567 3011 848 3076 τοιούτων
913 3008 1440 3091 εὐκαταφρόνητοι
1487 3018 1615 3079 τοῖς
1662 3010 1993 3085 κάμνουσιν
2040 3012 2093 3076 οἶ
2142 3010 2333 3089 ἰατροὶ
2382 3014 2731 3091 φαίνονται.
2799 3010 2931 3076 Non

567 3119 726 3183 satis
787 3119 1072 3203 cogitant
1131 3116 1444 3203 philologi
1499 3117 1761 3201 quidam
1826 3137 2016 3202 quam
2074 3116 2244 3182 male
2304 3124 2369 3181 et
2428 3118 2659 3182 vitiose
2716 3114 2931 3182 Galeni

567 3220 860 3306 aequales
908 3218 1146 3287 Graece
1190 3222 1599 3308 loquerentur
1618 3269 1634 3300 ,
1683 3242 1953 3307 quorum
2002 3222 2256 3289 sordida
2302 3224 2505 3288 oratio
2558 3221 2932 3287 soloecismis

569 3331 635 3392 et
697 3326 1103 3391 barbarismis
1165 3328 1464 3393 scatebat.
1551 3325 1837 3393 Galenus
1896 3331 2060 3413 ipse,
2114 3331 2225 3413 qui
2270 3330 2395 3392 sibi
2438 3328 2517 3399 in,
2554 3348 2631 3393 ea
2676 3349 2743 3393 re
2788 3327 2932 3393 satis

564 3432 774 3519 placet
835 3434 896 3497 ἐν
959 3441 1084 3503 τοῖς
1133 3434 1251 3498 τῶν
1299 3439 1582 3498 παλαιῶν
1630 3434 2099 3514 συγγράμμασι
2149 3433 2551 3515 διατραφείς,
2602 3436 2672 3498 in
2718 3432 2933 3497 multis

515 3580 520 3585 -
565 3539 909 3605 admodum
974 3539 1374 3626 negligenter
1425 3540 1835 3624 depravatam
1884 3539 2248 3625 aequalium
2297 3542 2613 3615 συνήθειαν
2660 3541 2932 3624 sequitur

565 3652 632 3710 et
670 3646 938 3710 subinde
975 3646 1173 3710 iactat
1207 3647 1514 3709 dummodo
1552 3646 1928 3727 intecciyatur
1964 3646 2125 3725 quod
2150 3647 2321 3731 ‘dicat
2358 3647 2431 3709 id
2466 3669 2587 3711 eece
2622 3646 2744 3709 sibi
2776 3648 2927 3708 sabis.

563 3751 776 3825 Quam
839 3753 1072 3817 vitiosa
1133 3753 1221 3815 sit
1281 3750 1510 3816 Galeni
1574 3753 1775 3817 oratio
1838 3758 1902 3817 et
1957 3753 2268 3836 exemplis
2314 3750 2771 3837 complusculis
2809 3754 2926 3817 iam

563 3856 956 3921 ostendimus
1003 3863 1066 3921 et
1109 3856 1271 3922 alias
1317 3856 1394 3922 de
1439 3858 1753 3923 industria
1798 3858 2023 3923 multis
2068 3858 2379 3944 exemplis
2426 3858 2847 3923 ostendemus.
3011 3851 3013 3853 ’

655 3960 898 4027 Deinde
956 3965 1138 4047 ponit
1201 3962 1623 4047 Hippocrates
1684 3972 1910 4042 σχῆμα
1974 3964 2279 4049 docetque
2338 3962 2495 4048 quid
2552 3965 2637 4028 sit
2696 3962 2927 4029 medico

565 4067 918 4147 εὔσχημον,
983 4069 1136 4153 quid
1199 4066 1512 4148 ἄσχημον.
1599 4067 1916 4154 Graphice
1978 4071 2279 4135 describit
2326 4069 2687 4153 aequalium
2736 4066 2927 4133 medi·
2982 4083 3070 4170 'r‘

565 4193 783 4239 corum
841 4176 904 4237 in
970 4194 1044 4239 ea
1104 4195 1170 4239 re
1217 4176 1404 4251 vitia,
1456 4195 1725 4260 quorum
1778 4175 1907 4240 ἔνιοι
1955 4177 2068 4251 μὲν
2114 4176 2563 4251 ἀνατεταμένοι
2614 4176 2717 4239 καὶ
2766 4186 2923 4238 raa·
2988 4174 3014 4232 f‘

563 4286 690 4351 τεῖς
754 4279 984 4344 siclae}
1047 4304 1116 4343 τε
1181 4281 1284 4344 καὶ
1350 4280 1745 4362 καθέζονται,
1798 4281 1931 4346 ἔνιοι
1980 4282 2044 4347 δὲ
2093 4281 2625 4362 διατεθρυμμένοι,
2676 4281 2826 4351 ,τινὲς
2873 4271 2922 4339 δ’
2986 4293 3071 4380 ςῆη

562 4385 982 4466 ἐγκεκυφότες
1028 4386 1134 4451 καὶ
1183 4388 1480 4452 ταπεινοί.
2990 4367 3037 4458 2
