3150 5000
1249 259 1648 310 monorus.
2513 243 2640 312 137

291 427 435 490 enim
470 446 543 490 ex
577 428 717 512 ipso
755 447 879 491 usu
916 426 1097 494 verbi
1130 425 1690 503 συγκαταθάπτων
1729 427 1860 492 iam
1900 432 2159 513 apparet
2197 451 2315 492 non
2354 435 2641 492 crematae

287 529 457 596 fuisse
496 530 791 598 Melissae
831 537 1040 599 vestes
1060 580 1077 612 ,
1118 536 1335 618 itaque
1381 533 1610 600 falsam
1659 553 1792 600 esse
1839 537 2268 600 coniecturam
2309 531 2636 612 caym-›²0⁶-

288 636 593 702 καυθέντων
662 645 727 703 et
797 658 1012 704 veram
1083 638 1375 704 codicum
1421 640 1804 724 scripturam
1852 642 1916 704 οὐ
1967 639 2496 706 κατακαυθέντων.
2569 640 2641 708 Si

285 745 463 830 igitur
521 749 728 812 vestes
788 745 1155 810 combustae
1216 766 1339 811 non
1349 746 1367 784 '²
1406 748 1666 812 fuerunt
1686 792 1703 824 ‚
1764 746 2092 836 probabile
2137 753 2232 811 est
2275 753 2641 834 pervetusto

284 869 465 928 more,
530 850 607 915 de
669 871 794 934 quo
856 849 1225 915 consulatur
1285 849 1386 916 W.
1451 850 1697 939 Helbig
1757 853 1826 916 in
1896 850 2214 936 praeclaro
2259 871 2444 936 opere
2493 855 2647 932 „dae

283 957 641 1023 Homer-ischa
698 979 832 1040 epos
890 980 1001 1022 aue
1061 958 1176 1021 deu
1239 957 1644 1022 Denkmdlern
1707 958 2028 1023 erlaia‘tert”
2087 981 2152 1044 p.
2215 957 2301 1025 89
2350 980 2482 1046 sqq.
2501 1006 2517 1037 ‚
2565 981 2646 1026 ne

280 1061 555 1130 Melissae
592 1064 851 1148 quidem
894 1083 1119 1148 corpus
1159 1068 1630 1130 concrematum
1669 1064 1864 1130 fuisse
1903 1064 2011 1130 sed
2051 1065 2304 1152 integro
2343 1065 2644 1134 cadavere

280 1169 619 1236 humatum.
690 1168 801 1236 Sic
859 1169 1045 1236 facile
1104 1167 1493 1257 intelligitur
1538 1171 1717 1255 queri
1762 1169 2056 1236 Melissae
2101 1171 2399 1237 umbram
2419 1220 2436 1255 ,
2485 1191 2645 1256 quae

280 1279 476 1342 statim
524 1277 857 1342 defunctae
904 1296 1131 1362 corpus
1177 1275 1575 1363 reliquisset,
1626 1275 1882 1342 nullum
1933 1277 2056 1342 sibi
2105 1298 2295 1343 usum
2335 1299 2474 1344 esse
2506 1298 2648 1343 ves-

280 1386 705 1462 timentorum,
755 1385 989 1469 quippe
1036 1403 1197 1467 quae
1243 1404 1391 1449 cum
1438 1402 1694 1468 corpore
1741 1403 1856 1448 suo
1903 1382 2090 1448 humi
2137 1385 2390 1449 condita
2433 1386 2501 1449 in
2546 1403 2645 1449 se-

276 1487 470 1574 pulcro
518 1494 882 1565 manerent,
930 1508 1046 1553 nec
1094 1488 1427 1554 combusta
1462 1491 1746 1556 animam
1791 1509 1975 1554 suam
2019 1489 2088 1554 in
2126 1489 2358 1554 inferos
2394 1489 2646 1556 descen-

277 1595 510 1660 dentem
567 1597 861 1661 comitari
920 1614 1043 1660 non
1091 1597 1465 1680 potuissent.
1514 1595 1687 1664 Fieri
1733 1600 1943 1680 potest
1989 1599 2066 1660 ut
2113 1602 2370 1662 vetuste.
2413 1596 2647 1662 fabella

276 1701 545 1769 ostendat
589 1703 773 1767 nobis
810 1702 1434 1789 argumentationem
1472 1721 1692 1767 eorum
1735 1703 1846 1786 qui
1887 1703 2409 1787 antiquissimum
2450 1701 2640 1767 illum

276 1814 330 1872 et
368 1811 667 1875 rariorem
716 1806 1061 1894 sepeliendi
1107 1828 1351 1873 morem
1400 1809 1851 1892 improbarent.
1911 1805 2077 1872 Utut
2123 1813 2252 1894 est,
2294 1810 2647 1875 combustis

274 1912 475 1980 deinde
538 1916 721 1980 iussu
776 1913 1104 1979 Periandri
1170 1919 1603 1978 matronarum
1645 1909 2145 1998 ‘Corinthiarum
2209 1934 2364 1998 quas
2425 1917 2486 1979 ei
2535 1914 2645 1980 de-

274 2024 531 2086 traxerat
580 2007 864 2086 vestib'us
912 2040 1037 2086 non
1082 2018 1255 2084 nuda
1297 2021 1569 2097 mansit,
1614 2023 1688 2089 ut
1727 2018 1978 2086 Nabero
2015 2018 2274 2087 videtur
2290 2068 2310 2104 ,
2349 2018 2647 2086 Melissae

271 2126 517 2204 umbra,
582 2125 695 2192 sed
754 2128 952 2191 etiam
1015 2125 1277 2190 calidior
1340 2125 1511 2190 facta
1574 2131 1670 2190 est
1727 2130 1792 2190 et
1837 2127 2114 2191 ornatior
2160 2145 2352 2210 quam
2404 2147 2472 2190 se
2517 2126 2649 2191 fore
2687 2145 2692 2148 ·

272 2237 645 2315 speraverat,
698 2230 1057 2317 meliusque
1103 2233 1194 2297 sic
1240 2233 1377 2297 eius
1425 2233 1521 2296 ira
1566 2229 1805 2318 placari
1844 2233 2057 2316 potuit
2096 2239 2289 2316 quam
2328 2233 2649 2296 condendis

272 2337 452 2400 aureis
516 2337 873 2401 ornamentis
930 2343 997 2400 in
1036 2339 1224 2422 fossa
1244 2383 1260 2414 ‚
1326 2342 1400 2401 ut
1460 2335 1522 2402 N
1525 2336 1776 2420 aberas}
1813 2336 2054 2402 adscita
2117 2357 2236 2431 sua
2291 2339 2690 2403 coniectura·

272 2444 586 2519 κατεκλῆιε
623 2444 951 2529 sequentia
996 2444 1467 2529 interpretatur.
1529 2440 1865 2509 Praeterea
1912 2441 2140 2521 κόσμον
2190 2441 2293 2508 τὸν
2343 2443 2642 2512 adnare-ov
2701 2500 2709 2507 ,

270 2569 379 2614 non
420 2572 607 2615 aurea
655 2557 996 2614 ornamenta
1044 2549 1153 2615 sed
1192 2538 1629 2632 pulcherrimae
1674 2556 1858 2614 vestes
1902 2548 2261 2636 significare
2297 2550 2639 2617 manifesto

276 2655 439 2722 docet
492 2678 939 2744 praegressum
985 2659 1254 2724 verbum
1300 2653 1562 2720 ἀπέδυ
1582 2678 1703 2733 σε,
1752 2662 1828 2720 ut
1872 2660 2120 2720 taceam
2167 2676 2242 2721 eo
2286 2675 2474 2721 sensu
2521 2677 2646 2743 quo

274 2760 545 2830 Naberus
593 2763 804 2829 voluit
851 2766 1063 2848 aptius
1108 2783 1242 2828 esse
1290 2760 1681 2842 κατ-ἔκρυπτε
1731 2781 1924 2846 quam
1965 2762 2298 2836 κατεκλήιε
2316 2812 2335 2846 ,
2374 2782 2525 2827 nam
2573 2765 2642 2827 in

276 2868 421 2934 fossa
478 2868 726 2955 aliquid
785 2868 1305 2947 κατακρύπτομεν
1326 2916 1342 2947 ,
1390 2871 1457 2932 in
1504 2888 1649 2933 arca
1695 2869 2154 2949 κατακλῄομεν.
2217 2866 2499 2934 Tandem
2546 2888 2645 2933 ar-

274 2976 470 3059 gutari
532 2975 701 3039 mihi
766 2974 1022 3040 videtur
1090 2975 1185 3041 vir
1246 2975 1616 3061 ingeniosus
1678 2974 1956 3039 scribens
1975 3021 1992 3051 ‚
2045 2978 2254 3040 vestes
2299 2975 2367 3038 in
2413 2974 2647 3041 fossam

276 3078 517 3146 collatas
581 3102 661 3145 ne
725 3082 993 3145 cremari
1056 3079 1315 3166 quidem
1364 3099 1578 3165 posse,
1631 3079 1783 3144 dum
1831 3080 2050 3145 fumus
2096 3080 2312 3145 omnia
2357 3080 2648 3146 obtineat

276 3190 331 3248 et
387 3207 489 3251 aer
550 3185 1033 3252 intercludatur.
1106 3186 1288 3267 Quod
1349 3188 1443 3252 ita
1489 3206 1715 3254 verum
1759 3186 1923 3252 foret
1946 3234 1963 3265 ‚
2013 3188 2069 3251 si
2116 3192 2262 3251 ante
2308 3188 2646 3252 crematio-

276 3312 407 3356 nem
474 3293 647 3358 fossa
717 3313 985 3379 superne
1053 3291 1267 3357 clausa
1329 3292 1588 3379 fuisset,
1655 3291 1765 3357 scd
1825 3294 1894 3356 in
1961 3294 2207 3381 patenti
2271 3292 2436 3358 fossa
2503 3294 2659 3357 satis

274 3392 441 3483 larga
499 3404 566 3464 et
625 3418 751 3462 non
812 3398 1009 3462 nimis
1075 3397 1417 3483 profunda,
1483 3398 1856 3482 praesertim
1921 3397 2136 3463 addita
2197 3400 2463 3463 materie
2509 3401 2679 3465 vim·

276 3500 555 3569 flammae
603 3503 834 3580 alenti,
886 3511 1103 3569 contra
1148 3524 1281 3569 esse
1322 3508 1603 3589 apparet.
1665 3540 1728 3550 —
1787 3502 2154 3588 Disputatio
2194 3504 2270 3569 de
2312 3504 2648 3571 cremando

276 3606 411 3674 facit
472 3616 547 3675 ut
607 3610 1012 3675 meminerim
1070 3608 1196 3675 loci
1260 3608 1293 3673 I
1346 3608 1475 3674 164
1524 3610 1638 3675 ubi
1686 3612 1753 3674 in
1802 3630 2038 3675 comm.
2084 3606 2241 3674 Orit.
2290 3629 2352 3694 p.
2401 3608 2485 3675 21
2538 3610 2648 3676 de-

278 3718 610 3781 monstravi
682 3726 1052 3801 corruptum
1125 3735 1259 3781 esse
1328 3716 1598 3782 verbum
1672 3721 2040 3795 κατιρῶσαι,
2112 3714 2229 3779 sub
2301 3734 2426 3798 quo
2485 3736 2656 3780 nunc

274 3818 546 3887 Naberus
608 3820 741 3887 Mn.
808 3820 965 3887 XIII
1012 3842 1075 3907 p.
1127 3820 1207 3885 61
1262 3821 1418 3886 dicit
1480 3820 1690 3888 solum
1751 3820 1950 3887 latere
1997 3840 2178 3906 posse
2224 3826 2650 3901 καταπρῆσαι.

274 3924 359 3993 De
416 3930 635 3997 eodem
691 3928 885 3996 verbo
933 3933 999 3993 et
1045 3947 1165 4015 ego
1215 3930 1650 4015 cogitaveram
1720 3926 1828 3993 sed
1885 3928 2107 3992 statim
2158 3926 2356 3991 abieci
2405 3926 2658 3993 intelle-

276 4053 455 4119 gens,
516 4039 571 4101 si
636 4038 701 4099 in
764 4034 920 4100 urbe
982 4032 1197 4119 aliqua
1254 4057 1435 4097 unum
1490 4031 1851 4099 aedificium
1901 4032 2036 4098 solo
2083 4033 2483 4118 aequandum
2532 4034 2654 4112 sit,

280 4140 536 4206 stultum
602 4163 735 4207 esse
798 4161 871 4206 ea
934 4143 1035 4205 uti
1100 4140 1391 4205 diruendi
1454 4142 1731 4217 ratione,
1781 4160 1905 4225 qua
1950 4138 2308 4225 periculum
2355 4146 2650 4205 nascatur

282 4250 491 4313 ceteris
536 4247 798 4313 aedibus
843 4268 922 4312 ne
967 4245 1164 4312 simul
1212 4251 1488 4331 pereant.
1552 4244 1785 4334 Cogita
1829 4230 2027 4311 velim
2073 4245 2386 4312 Herodoti
2433 4266 2652 4313 narra-

284 4354 505 4419 tionem
556 4355 633 4420 de
680 4351 981 4419 Sardium
1030 4353 1339 4419 incendio.
1403 4350 1602 4417 Aliud
1645 4352 1849 4438 igitur
1886 4351 2084 4417 latere
2117 4360 2362 4417 certum
2405 4360 2521 4417 est.
2570 4386 2642 4401 —
