3150 5000
513 216 670 284 ‘368
1395 236 1671 285 umus
1714 238 2050 288 rosarum.

540 401 770 469 Itidem
834 402 1276 491 corrig-endum
1331 402 1493 469 Bell.
1541 402 1692 469 Jud.
1740 405 1805 469 2.
1859 402 1922 470 9.
1975 403 2054 482 4,
2104 402 2168 469 2.
2222 402 2326 470 13.
2378 402 2450 490 3,
2500 403 2562 471 5.
2610 404 2675 471 5.
2722 404 2797 484 7,
2842 404 2894 471 7.

541 508 600 573 5.
655 510 695 573 4
743 516 806 575 et
855 506 916 574 7.
967 510 1028 574 5.
1080 509 1142 574 5.
2586 506 2591 513 ’

626 616 844 701 Antiq.
889 616 991 681 12.
1038 617 1201 681 1.1:
1249 622 1360 689 τῆς
1406 620 1512 681 τοῦ
1560 617 1953 693 Πτολεμαίου
2002 618 2370 699 Φιλοτιμίας
2420 618 2644 689 αὐτοὺς
2685 640 2901 698 προσ-

537 722 1088 801 καλουμένης,
1140 730 1416 808 praestat
1462 744 1613 789 sane
1659 723 2342 807 προκαλουμένης
2392 732 2457 791 et
2504 746 2695 812 supra
2750 724 2903 791 οὐδὲ

536 828 664 909 γὰρ
711 825 1029 908 ὑπενόουν,
1078 831 1359 917 corrigo:
1409 829 1655 895 οὐδέν.

626 1045 841 1129 Antiq.
895 1040 998 1107 12.
1053 1041 1110 1108 3.
1165 1042 1242 1107 3:
1305 1043 1470 1109 οὐδὲν
1527 1044 1863 1110 ἀπέλειπον
1909 1044 2370 1126 χειμαζομένης
2417 1047 2556 1118 νεὼς
2607 1046 2741 1110 καὶ
2788 1070 2902 1111 πο-

536 1174 661 1216 νου
680 1150 822 1229 μέν
841 1176 874 1225 η
895 1176 925 1223 ς
975 1151 1336 1230 ἑκατέρωθεν
1387 1151 1502 1216 ὑπὸ
1549 1155 1658 1217 τοῦ
1699 1152 2015 1225 κλύδωνος.
2046 1152 2259 1219 Malo:
2303 1175 2515 1219 κατα
2534 1176 2835 1230 πονουμ
2855 1151 2907 1217 ἐι

534 1282 563 1320 ν
583 1283 618 1333 η
639 1282 687 1329 ς.
738 1257 921 1323 Idem
968 1257 1232 1323 fortasse
1277 1257 1512 1324 vitium
1558 1257 1718 1324 latet
1764 1260 1980 1345 Antiq.
2035 1257 2141 1325 12.
2194 1257 2255 1324 5.
2308 1259 2366 1323 1.

624 1476 840 1560 Antiq.
894 1472 1000 1538 12.
1050 1475 1110 1539 4.
1162 1473 1237 1539 9:
1287 1471 1535 1550 ἐξῆλθον
1585 1474 2071 1551 ὑπαντησόμενοι
2119 1476 2254 1540 καὶ
2302 1476 2767 1556 διαφθεροῦντες
2808 1474 2907 1538 αὖ·

534 1580 672 1659 τόν,
719 1579 895 1668 lege:
947 1582 1045 1652 ὥς.
1122 1582 1338 1667 Antiq.
1395 1580 1498 1646 12.
1549 1582 1611 1645 5.
1665 1581 1740 1647 5:
1800 1589 1941 1655 ταῖς
1995 1582 2231 1659 ὁμοίαις
2285 1581 2611 1651 αἰτίαις
2661 1578 2909 1659 περιάπ-

535 1711 764 1765 τουσιν,
812 1692 1089 1772 praestat
1136 1688 1476 1759 αἰκίαις.
1545 1688 1764 1773 Antiq.
1819 1687 1924 1752 12.
1976 1688 2035 1751 6.
2090 1685 2166 1753 3:
2210 1687 2643 1765 Μακκαβαῖον
2688 1710 2908 1765 ςρατη-

533 1794 644 1871 γὲν
699 1790 958 1871 ἕξετε,
1008 1792 1154 1879 lege
1201 1790 1466 1872 ἔχετε.
1539 1792 1665 1860 Sed
1713 1793 1884 1860 levia
1929 1794 2084 1859 haec
2130 1800 2309 1878 sunt,
2358 1814 2517 1879 quae
2565 1794 2760 1863 verbo
2804 1790 2909 1858 ad-

533 1906 780 1965 notasse
848 1902 1003 1965 eatis
1066 1905 1184 1965 est.
1252 1899 1453 1965 Paulo
1501 1902 1765 1987 gravius
1812 1900 1971 1966 latet
2020 1901 2255 1966 vitium
2305 1902 2519 1985 Antiq.
2575 1898 2681 1964 12.
2734 1896 2794 1963 ¹7.
2844 1898 2908 1962 5:

533 2007 923 2079 κατανοήσας
975 2006 1003 2070 ὃ
1051 2006 1291 2079 Λυσίας
1354 2007 1422 2070 τὸ
1485 2006 1774 2087 Φρόνημα
1838 2012 1955 2070 τῶν
2014 2005 2349 2085 Ἰουδαίων,
2394 2008 2472 2078 ὦς
2520 2003 2757 2083 ἕτοιμοί
2802 2005 2907 2071 εἶσι

533 2117 871 2191 τελευτᾶν,
922 2114 972 2178 εἰ
1022 2114 1112 2191 μη
1159 2111 1438 2193 ζήσουσιν
1488 2112 1819 2195 ἐλεύθεροι,
1869 2113 1975 2177 καὶ
2023 2113 2232 2184 δείσας
2276 2114 2473 2178 αὐτῶν
2498 2113 2607 2187 την
2632 2109 2905 2191 ἀπόγνω-

533 2245 626 2286 σιν
675 2223 750 2292 ὦς
801 2220 1080 2300 ἶσχόν,
1131 2220 1474 2298 ἀναλαβὼν
1521 2221 1631 2293 τὴν
1680 2222 1897 2294 λοιπὴν
1946 2219 2205 2294 δύναμιν
2254 2220 2591 2300 ὑπέερεψεν
2643 2221 2730 2287 εἷς
2779 2220 2907 2281 'Av-

533 2326 830 2407 τιόχειαν.
881 2333 1007 2398 Ὠς
1055 2328 1242 2405 ἰσχύν
1289 2326 1637 2392 absurdum
1687 2334 1783 2393 est
1830 2330 2046 2412 itaque
2090 2326 2419 2392 Bekkerus
2460 2346 2495 2391 e
2534 2324 2783 2391 duobus
2818 2342 2907 2389 co-

534 2434 780 2500 dicibus
829 2436 1134 2500 assumsit
1177 2435 1252 2503 ιῦς
1305 2434 1602 2515 ἰσχυραν,
1655 2433 1822 2519 quod
1870 2433 2041 2500 haud
2084 2432 2293 2498 multo
2329 2434 2545 2498 minus
2568 2430 2907 2497 absurdum

533 2547 650 2608 est.
721 2541 1034 2629 Equidem
1083 2543 1387 2608 scribam:
1441 2543 1518 2613 ὥς
1568 2537 1758 2622 εἶχεν.

621 2712 877 2843 Exigua
922 2754 1063 2821 laus
1109 2763 1205 2822 est
1249 2754 1454 2822 Judae
1501 2755 1828 2822 Maccabei
1878 2757 2094 2840 Antiq.
2150 2753 2255 2820 12.
2304 2753 2368 2819 8.
2421 2753 2497 2820 3:
2549 2763 2769 2834 πεῖραν
2805 2754 2903 2830 ἤδη

533 2863 634 2926 καὶ
688 2863 966 2941 πρότερον
1015 2864 1206 2927 αὐτοῦ
1255 2869 1366 2936 τῆς
1415 2862 1691 2943 ἀνδρείας
1742 2864 1846 2929 καὶ
1895 2871 2005 2937 τῆς
2054 2863 2116 2927 ἐν
2164 2869 2287 2933 τοῖς
2338 2862 2629 2936 πολέμοις
2691 2854 2907 2927 εὐσυ-

529 2968 730 3048 χίας
777 2969 1126 3051 εἰληφότες.
1177 2967 1414 3036 Verum
1462 2981 1556 3036 est
1602 2971 1939 3050 εὐψυχίας.
1990 2967 2159 3036 Vide
2198 2969 2389 3036 modo
2435 2969 2659 3054 Antiq.
2705 2968 2809 3036 12.
2852 2965 2905 3032 7.

533 3073 574 3140 3
623 3085 687 3140 et
733 3073 906 3141 alibi.

625 3287 841 3373 Antiq.
871 3285 1003 3354 12.
1052 3285 1112 3352 9.
1166 3286 1239 3354 8:
1292 3289 1402 3354 καί
1447 3312 1621 3361 τινας
1669 3295 1785 3354 τῶν
1831 3288 2118 3367 ὁμοίων
2166 3288 2301 3352 καὶ
2345 3288 2591 3364 ἀσεβῶν
2632 3311 2909 3366 συναγα-

531 3391 786 3473 γόντες,
835 3393 1015 3482 lege:
1065 3400 1182 3458 τῶν
1229 3395 1412 3474 ὁμοί
1433 3420 1520 3468 ως
1571 3396 1837 3473 ἀσεβῶν.
1902 3393 2025 3460 Sed
2071 3393 2238 3460 nihil
2283 3394 2403 3460 hoc
2444 3400 2539 3459 est
2575 3414 2727 3479 prae
2766 3394 2907 3459 ridi·

531 3501 675 3567 culo
738 3503 924 3580 vitio=
962 3501 1176 3586 Antiq.
1246 3500 1348 3566 12.
1403 3502 1463 3568 9.
1516 3501 1592 3567 4:
1658 3503 1767 3574 τὴν
1832 3501 1895 3566 δὲ
1956 3503 2174 3575 λοιπὴν
2240 3501 2497 3578 δύναμιν
2552 3501 2906 3582 ἑκατέρωθεν

532 3610 810 3684 ἐποίησεν
874 3609 1238 3686 ἀναβαίνειν
1301 3607 1398 3673 ἐπὶ
1463 3609 1549 3673 τὰ
1598 3606 1732 3689 ὅρη,
1790 3610 1930 3680 τοὺς
1977 3610 2279 3688 Φίλους
2330 3611 2524 3684 αὐτῆς
2576 3607 2906 3688 προτάξας.

531 3711 752 3781 Credis
797 3715 959 3780 hane
1005 3715 1198 3780 fuisse
1247 3717 1627 3799 praetoriam
1674 3712 2041 3781 eohortem?
2088 3717 2221 3782 imo
2266 3714 2611 3802 legendum
2654 3721 2749 3782 est
2775 3709 2923 3807 τοὺς,

531 3821 860 3903 ψιλούς,
926 3820 1090 3906 quod
1147 3823 1202 3886 si
1251 3823 1394 3906 quis
1440 3821 1605 3885 mihi
1652 3842 1776 3888 non
1825 3821 2055 3898 credit,
2110 3821 2323 3886 credat
2370 3819 2646 3908 Josepho
2694 3822 2901 3904 Antiq.

535 3925 640 3990 12.
695 3927 800 3990 11.
849 3925 921 3991 2:
987 3927 1126 4000 τοὺς
1192 3928 1254 3993 δὲ
1314 3927 1534 4006 ψιλοὺς
1596 3927 1698 3992 καὶ
1762 3927 2020 4006 τοξότας
2069 3927 2452 4009 προεςήσατο
2498 3927 2751 4005 οὲποὶσης
2798 3935 2899 4000 τῆς

531 4033 901 4114 φάλαγγος.
954 4033 1160 4114 Quam
1211 4034 1621 4124 indiligentes
1664 4034 1927 4102 lectores
1976 4042 2040 4102 et
2088 4036 2360 4102 editores
2406 4017 2719 4123 Josephus
2762 4033 2903 4100 huc·

531 4160 728 4226 usque
775 4146 1000 4206 nectus
1048 4149 1177 4222 est,
1226 4145 1336 4229 qui
1383 4143 1502 4209 hoc
1549 4163 1675 4208 non
1720 4142 2305 4208 animadverterint.

623 4353 930 4446 Legimus
975 4355 1193 4442 Antiq.
1251 4355 1355 4424 12.
1410 4357 1512 4422 10.
1563 4355 1637 4422 6:
1686 4354 1727 4423 J
1734 4355 1926 4422 udam
1970 4355 2429 4424 Maccabaeum
2478 4355 2749 4425 Romam
2786 4353 2899 4419 mi·
