3150 5000
1067 286 1342 337 rnmus
1384 286 1721 337 Josnmus.
2450 266 2580 335 361

223 449 292 515 In
351 450 824 537 Antiquitatum
883 450 1069 519 libris
1127 474 1251 520 non
1314 456 1583 549 memini
1644 474 1751 519 me
1810 472 2003 518 usum
2060 472 2211 520 eum
2257 444 2588 521 observare

221 564 354 623 ante
397 556 456 623 6.
507 562 570 625 4.
619 558 662 624 3
681 579 700 638 ;
753 560 978 626 deinde
1015 562 1268 627 enotavi
1307 562 1583 627 sedecim
1624 558 1830 645 locos,
1871 559 1979 626 sed
2020 566 2117 625 est
2158 568 2325 625 certe
2349 566 2587 645 postre-

219 684 357 729 mus
403 662 506 730 12.
558 665 621 734 ’7.
667 666 745 745 ’7,
793 667 1020 733 deinde
1067 688 1180 753 per
1223 672 1366 733 octo
1413 665 1611 733 libros
1648 666 1813 732 illud
1852 662 2023 741 οἶμαι
2062 687 2377 753 nusquam
2416 686 2589 732 eom-

217 778 400 855 paret.
465 772 717 838 Addam
763 772 920 839 duos
967 772 1136 839 locos
1181 781 1528 859 corruptos.
1591 771 1997 839 Vociferatur
2054 770 2319 839 Goliath
2364 774 2585 859 Antiq.

220 875 274 940 6.
322 875 384 944 9.
434 878 512 944 l:
570 881 732 945 πολὺ
794 879 854 943 δὲ
912 887 1179 955 κρεῖττον
1241 876 1460 945 εἶναι
1520 881 1625 945 καὶ
1688 878 2124 959 σωφρονέςερον
2172 878 2295 951 ἑνὸς
2344 878 2587 961 κινδύνῳ

215 982 432 1060 λαβεῖν
477 980 507 1049 ὃ
553 984 853 1061 βούλεσθε
901 986 936 1063 ἢ
986 985 1262 1064 πάντων,
1315 986 1422 1052 sed
1471 990 1753 1070 praestat
1792 978 2023 1062 οἶμαι
2062 987 2407 1071 corrigere,
2434 1004 2586 1051 nam

215 1087 443 1156 directa
501 1093 703 1158 oratio
761 1098 860 1158 est
919 1112 1126 1177 neque
1185 1092 1378 1159 habet
1436 1090 1799 1158 infinitivus
1853 1086 2007 1157 εἶναι
2070 1090 2239 1156 unde
2294 1090 2585 1177 pendeat.

215 1191 440 1261 Itidem
492 1198 597 1263 15.
650 1198 758 1264 10.
809 1199 886 1265 6:
947 1200 1096 1265 ἀλλ’
1145 1200 1212 1263 οὖ
1258 1198 1385 1280 γὰρ
1433 1194 1614 1264 οἶδα
1660 1222 1731 1265 σε
1776 1204 2043 1263 τοιοῦτον
2088 1196 2332 1263 ἔσεσθαι
2352 1246 2371 1282 ,
2417 1195 2587 1264 mul·

213 1306 344 1367 tum
393 1304 679 1389 praefero
724 1301 798 1369 οἵ
813 1329 985 1383 μαι.

292 1482 437 1553 Scio
501 1488 761 1575 quidem
820 1490 889 1557 in
948 1488 1208 1575 Josephi
1270 1487 1450 1553 libris
1497 1484 1737 1554 multas
1785 1487 1991 1555 inesse
2035 1487 2553 1574 interpolationes
2570 1534 2589 1569 ‚

210 1592 308 1658 sed
361 1600 504 1660 tam
565 1598 842 1661 enormis
897 1602 992 1662 est
1037 1596 1450 1681 Imperatoris
1497 1592 1849 1681 lotapateni
1895 1593 2279 1681 loquacitas,
2329 1602 2403 1661 ut
2450 1596 2588 1682 ple-

69 1787 81 1804 Ι
207 1720 470 1789 rumque
517 1702 776 1769 difficile
819 1706 908 1769 sit
953 1704 1320 1788 ostendere,
1363 1702 1532 1788 quod
1577 1705 1779 1768 otiose
1824 1702 2117 1767 additum
2164 1704 2285 1780 sit,
2334 1724 2459 1769 non
2508 1705 2587 1770 ab
2663 1731 2687 1759 x

69 1822 71 1867 :
209 1825 273 1871 eo
332 1810 476 1897 ipso
539 1808 735 1875 fuisse
795 1810 1108 1877 additum.
1182 1808 1346 1875 Sunt
1408 1817 1625 1875 tamen
1690 1807 2001 1895 quaedam
2064 1810 2259 1874 nimis
2322 1809 2587 1877 insulsa.

72 1941 81 1962 ι
211 1909 423 1979 Veluti
487 1912 711 2001 Antiq.
756 1914 819 1981 6.
866 1918 931 1979 4.
985 1916 1045 1980 4.
1107 1915 1382 2002 populus
1443 1915 1523 1980 ab
1588 1913 1887 1981 Samuele
1940 1918 2341 2001 increpatur,
2387 1936 2589 2002 quum

207 2020 449 2105 ignoret
497 2022 576 2094 ὥς
625 2022 1105 2103 συμφορώτατον
1152 2022 1213 2089 ὃν
1260 2023 1372 2089 ὑπὸ
1421 2026 1529 2087 τοῦ
1578 2022 1825 2087 πάντων
1870 2022 2076 2100 apl-rou
2127 2023 2586 2101 προςατεῒσθαι.

209 2122 440 2216 Relege
502 2134 716 2195 totum
776 2129 993 2199 locum
1039 2136 1105 2196 et
1148 2133 1381 2196 senties
1428 2128 1576 2195 addi
1621 2149 1746 2194 non
1792 2131 2108 2215 potuisse,
2156 2130 2323 2215 quod
2370 2150 2591 2199 omnes

211 2232 278 2298 ad
325 2234 503 2301 hune
551 2256 753 2321 usque
799 2236 969 2303 diem
1012 2236 1335 2302 tulerunt:
1391 2238 1557 2309 θεὸς
1607 2235 1685 2300 δὲ
1732 2234 2055 2300 πάντων
2096 2232 2395 2315 ἄριςος.
2444 2236 2589 2305 Non

211 2342 418 2407 minus
482 2342 832 2408 ridiculum
891 2348 988 2409 est
1051 2343 1275 2429 Antiq.
1324 2341 1386 2409 6.
1439 2341 1502 2408 9.
1552 2340 1631 2421 5,
1680 2338 1759 2409 de
1806 2341 2081 2409 Davide:
2135 2343 2398 2426 ἀπαντᾷ
2448 2342 2512 2409 δὲ
2559 2344 2591 2408 ὃ

209 2447 514 2522 νεανίσκος
560 2449 732 2527 μετὰ
779 2448 1128 2532 συμμάχου
1176 2452 1264 2529 μὴ
1310 2450 1703 2529 βλεπομένου
1750 2451 1834 2531 τῷ
1882 2448 2178 2530 πολεμίῳ.
2246 2448 2428 2532 Quod
2473 2449 2587 2516 ad-

211 2551 411 2620 ditum
461 2560 561 2621 est
607 2557 778 2630 θεὸς
825 2557 878 2624 δ’
925 2556 1010 2634 ἦν
1055 2553 1142 2623 οὖ
1155 2581 1320 2638 τος,
1370 2577 1529 2644 puer
1575 2559 1832 2643 scripsit
1877 2558 1946 2622 in
1992 2576 2332 2643 puerorum
2377 2578 2589 2623 usum.

287 2737 650 2826 Improprie
699 2741 934 2808 dicitur
975 2743 1196 2830 Antiq.
1248 2741 1309 2808 6.
1361 2741 1423 2808 6.
1475 2739 1551 2809 3:
1601 2741 2080 2822 ἀποθλίψας
2129 2765 2190 2806 τι
2237 2739 2434 2822 κηρίον
2479 2745 2587 2808 τοῦ

213 2843 452 2920 μέλιτος
503 2847 666 2923 ἤσθιε
687 2899 704 2924 ,
765 2870 916 2916 nam
963 2850 1156 2915 bibere
1199 2870 1533 2936 possumus
1579 2869 1705 2915 non
1750 2849 2070 2926 comedere,
2119 2847 2287 2934 quod
2332 2847 2589 2916 ἑπεθλί-

212 2955 439 3034 φαμεν.
505 2953 732 3022 Nonne
776 2977 1004 3024 verum
1049 2963 1146 3024 est
1193 2951 1719 3036 ἅποβλισαςῗ

288 3137 497 3206 Miror
555 3160 748 3206 usum
809 3141 990 3208 verbi
1050 3137 1568 3219 ἕλλαμβοὶνεσθαι
1632 3139 1849 3224 Antiq.
1914 3136 1975 3206 6.
2030 3135 2094 3206 7.
2142 3137 2220 3202 5:
2286 3137 2589 3218 ἐλλαμ-

212 3241 560 3318 βαίνεται
607 3257 719 3322 τῆς
768 3247 1076 3322 διπλοΐδος
1123 3253 1188 3314 et
1233 3248 1448 3333 Antiq.
1493 3245 1553 3314 ’7.
1605 3244 1709 3310 14.
1758 3243 1835 3314 6:
1885 3252 2002 3310 τῶν
2048 3249 2157 3310 τοῦ
2206 3245 2587 3328 θυσιαςηρίου

214 3351 473 3430 κεράτων
520 3351 1087 3433 ἐλλαβόμενος
1132 3359 1198 3421 et
1243 3356 1460 3440 Antiq.
1511 3351 1574 3418 9.
1626 3351 1689 3420 ’7.
1739 3351 1818 3418 3:
1868 3351 2425 3430 ἐλλαβόμενοι
2474 3362 2587 3429 τῆς

212 3459 513 3533 Γαδαλίας.
586 3458 755 3541 Quid
813 3463 1132 3547 requiram
1151 3507 1168 3540 ,
1232 3460 1566 3528 ostendent
1612 3459 1739 3526 duo
1782 3457 1907 3524 loci
1954 3463 2315 3544 sequentes,
2365 3459 2589 3545 Antiq.

212 3559 262 3628 6.
315 3565 423 3630 12.
477 3567 554 3631 1:
614 3567 803 3644 Φίλου
862 3568 992 3649 γὰρ
1045 3570 1234 3634 αὐτὸν
1280 3569 1552 3643 ποιήσειν
1595 3565 1767 3647 ἔργον
1814 3564 2234 3644 παρασχόντα
2282 3565 2385 3630 καὶ
2437 3565 2583 3646 πρὸς

211 3671 272 3734 τὸ
324 3673 752 3749 προσκείμενον
798 3672 1403 3751 συλλαμβανομένου
1451 3679 1516 3738 et
1563 3673 1779 3758 Antiq.
1832 3670 1940 3738 11.
1988 3670 2054 3739 4.
2103 3669 2182 3738 ¹7:
2246 3671 2589 3742 ἕπεται-ουν

211 3771 300 3841 οὗν
343 3785 462 3845 τῶν
506 3780 672 3860 ἱερῶν
717 3777 905 3860 ἔργων
953 3781 1544 3860 συλλαμβανόμενοι
1592 3787 1719 3854 τοῖς
1768 3776 2221 3859 πρεσβυτέροις.

289 3975 474 4044 Nihil
533 3981 733 4044 nimis
777 3977 1044 4047 fidenter
1087 3981 1500 4066 pronunciare
1547 3977 1748 4045 audeo
1768 4022 1786 4057 ‚
1844 3976 1957 4043 sed
2005 3977 2225 4062 Antiq.
2277 3974 2342 4041 6.
2390 3974 2455 4042 8.
2508 3977 2585 4043 lt

217 4079 548 4162 ἐπηρώτησε
607 4085 710 4150 τὸν
772 4085 926 4166 θεόν,
989 4087 1132 4154 τίνα
1190 4087 1563 4166 αἱρεῖται
1625 4083 1943 4163 βασιλέα,
1992 4101 2115 4148 non
2161 4081 2437 4148 diffiteor
2479 4103 2589 4149 me

217 4188 402 4256 malle
460 4193 796 4273 αἱρῆται
857 4196 958 4259 uti
1013 4199 1078 4260 et
1138 4192 1431 4274 ποιήσῃ
1501 4192 1719 4278 Antiq.
1786 4189 1848 4256 6.
1900 4189 1963 4254 4.
2017 4190 2092 4268 1,
2156 4189 2267 4254 ubi
2336 4189 2583 4256 editur:

221 4291 462 4378 δεομένῳ
522 4308 828 4381 προειπεῖν
881 4302 1020 4368 τίνα
1070 4303 1387 4378 ποιήσει
1434 4297 1741 4377 βασιλέα.
1812 4293 1973 4364 Vide
2018 4295 2207 4364 modo
2252 4295 2471 4382 Antiq.
2518 4291 2585 4362 8.

225 4399 320 4468 12.
367 4405 444 4470 5:
490 4405 734 4489 ἐζήτουν
780 4415 908 4482 πῶς
955 4409 1310 4486 duos-timet
1356 4405 1459 4471 τὸν
1505 4404 1683 4472 λαόν.
