3150 5000
573 283 706 350 318
1545 302 1806 352 oassms
1850 303 1979 352 mo.

573 471 790 532 autem
851 466 1124 531 secundo
1187 471 1453 551 uterque
1513 465 1861 532 laterculus
1906 487 2164 552 prorsus
2209 468 2477 532 interiit.
2549 465 2927 532 Membranse

571 577 722 637 sunt
780 571 1143 640 levissimae
1206 577 1271 638 et
1332 574 1778 658 tenuissimae,
1833 594 1959 659 quo
2006 574 2247 640 factum
2294 577 2393 639 est
2447 579 2525 638 ut
2568 593 2751 658 saepe
2792 579 2929 637 atra·

570 684 862 743 mentum
925 698 1374 764 pergamenam
1439 680 1532 744 ita
1594 679 1907 764 perederit
1964 684 2030 746 et
2100 681 2467 763 corroserit,
2518 685 2595 746 ut
2638 679 2927 746 interdum

572 783 779 849 forma
839 787 1086 849 tantum
1151 782 1510 850 litterarum
1573 790 1907 872 tamquam
1966 806 2042 850 ex
2092 786 2463 852 membrana
2510 791 2759 850 exsecta
2800 804 2928 870 cog·

571 895 868 956 noscatur
885 937 901 968 ,
947 890 1268 955 interdum
1290 939 1308 974 ,
1361 890 1440 955 ab
1489 910 1710 956 aversa
1756 911 2006 977 quoque
2055 897 2234 977 parte
2276 911 2496 976 peresa
2540 910 2927 978 pergamena,

571 1017 651 1062 ne
697 996 852 1062 haec
897 995 1157 1081 quidem
1207 997 1365 1061 satis
1413 997 1571 1062 bene
1610 996 1928 1084 distingui
1965 999 2188 1082 possit.
2234 996 2572 1062 Praeterea
2610 995 2779 1061 haud
2812 1013 2931 1059 raro

573 1104 834 1169 evanuit
875 1107 1304 1166 atramentum
1325 1148 1343 1179 ‚
1387 1101 1622 1166 calami
1660 1102 1891 1167 ductus
1914 1107 2169 1168 tantum
2196 1103 2689 1186 conspiciuntur.
2728 1100 2933 1166 Lineae

571 1207 722 1274 stilo
770 1207 1177 1272 membranae
1222 1208 1566 1291 impressae
1612 1206 1865 1274 infimas
1910 1207 2159 1274 litteras
2204 1209 2565 1295 stringunt;
2618 1207 2727 1272 sed
2778 1207 2933 1272 hasta

571 1311 934 1378 litterarum
1001 1320 1225 1377 ΡΤΦΨ
1289 1317 1356 1377 et
1417 1311 1639 1378 infima
1687 1313 1886 1379 cauda
1943 1312 2198 1380 litterae
2246 1312 2286 1391 ξ
2322 1313 2493 1382 infra
2538 1311 2774 1378 lineam
2818 1330 2936 1397 pro-

572 1425 812 1484 tractae
857 1422 1025 1482 sunt.
1101 1417 1637 1503 Interpunctionis
1684 1419 1786 1484 vel
1836 1417 2122 1485 elisionis
2168 1422 2356 1508 signa
2404 1422 2780 1484 accentuare
2811 1435 2937 1481 nus-

573 1545 765 1610 quam
829 1523 1075 1589 addidit
1138 1525 1346 1608 prima
1401 1543 1663 1600 manus;
1712 1523 1973 1610 virg-ula
2020 1524 2236 1590 addita
2282 1529 2594 1590 corrector
2639 1522 2935 1588 interdum

573 1628 858 1698 vocalem
900 1628 1124 1695 elisam
1167 1629 1497 1695 indicavit.
1546 1626 1877 1695 Scribendi
1916 1630 2311 1715 compendiis
2346 1649 2471 1694 non
2508 1630 2636 1693 nisi
2670 1631 2737 1692 in
2759 1633 2939 1694 extre-

574 1740 700 1803 mis
760 1737 1047 1803 versibus
1108 1756 1260 1800 usus
1325 1741 1422 1801 est
1485 1735 1821 1813 librarius,
1886 1735 1982 1801 ibi
2045 1756 2195 1802 vero
2240 1736 2631 1821 saepissime.
2701 1731 2939 1798 Lineola

573 1841 846 1908 ultimae
883 1840 1089 1908 vocali
1129 1843 1553 1926 superscripta
1594 1865 1623 1904 ν
1664 1843 2047 1927 exprimitur
2066 1888 2083 1919 ‚
2126 1841 2328 1907 cauda
2358 1843 2725 1907 consonanti
2747 1839 2940 1905 addita

577 1973 664 2014 αι.
736 1942 1117 2032 Ceteroquin
1162 1945 1409 2012 litteras
1450 1948 1852 2013 coniunxisse
1892 1953 2223 2012 contentus
2261 1947 2423 2012 fuit:
2464 1970 2529 2010 ae
2568 1950 2637 2010 et
2678 1969 2791 2021 av,
2827 1967 2901 2008 τω
2920 1991 2939 2026 ,

573 2079 686 2137 pcc,
736 2077 802 2118 ωι
851 2057 1039 2137 atque
1087 2051 1241 2117 adeo
1281 2075 1384 2125 νης
1428 2073 1556 2118 uno
1596 2052 1795 2118 ductu
1836 2052 2220 2118 scribuntur.
2268 2051 2603 2118 Praeterea
2639 2049 2937 2116 interdum

575 2160 860 2226 litteram
927 2156 1208 2242 aliquam
1270 2160 1543 2224 minimo
1605 2157 1867 2224 modulo
1925 2166 2249 2224 exaratam
2298 2157 2485 2224 alteri
2530 2157 2941 2242 superposuit,

580 2266 688 2332 sed
741 2263 912 2330 valet
959 2263 1080 2329 hoc
1125 2263 1204 2328 de
1251 2262 1578 2330 vocalibus
1629 2269 1882 2330 tantum
1930 2274 1996 2329 et
2043 2264 2119 2330 de
2164 2263 2381 2330 littera
2428 2287 2487 2328 σ.

670 2370 762 2436 De
824 2369 1060 2436 codicis
1115 2373 1322 2434 aetate
1366 2388 1492 2434 non
1539 2375 1802 2435 constat.
1878 2369 2044 2434 Sunt
2089 2371 2202 2455 qui
2248 2389 2395 2435 eum
2446 2367 2699 2434 saeculo
2738 2367 2939 2452 quinto

577 2480 908 2542 exaratum
975 2479 1202 2560 putent
1263 2473 1853 2559 (wattenbachius,
1917 2473 2238 2561 Sauppius
2297 2473 2342 2541 l.
2407 2475 2569 2540 infra
2625 2474 2736 2554 l.)‚
2790 2470 2939 2558 quod

576 2581 741 2646 mihi
789 2580 1046 2665 quidem
1093 2601 1218 2646 non
1262 2581 1599 2665 probatur,
1650 2579 1764 2646 alii
1810 2586 1989 2647 sexto
2028 2579 2277 2646 saeculo
2319 2580 2710 2645 adscribunt.
2750 2578 2941 2658 Mihi,

576 2692 652 2754 ut
709 2689 776 2751 in
834 2708 900 2752 re
947 2687 1222 2770 incerta,
1270 2685 1482 2751 medio
1529 2686 1659 2752 fere
1706 2687 1957 2751 saeculo
2002 2688 2277 2771 septimo
2324 2688 2637 2771 scriptum
2687 2684 2939 2751 videtur.

668 2793 785 2858 Est
831 2794 1036 2879 igitur
1082 2791 1277 2857 codex
1323 2792 1388 2855 in
1436 2794 1657 2877 paucis
1704 2795 2215 2876 vetustissimus,
2259 2791 2652 2857 venerandae
2690 2789 2942 2873 antiqui·

577 2901 732 2966 tatis
791 2906 866 2963 ut
929 2899 1145 2973 aiunt,
1213 2902 1279 2962 at
1342 2896 1552 2972 idem,
1621 2898 1783 2982 quod
1844 2918 1996 2982 pace
2058 2899 2347 2963 omnium
2413 2896 2660 2961 dictum
2720 2896 2800 2959 sit
2844 2892 2942 2977 qui

579 3007 953 3071 veterrimos
1001 3003 1246 3069 codices
1293 3002 1595 3067 admirari
1640 3002 1881 3081 solent,
1930 3006 1998 3068 in
2044 3005 2267 3089 paucis
2313 3022 2564 3088 quoque
2613 3001 2939 3069 mendosis-

578 3113 803 3175 simus.
873 3108 1075 3174 Felici
1137 3116 1353 3173 tamen
1414 3130 1565 3175 casu
1629 3111 1995 3195 supervenit
2042 3109 2302 3194 quidam
2326 3158 2343 3193 ,
2390 3112 2503 3194 qui
2552 3129 2713 3194 quae
2754 3108 2943 3193 prima
3075 3166 3076 3179 ἦ

579 3234 809 3280 manus
865 3220 1268 3298 peccaverat,
1333 3214 1567 3279 litteris
1628 3218 1786 3280 item
1850 3214 2241 3293 uncialibus,
2296 3236 2371 3280 ex
2424 3214 2551 3280 alio
2601 3215 2805 3280 codice
2848 3207 2940 3274 vel

579 3322 842 3387 fortasse
881 3342 958 3385 ex
999 3339 1072 3386 eo
1106 3322 1243 3404 ipso
1262 3368 1278 3397 ,
1321 3324 1432 3405 qui
1473 3322 1825 3407 descriptus
1861 3327 2031 3403 erat,
2072 3325 2435 3409 corrigeret.
2483 3321 2603 3387 Vel
2638 3324 2727 3387 sic
2750 3327 2939 3385 tamen

579 3433 780 3493 scatet
820 3428 1068 3492 vitiosis
1106 3428 1436 3512 scripturis
1475 3435 1540 3492 et
1579 3428 1829 3493 mendis
1860 3448 2048 3494 omne
2072 3449 2298 3515 genus.
2346 3424 2649 3493 Codicem
2674 3430 2939 3492 nostrum

579 3532 1028 3621 neglegentius
1067 3531 1220 3597 olim
1271 3532 1350 3597 ab
1401 3532 1628 3597 Ursino
1676 3538 1745 3597 et
1787 3532 2050 3599 Nicolao
2088 3531 2389 3599 Falconio
2429 3538 2755 3599 versatum
2799 3526 2941 3595 Bek-

581 3641 809 3723 kerus,
851 3659 994 3704 cum
1041 3638 1382 3704 editionem
1434 3636 1659 3703 Dionis
1705 3643 1990 3724 pararet,
2028 3642 2385 3704 accuratius
2418 3638 2732 3724 explorari
2756 3636 2937 3703 iussit.

579 3744 870 3830 Errores,
936 3764 1090 3829 quos
1151 3746 1475 3809 commisit
1519 3745 1577 3807 is
1625 3744 1728 3807 cui
1775 3743 2105 3809 Bekkerus
2152 3743 2271 3809 hoc
2318 3746 2653 3831 negotium
2702 3740 2940 3809 manda-

580 3856 760 3916 verat
821 3871 944 3916 non
1007 3848 1280 3921 multos,
1341 3852 1469 3914 iam
1538 3848 1826 3934 plerique
1878 3870 1916 3913 a
1978 3848 2259 3934 Sauppio
2320 3848 2557 3914 sublati
2622 3855 2805 3932 sunt,
2846 3842 2939 3930 qui

582 3954 816 4021 codicis
864 3955 1348 4041 descriptionem
1398 3960 1461 4018 et
1508 3956 1831 4020 variarum
1880 3953 2227 4021 lectionum
2278 3956 2599 4040 specimen
2648 3954 2841 4021 edidit
2879 3950 2935 4010 in

583 4060 824 4127 diurnis
886 4059 1267 4126 Academiae
1313 4056 1755 4148 Gottingensis
1786 4060 1853 4148 ¹).
1930 4059 2101 4127 Mihi
2149 4080 2418 4145 parvum
2469 4065 2721 4126 tantum
2770 4054 2937 4143 spici·

654 4351 704 4415 ι)
743 4349 1069 4400 mearam„
1109 4366 1150 4400 ο.
1185 4350 1233 4399 a.
1267 4350 1459 4413 Koa-391.
1499 4350 1818 4415 eenmohafc
1850 4351 1937 4399 aer
1976 4350 2381 4413 remensa„
2412 4350 2519 4398 una
2546 4348 2633 4398 aer
2670 4348 2723 4397 ο.
2754 4343 2813 4393 Δ.
2838 4335 2933 4391 vn*

579 4432 782 4484 territat
812 4448 873 4483 au
914 4429 1178 4496 Gottt'nqen
1213 4430 1345 4481 1869
1377 4448 1424 4496 p.
1461 4432 1558 4481 188
1593 4446 1693 4495 sqq.
