<?xml version="1.0" encoding="UTF-8"?>
<!DOCTYPE html PUBLIC "-//W3C//DTD XHTML 1.0 Transitional//EN"
    "http://www.w3.org/TR/xhtml1/DTD/xhtml1-transitional.dtd">
<html xmlns="http://www.w3.org/1999/xhtml" xml:lang="en" lang="en">
 <head>
  <title>
</title>
<meta http-equiv="Content-Type" content="text/html;charset=utf-8" />
  <meta name='ocr-system' content='tesseract 3.04.00' />
  <meta name='ocr-capabilities' content='ocr_page ocr_carea ocr_par ocr_line ocrx_word'/>
</head>
<body>
  <div class='ocr_page' id='page_1' title='image "./mnemosyne06servgoog_0706.png"; bbox 0 0 3150 5000; ppageno 0'>
   <div class='ocr_carea' id='block_1_1' title="bbox 523 225 1883 308">
    <p class='ocr_par' dir='ltr' id='par_1_1' title="bbox 523 225 1883 308">
     <span class='ocr_line' id='line_1_1' title="bbox 523 225 1883 308; baseline 0.001 -16"><span class='ocrx_word' id='word_1_1' title='bbox 523 225 658 293; x_wconf 76' lang='lat'><strong>228</strong></span> <span class='ocrx_word' id='word_1_2' title='bbox 1155 297 1158 308; x_wconf 75' lang='grc'>,</span> <span class='ocrx_word' id='word_1_3' title='bbox 1545 246 1883 298; x_wconf 65' lang='lat' dir='ltr'><strong>Lucanus.</strong></span> 
     </span>
    </p>
   </div>
   <div class='ocr_carea' id='block_1_2' title="bbox 519 411 2906 923">
    <p class='ocr_par' dir='ltr' id='par_1_2' title="bbox 519 411 2906 923">
     <span class='ocr_line' id='line_1_2' title="bbox 523 411 2904 497; baseline -0.001 -21"><span class='ocrx_word' id='word_1_4' title='bbox 523 414 745 497; x_wconf 86' lang='lat' dir='ltr'><strong>pauci,</strong></span> <span class='ocrx_word' id='word_1_5' title='bbox 817 414 925 497; x_wconf 87' lang='lat' dir='ltr'><strong>qui</strong></span> <span class='ocrx_word' id='word_1_6' title='bbox 987 411 1175 479; x_wconf 89' lang='lat' dir='ltr'><strong>aliter</strong></span> <span class='ocrx_word' id='word_1_7' title='bbox 1233 413 1314 478; x_wconf 90' lang='lat' dir='ltr'><strong>de</strong></span> <span class='ocrx_word' id='word_1_8' title='bbox 1372 412 1473 477; x_wconf 87' lang='lat' dir='ltr'><strong>his</strong></span> <span class='ocrx_word' id='word_1_9' title='bbox 1538 412 1727 479; x_wconf 88' lang='lat' dir='ltr'><strong>rebus</strong></span> <span class='ocrx_word' id='word_1_10' title='bbox 1788 413 2021 478; x_wconf 86' lang='lat' dir='ltr'><strong>sentire</strong></span> <span class='ocrx_word' id='word_1_11' title='bbox 2084 411 2321 490; x_wconf 88' lang='lat' dir='ltr'><strong>solent,</strong></span> <span class='ocrx_word' id='word_1_12' title='bbox 2378 431 2494 478; x_wconf 90' lang='lat' dir='ltr'><strong>nec</strong></span> <span class='ocrx_word' id='word_1_13' title='bbox 2540 412 2673 476; x_wconf 90' lang='lat' dir='ltr'><strong>sine</strong></span> <span class='ocrx_word' id='word_1_14' title='bbox 2722 428 2904 475; x_wconf 85' lang='lat' dir='ltr'><strong>cauea</strong></span> 
     </span>
     <span class='ocr_line' id='line_1_3' title="bbox 520 516 2906 604; baseline -0 -22"><span class='ocrx_word' id='word_1_15' title='bbox 520 519 781 586; x_wconf 87' lang='lat' dir='ltr'><strong>fortasse</strong></span> <span class='ocrx_word' id='word_1_16' title='bbox 799 566 816 596; x_wconf 88' lang='lat'><em>,</em></span> <span class='ocrx_word' id='word_1_17' title='bbox 880 519 1045 584; x_wconf 91' lang='lat' dir='ltr'><strong>mihi</strong></span> <span class='ocrx_word' id='word_1_18' title='bbox 1111 517 1619 604; x_wconf 78' lang='lat' dir='ltr'><strong>obloquerentur.</strong></span> <span class='ocrx_word' id='word_1_19' title='bbox 1695 516 1821 584; x_wconf 83' lang='lat' dir='ltr'><strong>Sed</strong></span> <span class='ocrx_word' id='word_1_20' title='bbox 1884 517 2051 584; x_wconf 85' lang='lat' dir='ltr'><strong>nihil</strong></span> <span class='ocrx_word' id='word_1_21' title='bbox 2098 519 2204 584; x_wconf 90' lang='lat' dir='ltr'><strong>hic</strong></span> <span class='ocrx_word' id='word_1_22' title='bbox 2252 518 2509 604; x_wconf 91' lang='lat' dir='ltr'><strong>quidem</strong></span> <span class='ocrx_word' id='word_1_23' title='bbox 2557 520 2906 584; x_wconf 83' lang='lat' dir='ltr'><strong>coniectura</strong></span> 
     </span>
     <span class='ocr_line' id='line_1_4' title="bbox 521 624 2906 713; baseline -0.001 -23"><span class='ocrx_word' id='word_1_24' title='bbox 521 645 677 710; x_wconf 90' lang='lat' dir='ltr'><strong>opus</strong></span> <span class='ocrx_word' id='word_1_25' title='bbox 746 631 870 705; x_wconf 86' lang='lat' dir='ltr'><strong>est;</strong></span> <span class='ocrx_word' id='word_1_26' title='bbox 942 627 1116 691; x_wconf 88' lang='lat' dir='ltr'><strong>fraus</strong></span> <span class='ocrx_word' id='word_1_27' title='bbox 1177 626 1348 691; x_wconf 86' lang='lat' dir='ltr'><strong>ultro</strong></span> <span class='ocrx_word' id='word_1_28' title='bbox 1408 624 1692 713; x_wconf 81' lang='lat' dir='ltr'>perpluit</span> <span class='ocrx_word' id='word_1_29' title='bbox 1708 646 1724 704; x_wconf 75' lang='grc' dir='ltr'><strong><em>ς</em></strong></span> <span class='ocrx_word' id='word_1_30' title='bbox 1792 647 1943 691; x_wconf 89' lang='lat' dir='ltr'><strong>nam</strong></span> <span class='ocrx_word' id='word_1_31' title='bbox 2012 627 2373 711; x_wconf 80' lang='lat' dir='ltr'><strong>quicunque</strong></span> <span class='ocrx_word' id='word_1_32' title='bbox 2421 624 2658 691; x_wconf 85' lang='lat' dir='ltr'><strong>Graece</strong></span> <span class='ocrx_word' id='word_1_33' title='bbox 2704 625 2906 690; x_wconf 90' lang='lat' dir='ltr'><strong>sciunt</strong></span> 
     </span>
     <span class='ocr_line' id='line_1_5' title="bbox 519 729 2905 820; baseline -0.002 -24"><span class='ocrx_word' id='word_1_34' title='bbox 519 731 830 796; x_wconf 75' lang='lat' dir='ltr'><strong>admoniti</strong></span> <span class='ocrx_word' id='word_1_35' title='bbox 893 730 1084 798; x_wconf 78' lang='lat' dir='ltr'><strong>facile</strong></span> <span class='ocrx_word' id='word_1_36' title='bbox 1154 737 1496 820; x_wconf 81' lang='lat' dir='ltr'><strong>agnoscent</strong></span> <span class='ocrx_word' id='word_1_37' title='bbox 1561 733 2047 797; x_wconf 78' lang='lat' dir='ltr'><strong>vitiosissimam</strong></span> <span class='ocrx_word' id='word_1_38' title='bbox 2113 739 2177 797; x_wconf 90' lang='lat' dir='ltr'><strong>et</strong></span> <span class='ocrx_word' id='word_1_39' title='bbox 2237 752 2495 817; x_wconf 85' lang='lat' dir='ltr'><strong>prorsus</strong></span> <span class='ocrx_word' id='word_1_40' title='bbox 2554 729 2905 796; x_wconf 88' lang='lat' dir='ltr'><strong>inauditam</strong></span> 
     </span>
     <span class='ocr_line' id='line_1_6' title="bbox 520 836 2905 923; baseline -0.002 -20"><span class='ocrx_word' id='word_1_41' title='bbox 520 857 652 903; x_wconf 88' lang='lat' dir='ltr'><strong>esse</strong></span> <span class='ocrx_word' id='word_1_42' title='bbox 698 839 860 922; x_wconf 85' lang='lat' dir='ltr'><strong>hanc</strong></span> <span class='ocrx_word' id='word_1_43' title='bbox 903 836 1362 923; x_wconf 88' lang='lat' dir='ltr'><strong>particularum</strong></span> <span class='ocrx_word' id='word_1_44' title='bbox 1411 840 1953 905; x_wconf 82' lang='lat' dir='ltr'><strong>coniunctionem:</strong></span> <span class='ocrx_word' id='word_1_45' title='bbox 1999 839 2105 916; x_wconf 69' lang='grc' dir='ltr'><strong>μὴ</strong></span> <span class='ocrx_word' id='word_1_46' title='bbox 2154 877 2239 888; x_wconf 94' lang='grc'>-</span> <span class='ocrx_word' id='word_1_47' title='bbox 2288 841 2395 916; x_wconf 77' lang='grc' dir='ltr'><strong>μή</strong></span> <span class='ocrx_word' id='word_1_48' title='bbox 2420 863 2509 902; x_wconf 85' lang='grc' dir='ltr'><strong>τε</strong></span> <span class='ocrx_word' id='word_1_49' title='bbox 2548 875 2631 886; x_wconf 89' lang='grc'>-</span> <span class='ocrx_word' id='word_1_50' title='bbox 2658 839 2763 914; x_wconf 73' lang='grc' dir='ltr'><strong>μή</strong></span> <span class='ocrx_word' id='word_1_51' title='bbox 2804 859 2905 900; x_wconf 90' lang='grc' dir='ltr'><strong>τε.</strong></span> 
     </span>
    </p>
   </div>
   <div class='ocr_carea' id='block_1_3' title="bbox 481 943 2907 1028">
    <p class='ocr_par' dir='ltr' id='par_1_3' title="bbox 481 943 2907 1028">
     <span class='ocr_line' id='line_1_7' title="bbox 481 943 2907 1028; baseline -0.001 -19"><span class='ocrx_word' id='word_1_52' title='bbox 481 1021 486 1028; x_wconf 85' lang='lat'><strong>.</strong></span> <span class='ocrx_word' id='word_1_53' title='bbox 519 943 588 1009; x_wconf 83' lang='lat' dir='ltr'><strong>Si</strong></span> <span class='ocrx_word' id='word_1_54' title='bbox 641 968 679 1007; x_wconf 84' lang='grc' dir='ltr'><strong><em>κ</em></strong></span> <span class='ocrx_word' id='word_1_55' title='bbox 695 968 738 1007; x_wconf 89' lang='grc' dir='ltr'><strong><em>α</em></strong></span> <span class='ocrx_word' id='word_1_56' title='bbox 757 968 794 1007; x_wconf 93' lang='grc' dir='ltr'><strong><em>τ</em></strong></span> <span class='ocrx_word' id='word_1_57' title='bbox 813 967 855 1006; x_wconf 91' lang='grc' dir='ltr'><strong><em>α</em></strong></span> <span class='ocrx_word' id='word_1_58' title='bbox 873 943 950 1008; x_wconf 79' lang='grc' dir='ltr'><strong><em>δε</em></strong></span> <span class='ocrx_word' id='word_1_59' title='bbox 965 945 989 1008; x_wconf 81' lang='lat' dir='ltr'><em>l</em></span> <span class='ocrx_word' id='word_1_60' title='bbox 1007 968 1045 1007; x_wconf 93' lang='grc' dir='ltr'><strong><em>σ</em></strong></span> <span class='ocrx_word' id='word_1_61' title='bbox 1063 968 1107 1007; x_wconf 89' lang='grc' dir='ltr'><strong><em>α</em></strong></span> <span class='ocrx_word' id='word_1_62' title='bbox 1126 969 1154 1008; x_wconf 98' lang='grc' dir='ltr'><strong><em>ν</em></strong></span> <span class='ocrx_word' id='word_1_63' title='bbox 1169 969 1209 1007; x_wconf 92' lang='grc' dir='ltr'><strong><em>τ</em></strong></span> <span class='ocrx_word' id='word_1_64' title='bbox 1226 968 1270 1007; x_wconf 92' lang='grc' dir='ltr'><strong><em>α</em></strong></span> <span class='ocrx_word' id='word_1_65' title='bbox 1287 969 1314 1014; x_wconf 82' lang='grc' dir='ltr'><strong><em>ς</em></strong></span> <span class='ocrx_word' id='word_1_66' title='bbox 1367 946 1637 1010; x_wconf 89' lang='lat' dir='ltr'><strong>retinere</strong></span> <span class='ocrx_word' id='word_1_67' title='bbox 1686 943 1987 1011; x_wconf 86' lang='lat' dir='ltr'><strong>volumus</strong></span> <span class='ocrx_word' id='word_1_68' title='bbox 2006 992 2021 1022; x_wconf 92' lang='lat'>‚</span> <span class='ocrx_word' id='word_1_69' title='bbox 2066 947 2159 1010; x_wconf 91' lang='lat' dir='ltr'><strong>ita</strong></span> <span class='ocrx_word' id='word_1_70' title='bbox 2200 945 2607 1010; x_wconf 83' lang='lat' dir='ltr'><strong>scribendum</strong></span> <span class='ocrx_word' id='word_1_71' title='bbox 2632 946 2791 1010; x_wconf 87' lang='lat' dir='ltr'><strong>erit:</strong></span> <span class='ocrx_word' id='word_1_72' title='bbox 2816 943 2907 1020; x_wconf 69' lang='grc' dir='ltr'><strong>μὴ</strong></span> 
     </span>
    </p>
   </div>
   <div class='ocr_carea' id='block_1_4' title="bbox 520 1049 2915 4450">
    <p class='ocr_par' dir='ltr' id='par_1_4' title="bbox 520 1049 2911 1542">
     <span class='ocr_line' id='line_1_8' title="bbox 520 1049 2909 1138; baseline -0.001 -24"><span class='ocrx_word' id='word_1_73' title='bbox 520 1049 1060 1128; x_wconf 71' lang='grc' dir='ltr'><strong><em>καταπλαγέντας</em></strong></span> <span class='ocrx_word' id='word_1_74' title='bbox 1109 1051 1378 1130; x_wconf 57' lang='grc' dir='ltr'><strong><em>μήτε,</em></strong></span> <span class='ocrx_word' id='word_1_75' title='bbox 1429 1049 1581 1138; x_wconf 84' lang='lat' dir='ltr'><strong>del.]</strong></span> <span class='ocrx_word' id='word_1_76' title='bbox 1638 1050 1777 1122; x_wconf 83' lang='grc' dir='ltr'><strong><em>τοὺς</em></strong></span> <span class='ocrx_word' id='word_1_77' title='bbox 1824 1049 2047 1127; x_wconf 82' lang='grc' dir='ltr'><strong><em>μύθους</em></strong></span> <span class='ocrx_word' id='word_1_78' title='bbox 2094 1097 2290 1116; x_wconf 91' lang='grc'><strong>.....</strong></span> <span class='ocrx_word' id='word_1_79' title='bbox 2319 1050 2521 1128; x_wconf 73' lang='grc' dir='ltr'><strong>μηδὲ</strong></span> <span class='ocrx_word' id='word_1_80' title='bbox 2572 1051 2680 1126; x_wconf 66' lang='grc' dir='ltr'><strong><em>τὴν</em></strong></span> <span class='ocrx_word' id='word_1_81' title='bbox 2730 1071 2909 1128; x_wconf 85' lang='grc' dir='ltr'><strong><em>προσ-</em></strong></span> 
     </span>
     <span class='ocr_line' id='line_1_9' title="bbox 520 1155 2908 1244; baseline -0.002 -23"><span class='ocrx_word' id='word_1_82' title='bbox 520 1157 770 1236; x_wconf 74' lang='grc' dir='ltr'><strong><em>ηγορίαν</em></strong></span> <span class='ocrx_word' id='word_1_83' title='bbox 828 1157 1351 1228; x_wconf 66' lang='grc' dir='ltr'><strong>καταδείσαντας.</strong></span> <span class='ocrx_word' id='word_1_84' title='bbox 1425 1155 1549 1222; x_wconf 83' lang='lat' dir='ltr'><strong>Sed</strong></span> <span class='ocrx_word' id='word_1_85' title='bbox 1598 1156 1765 1242; x_wconf 86' lang='lat' dir='ltr'><strong>quod</strong></span> <span class='ocrx_word' id='word_1_86' title='bbox 1812 1178 1981 1222; x_wconf 81' lang='lat' dir='ltr'><strong>nunc</strong></span> <span class='ocrx_word' id='word_1_87' title='bbox 2025 1157 2267 1244; x_wconf 79' lang='lat' dir='ltr'><strong>legitur</strong></span> <span class='ocrx_word' id='word_1_88' title='bbox 2310 1155 2631 1222; x_wconf 81' lang='lat' dir='ltr'><strong>soloecum</strong></span> <span class='ocrx_word' id='word_1_89' title='bbox 2672 1161 2801 1233; x_wconf 78' lang='lat' dir='ltr'><strong>est,</strong></span> <span class='ocrx_word' id='word_1_90' title='bbox 2846 1157 2908 1218; x_wconf 76' lang='lat' dir='ltr'><strong>et</strong></span> 
     </span>
     <span class='ocr_line' id='line_1_10' title="bbox 523 1261 2907 1350; baseline -0.002 -21"><span class='ocrx_word' id='word_1_91' title='bbox 523 1284 560 1329; x_wconf 92' lang='lat' dir='ltr'><strong>a</strong></span> <span class='ocrx_word' id='word_1_92' title='bbox 630 1262 912 1329; x_wconf 88' lang='lat' dir='ltr'><strong>Luciano</strong></span> <span class='ocrx_word' id='word_1_93' title='bbox 983 1265 1074 1328; x_wconf 89' lang='lat' dir='ltr'><strong>sic</strong></span> <span class='ocrx_word' id='word_1_94' title='bbox 1143 1265 1334 1328; x_wconf 80' lang='lat' dir='ltr'><strong>scribi</strong></span> <span class='ocrx_word' id='word_1_95' title='bbox 1395 1264 1679 1348; x_wconf 89' lang='lat' dir='ltr'><strong>potuisse</strong></span> <span class='ocrx_word' id='word_1_96' title='bbox 1742 1283 1927 1350; x_wconf 82' lang='lat' dir='ltr'><strong>nego.</strong></span> <span class='ocrx_word' id='word_1_97' title='bbox 1994 1263 2111 1329; x_wconf 86' lang='lat' dir='ltr'><strong>Vel</strong></span> <span class='ocrx_word' id='word_1_98' title='bbox 2174 1284 2377 1328; x_wconf 89' lang='lat' dir='ltr'><strong>unum</strong></span> <span class='ocrx_word' id='word_1_99' title='bbox 2426 1261 2641 1328; x_wconf 82' lang='lat' dir='ltr'><strong>locum</strong></span> <span class='ocrx_word' id='word_1_100' title='bbox 2690 1261 2907 1327; x_wconf 89' lang='lat' dir='ltr'><strong>eodem</strong></span> 
     </span>
     <span class='ocr_line' id='line_1_11' title="bbox 524 1366 2911 1455; baseline -0.001 -20"><span class='ocrx_word' id='word_1_101' title='bbox 524 1369 714 1436; x_wconf 90' lang='lat' dir='ltr'><strong>modo</strong></span> <span class='ocrx_word' id='word_1_102' title='bbox 762 1371 1187 1454; x_wconf 86' lang='lat' dir='ltr'><strong>compositum</strong></span> <span class='ocrx_word' id='word_1_103' title='bbox 1236 1390 1313 1435; x_wconf 86' lang='lat' dir='ltr'><strong>ex</strong></span> <span class='ocrx_word' id='word_1_104' title='bbox 1362 1375 1498 1435; x_wconf 88' lang='lat' dir='ltr'><strong>toto</strong></span> <span class='ocrx_word' id='word_1_105' title='bbox 1543 1369 1825 1437; x_wconf 89' lang='lat' dir='ltr'><strong>Luciano</strong></span> <span class='ocrx_word' id='word_1_106' title='bbox 1879 1369 2111 1455; x_wconf 89' lang='lat' dir='ltr'><strong>aliquis</strong></span> <span class='ocrx_word' id='word_1_107' title='bbox 2158 1369 2321 1435; x_wconf 90' lang='lat' dir='ltr'><strong>mihi</strong></span> <span class='ocrx_word' id='word_1_108' title='bbox 2368 1369 2615 1446; x_wconf 85' lang='lat' dir='ltr'><strong>afferat,</strong></span> <span class='ocrx_word' id='word_1_109' title='bbox 2666 1375 2733 1434; x_wconf 93' lang='lat' dir='ltr'><strong>et</strong></span> <span class='ocrx_word' id='word_1_110' title='bbox 2780 1366 2911 1434; x_wconf 82' lang='lat' dir='ltr'><strong>vic-</strong></span> 
     </span>
     <span class='ocr_line' id='line_1_12' title="bbox 523 1476 1313 1542; baseline 0 -1"><span class='ocrx_word' id='word_1_111' title='bbox 523 1481 662 1541; x_wconf 87' lang='lat' dir='ltr'><strong>tum</strong></span> <span class='ocrx_word' id='word_1_112' title='bbox 712 1496 818 1540; x_wconf 90' lang='lat' dir='ltr'><strong>me</strong></span> <span class='ocrx_word' id='word_1_113' title='bbox 863 1496 998 1540; x_wconf 89' lang='lat' dir='ltr'><strong>esse</strong></span> <span class='ocrx_word' id='word_1_114' title='bbox 1043 1476 1313 1542; x_wconf 86' lang='lat' dir='ltr'><strong>fatebor.</strong></span> 
     </span>
    </p>

    <p class='ocr_par' dir='ltr' id='par_1_5' title="bbox 525 1579 2915 2200">
     <span class='ocr_line' id='line_1_13' title="bbox 616 1579 2911 1666; baseline -0.002 -19"><span class='ocrx_word' id='word_1_115' title='bbox 616 1579 767 1666; x_wconf 83' lang='lat' dir='ltr'><strong>Cap.</strong></span> <span class='ocrx_word' id='word_1_116' title='bbox 835 1579 897 1645; x_wconf 88' lang='lat'><strong>4.</strong></span> <span class='ocrx_word' id='word_1_117' title='bbox 973 1583 1078 1647; x_wconf 85' lang='grc' dir='ltr'><strong>οὐκ</strong></span> <span class='ocrx_word' id='word_1_118' title='bbox 1142 1582 1200 1654; x_wconf 78' lang='grc' dir='ltr'><strong><em>ἐς</em></strong></span> <span class='ocrx_word' id='word_1_119' title='bbox 1267 1580 1370 1646; x_wconf 79' lang='grc' dir='ltr'><strong><em>τὸν</em></strong></span> <span class='ocrx_word' id='word_1_120' title='bbox 1418 1580 1649 1646; x_wconf 78' lang='grc' dir='ltr'><strong><em>Πόντον</em></strong></span> <span class='ocrx_word' id='word_1_121' title='bbox 1694 1582 1823 1648; x_wconf 75' lang='grc' dir='ltr'><strong>οὐδὲ</strong></span> <span class='ocrx_word' id='word_1_122' title='bbox 1894 1580 2044 1664; x_wconf 73' lang='grc' dir='ltr'><strong><em>ἄχρι</em></strong></span> <span class='ocrx_word' id='word_1_123' title='bbox 2096 1590 2205 1657; x_wconf 78' lang='grc' dir='ltr'><strong>τῆς</strong></span> <span class='ocrx_word' id='word_1_124' title='bbox 2254 1580 2603 1654; x_wconf 71' lang='grc' dir='ltr'><strong><em>Μαιώτιδος</em></strong></span> <span class='ocrx_word' id='word_1_125' title='bbox 2652 1579 2761 1645; x_wconf 73' lang='grc' dir='ltr'><strong>καὶ</strong></span> <span class='ocrx_word' id='word_1_126' title='bbox 2811 1581 2911 1644; x_wconf 80' lang='grc' dir='ltr'><strong><em>τοῦ</em></strong></span> 
     </span>
     <span class='ocr_line' id='line_1_14' title="bbox 525 1685 2908 1776; baseline -0.003 -23"><span class='ocrx_word' id='word_1_127' title='bbox 525 1685 825 1768; x_wconf 77' lang='grc' dir='ltr'><strong><em>Βοσπόρου</em></strong></span> <span class='ocrx_word' id='word_1_128' title='bbox 897 1687 1072 1765; x_wconf 83' lang='grc' dir='ltr'><strong><em>μόνον</em></strong></span> <span class='ocrx_word' id='word_1_129' title='bbox 1145 1688 1544 1759; x_wconf 77' lang='grc' dir='ltr'><strong><em>ἐσπλέοντας.</em></strong></span> <span class='ocrx_word' id='word_1_130' title='bbox 1620 1687 1754 1754; x_wconf 89' lang='lat' dir='ltr'><strong>Iam</strong></span> <span class='ocrx_word' id='word_1_131' title='bbox 1829 1710 1940 1776; x_wconf 89' lang='lat' dir='ltr'><strong>per</strong></span> <span class='ocrx_word' id='word_1_132' title='bbox 2010 1710 2076 1754; x_wconf 92' lang='lat' dir='ltr'><strong>se</strong></span> <span class='ocrx_word' id='word_1_133' title='bbox 2140 1688 2610 1754; x_wconf 80' lang='lat' dir='ltr'><strong>dubitationem</strong></span> <span class='ocrx_word' id='word_1_134' title='bbox 2658 1691 2908 1752; x_wconf 84' lang='lat' dir='ltr'><strong>movet:</strong></span> 
     </span>
     <span class='ocr_line' id='line_1_15' title="bbox 525 1789 2912 1880; baseline -0.003 -20"><span class='ocrx_word' id='word_1_135' title='bbox 525 1793 677 1876; x_wconf 73' lang='grc' dir='ltr'><strong><em>ἄχρι</em></strong></span> <span class='ocrx_word' id='word_1_136' title='bbox 727 1803 836 1870; x_wconf 80' lang='grc' dir='ltr'><strong>τῆς</strong></span> <span class='ocrx_word' id='word_1_137' title='bbox 883 1793 1229 1865; x_wconf 73' lang='grc' dir='ltr'><strong><em>Μαιώτιδος</em></strong></span> <span class='ocrx_word' id='word_1_138' title='bbox 1278 1794 1581 1872; x_wconf 77' lang='grc' dir='ltr'><strong><em>ἕσπλεῑν;</em></strong></span> <span class='ocrx_word' id='word_1_139' title='bbox 1622 1794 1729 1860; x_wconf 88' lang='lat' dir='ltr'><strong>sed</strong></span> <span class='ocrx_word' id='word_1_140' title='bbox 1766 1815 1966 1880; x_wconf 89' lang='lat' dir='ltr'><strong>quum</strong></span> <span class='ocrx_word' id='word_1_141' title='bbox 2009 1794 2073 1860; x_wconf 92' lang='lat' dir='ltr'><strong>h.</strong></span> <span class='ocrx_word' id='word_1_142' title='bbox 2099 1793 2145 1859; x_wconf 93' lang='lat' dir='ltr'><strong>l.</strong></span> <span class='ocrx_word' id='word_1_143' title='bbox 2188 1814 2350 1879; x_wconf 87' lang='lat' dir='ltr'><strong>quae</strong></span> <span class='ocrx_word' id='word_1_144' title='bbox 2398 1792 2661 1860; x_wconf 85' lang='lat' dir='ltr'><strong>&#39;I&#39;oxaris</strong></span> <span class='ocrx_word' id='word_1_145' title='bbox 2698 1789 2912 1878; x_wconf 85' lang='lat' dir='ltr'><strong>paullo</strong></span> 
     </span>
     <span class='ocr_line' id='line_1_16' title="bbox 528 1897 2913 1985; baseline -0.003 -18"><span class='ocrx_word' id='word_1_146' title='bbox 528 1907 674 1967; x_wconf 83' lang='lat' dir='ltr'><strong>ante</strong></span> <span class='ocrx_word' id='word_1_147' title='bbox 721 1901 968 1966; x_wconf 78' lang='lat' dir='ltr'><strong>dixerat</strong></span> <span class='ocrx_word' id='word_1_148' title='bbox 1013 1903 1470 1985; x_wconf 78' lang='lat' dir='ltr'><strong>respiciantur:</strong></span> <span class='ocrx_word' id='word_1_149' title='bbox 1521 1905 1803 1965; x_wconf 82' lang='grc' dir='ltr'><strong><em>τοσοῦτον</em></strong></span> <span class='ocrx_word' id='word_1_150' title='bbox 1841 1899 1967 1964; x_wconf 69' lang='grc' dir='ltr'><strong><em>ἀπὸ</em></strong></span> <span class='ocrx_word' id='word_1_151' title='bbox 2004 1905 2115 1972; x_wconf 75' lang='grc' dir='ltr'><strong>τῆς</strong></span> <span class='ocrx_word' id='word_1_152' title='bbox 2158 1900 2358 1964; x_wconf 79' lang='grc' dir='ltr'><strong><em>αὐτῶν</em></strong></span> <span class='ocrx_word' id='word_1_153' title='bbox 2400 1899 2764 1979; x_wconf 67' lang='grc' dir='ltr'><strong><em>ἀπάραντες</em></strong></span> <span class='ocrx_word' id='word_1_154' title='bbox 2808 1897 2913 1960; x_wconf 82' lang='grc' dir='ltr'><strong>ἐκ·</strong></span> 
     </span>
     <span class='ocr_line' id='line_1_17' title="bbox 526 2005 2915 2086; baseline -0.002 -15"><span class='ocrx_word' id='word_1_155' title='bbox 526 2011 828 2073; x_wconf 82' lang='grc' dir='ltr'><strong><em>πλεῦσαι</em></strong></span> <span class='ocrx_word' id='word_1_156' title='bbox 891 2007 1008 2078; x_wconf 77' lang='grc' dir='ltr'><strong>εἰς</strong></span> <span class='ocrx_word' id='word_1_157' title='bbox 1056 2008 1185 2072; x_wconf 83' lang='grc' dir='ltr'><strong><em>τὸν</em></strong></span> <span class='ocrx_word' id='word_1_158' title='bbox 1225 2005 1554 2086; x_wconf 81' lang='grc' dir='ltr'><strong><em>Πόντον,</em></strong></span> <span class='ocrx_word' id='word_1_159' title='bbox 1616 2009 1752 2074; x_wconf 87' lang='lat' dir='ltr'><strong>sine</strong></span> <span class='ocrx_word' id='word_1_160' title='bbox 1799 2005 1935 2073; x_wconf 88' lang='lat' dir='ltr'><strong>ullo</strong></span> <span class='ocrx_word' id='word_1_161' title='bbox 1981 2006 2176 2073; x_wconf 85' lang='lat' dir='ltr'><strong>dubio</strong></span> <span class='ocrx_word' id='word_1_162' title='bbox 2220 2005 2597 2078; x_wconf 77' lang='grc' dir='ltr'><strong><em>ἐκπλέοντες</em></strong></span> <span class='ocrx_word' id='word_1_163' title='bbox 2646 2009 2745 2071; x_wconf 77' lang='lat' dir='ltr'><strong>est</strong></span> <span class='ocrx_word' id='word_1_164' title='bbox 2790 2023 2915 2069; x_wconf 82' lang='lat' dir='ltr'><strong>cor·</strong></span> 
     </span>
     <span class='ocr_line' id='line_1_18' title="bbox 529 2112 889 2200; baseline -0.006 -22"><span class='ocrx_word' id='word_1_165' title='bbox 529 2112 889 2200; x_wconf 81' lang='lat' dir='ltr'><strong>rigendum.</strong></span> 
     </span>
    </p>

    <p class='ocr_par' dir='ltr' id='par_1_6' title="bbox 526 2215 2913 2620">
     <span class='ocr_line' id='line_1_19' title="bbox 619 2215 2905 2304; baseline -0.002 -20"><span class='ocrx_word' id='word_1_166' title='bbox 619 2215 771 2304; x_wconf 87' lang='lat' dir='ltr'><strong>Gap.</strong></span> <span class='ocrx_word' id='word_1_167' title='bbox 840 2217 900 2282; x_wconf 88' lang='lat'><strong>5.</strong></span> <span class='ocrx_word' id='word_1_168' title='bbox 971 2217 1097 2282; x_wconf 88' lang='lat' dir='ltr'><strong>Pro</strong></span> <span class='ocrx_word' id='word_1_169' title='bbox 1163 2218 1410 2289; x_wconf 80' lang='grc' dir='ltr'><strong><em>καλὸς</em></strong></span> <span class='ocrx_word' id='word_1_170' title='bbox 1477 2219 1613 2281; x_wconf 82' lang='grc' dir='ltr'><strong>καὶ</strong></span> <span class='ocrx_word' id='word_1_171' title='bbox 1678 2219 1993 2296; x_wconf 72' lang='grc' dir='ltr'><strong><em>ἀγαθός</em></strong></span> <span class='ocrx_word' id='word_1_172' title='bbox 2044 2225 2108 2284; x_wconf 85' lang='lat' dir='ltr'><strong>et</strong></span> <span class='ocrx_word' id='word_1_173' title='bbox 2152 2219 2256 2285; x_wconf 86' lang='lat' dir='ltr'><strong>hic</strong></span> <span class='ocrx_word' id='word_1_174' title='bbox 2304 2224 2368 2284; x_wconf 88' lang='lat' dir='ltr'><strong>et</strong></span> <span class='ocrx_word' id='word_1_175' title='bbox 2418 2217 2575 2283; x_wconf 89' lang='lat' dir='ltr'><strong>alibi</strong></span> <span class='ocrx_word' id='word_1_176' title='bbox 2620 2218 2905 2302; x_wconf 81' lang='lat' dir='ltr'><strong>requiro:</strong></span> 
     </span>
     <span class='ocr_line' id='line_1_20' title="bbox 526 2321 2913 2410; baseline -0.002 -20"><span class='ocrx_word' id='word_1_177' title='bbox 526 2325 782 2396; x_wconf 84' lang='grc' dir='ltr'><strong><em>καλὸς</em></strong></span> <span class='ocrx_word' id='word_1_178' title='bbox 856 2323 1253 2402; x_wconf 71' lang='grc' dir='ltr'><strong><em>κάγαθός.</em></strong></span> <span class='ocrx_word' id='word_1_179' title='bbox 1325 2322 1713 2410; x_wconf 81' lang='lat' dir='ltr'><strong>Saepissime</strong></span> <span class='ocrx_word' id='word_1_180' title='bbox 1781 2326 1901 2390; x_wconf 90' lang='lat' dir='ltr'><strong>hoc</strong></span> <span class='ocrx_word' id='word_1_181' title='bbox 1969 2323 2293 2390; x_wconf 86' lang='lat' dir='ltr'><strong>inculcant</strong></span> <span class='ocrx_word' id='word_1_182' title='bbox 2362 2321 2796 2391; x_wconf 84' lang='lat' dir='ltr'><strong>Grammatici</strong></span> <span class='ocrx_word' id='word_1_183' title='bbox 2854 2325 2913 2386; x_wconf 87' lang='lat' dir='ltr'><strong>et</strong></span> 
     </span>
     <span class='ocr_line' id='line_1_21' title="bbox 528 2429 2911 2518; baseline -0.003 -21"><span class='ocrx_word' id='word_1_184' title='bbox 528 2433 904 2509; x_wconf 86' lang='lat' dir='ltr'><strong>Atticistae;</strong></span> <span class='ocrx_word' id='word_1_185' title='bbox 981 2429 1132 2494; x_wconf 88' lang='lat' dir='ltr'><strong>audi</strong></span> <span class='ocrx_word' id='word_1_186' title='bbox 1201 2429 1464 2496; x_wconf 87' lang='lat' dir='ltr'><strong>Aelium</strong></span> <span class='ocrx_word' id='word_1_187' title='bbox 1535 2430 1918 2518; x_wconf 83' lang='lat' dir='ltr'><strong>Dionysium</strong></span> <span class='ocrx_word' id='word_1_188' title='bbox 1986 2431 2154 2517; x_wconf 88' lang='lat' dir='ltr'><strong>apud</strong></span> <span class='ocrx_word' id='word_1_189' title='bbox 2215 2429 2526 2496; x_wconf 91' lang='lat' dir='ltr'><strong>Photium</strong></span> <span class='ocrx_word' id='word_1_190' title='bbox 2586 2432 2655 2495; x_wconf 89' lang='lat' dir='ltr'><strong>in</strong></span> <span class='ocrx_word' id='word_1_191' title='bbox 2718 2448 2911 2496; x_wconf 81' lang='lat' dir='ltr'><strong>voce:</strong></span> 
     </span>
     <span class='ocr_line' id='line_1_22' title="bbox 527 2536 2537 2620; baseline -0 -18"><span class='ocrx_word' id='word_1_192' title='bbox 527 2538 786 2616; x_wconf 74' lang='grc' dir='ltr'><strong><em>λέγεται</em></strong></span> <span class='ocrx_word' id='word_1_193' title='bbox 837 2536 1009 2601; x_wconf 76' lang='grc' dir='ltr'><strong><em>κατα</em></strong></span> <span class='ocrx_word' id='word_1_194' title='bbox 1057 2540 1469 2620; x_wconf 74' lang='grc' dir='ltr'><strong><em>συναλοιφήν,</em></strong></span> <span class='ocrx_word' id='word_1_195' title='bbox 1524 2538 1665 2617; x_wconf 81' lang='grc' dir='ltr'><strong>οὐχὶ</strong></span> <span class='ocrx_word' id='word_1_196' title='bbox 1716 2536 1965 2611; x_wconf 79' lang='grc' dir='ltr'><strong><em>καλὸς</em></strong></span> <span class='ocrx_word' id='word_1_197' title='bbox 2016 2538 2151 2601; x_wconf 75' lang='grc' dir='ltr'><strong>καὶ</strong></span> <span class='ocrx_word' id='word_1_198' title='bbox 2202 2536 2537 2616; x_wconf 68' lang='grc' dir='ltr'><strong><em>ἀγαθός.</em></strong></span> 
     </span>
    </p>

    <p class='ocr_par' dir='ltr' id='par_1_7' title="bbox 525 2641 2913 3049">
     <span class='ocr_line' id='line_1_23' title="bbox 618 2641 2910 2729; baseline -0.002 -19"><span class='ocrx_word' id='word_1_199' title='bbox 618 2641 772 2729; x_wconf 86' lang='lat' dir='ltr'><strong>Gap.</strong></span> <span class='ocrx_word' id='word_1_200' title='bbox 824 2642 886 2708; x_wconf 87' lang='lat'><strong>6.</strong></span> <span class='ocrx_word' id='word_1_201' title='bbox 936 2644 1119 2709; x_wconf 79' lang='grc' dir='ltr'><strong><em>ἔνθα</em></strong></span> <span class='ocrx_word' id='word_1_202' title='bbox 1169 2642 1258 2719; x_wconf 69' lang='grc' dir='ltr'><strong>δὴ</strong></span> <span class='ocrx_word' id='word_1_203' title='bbox 1307 2645 1409 2709; x_wconf 75' lang='grc' dir='ltr'><strong>καὶ</strong></span> <span class='ocrx_word' id='word_1_204' title='bbox 1460 2644 1753 2722; x_wconf 71' lang='grc' dir='ltr'><strong><em>μάλιστα</em></strong></span> <span class='ocrx_word' id='word_1_205' title='bbox 1803 2643 1911 2709; x_wconf 76' lang='grc' dir='ltr'><strong><em>ἴδοι</em></strong></span> <span class='ocrx_word' id='word_1_206' title='bbox 1953 2668 2045 2715; x_wconf 89' lang='grc' dir='ltr'><strong>τις</strong></span> <span class='ocrx_word' id='word_1_207' title='bbox 2088 2644 2163 2711; x_wconf 76' lang='grc' dir='ltr'><strong>ἂν</strong></span> <span class='ocrx_word' id='word_1_208' title='bbox 2202 2643 2425 2719; x_wconf 79' lang='grc' dir='ltr'><strong><em>ὁπόσην</em></strong></span> <span class='ocrx_word' id='word_1_209' title='bbox 2454 2644 2600 2723; x_wconf 73' lang='grc' dir='ltr'><strong><em>ὑπὲρ</em></strong></span> <span class='ocrx_word' id='word_1_210' title='bbox 2624 2644 2910 2717; x_wconf 68' lang='grc' dir='ltr'><strong><em>ἀλλήλων</em></strong></span> 
     </span>
     <span class='ocr_line' id='line_1_24' title="bbox 527 2747 2911 2837; baseline -0 -23"><span class='ocrx_word' id='word_1_211' title='bbox 527 2748 759 2814; x_wconf 79' lang='grc' dir='ltr'><strong><em>εὔνοιαν</em></strong></span> <span class='ocrx_word' id='word_1_212' title='bbox 823 2749 1240 2815; x_wconf 73' lang='grc' dir='ltr'><strong><em>ἐπεδείκνυντο</em></strong></span> <span class='ocrx_word' id='word_1_213' title='bbox 1307 2752 1396 2837; x_wconf 80' lang='grc' dir='ltr'><strong>[ἐν</strong></span> <span class='ocrx_word' id='word_1_214' title='bbox 1443 2761 1534 2833; x_wconf 69' lang='grc' dir='ltr'><strong><em>τῇ</em></strong></span> <span class='ocrx_word' id='word_1_215' title='bbox 1586 2750 1776 2827; x_wconf 79' lang='grc' dir='ltr'><strong><em>πρὸς</em></strong></span> <span class='ocrx_word' id='word_1_216' title='bbox 1825 2752 2013 2824; x_wconf 83' lang='grc' dir='ltr'><strong><em>τοὺς</em></strong></span> <span class='ocrx_word' id='word_1_217' title='bbox 2066 2750 2386 2823; x_wconf 80' lang='grc' dir='ltr'><strong><em>Σκύθας</em></strong></span> <span class='ocrx_word' id='word_1_218' title='bbox 2437 2747 2911 2831; x_wconf 59' lang='grc' dir='ltr'><strong><em>συμπλοκῇ.</em></strong></span> 
     </span>
     <span class='ocr_line' id='line_1_25' title="bbox 525 2852 2913 2946; baseline -0.002 -25"><span class='ocrx_word' id='word_1_219' title='bbox 525 2852 710 2921; x_wconf 80' lang='lat' dir='ltr'><strong>cEcce</strong></span> <span class='ocrx_word' id='word_1_220' title='bbox 756 2858 991 2921; x_wconf 86' lang='lat' dir='ltr'><strong>iterum</strong></span> <span class='ocrx_word' id='word_1_221' title='bbox 1041 2854 1427 2943; x_wconf 78' lang='lat' dir='ltr'><strong>Crispinusl’</strong></span> <span class='ocrx_word' id='word_1_222' title='bbox 1488 2855 1676 2923; x_wconf 86' lang='lat' dir='ltr'><strong>Nihil</strong></span> <span class='ocrx_word' id='word_1_223' title='bbox 1722 2856 1841 2922; x_wconf 88' lang='lat' dir='ltr'><strong>tali</strong></span> <span class='ocrx_word' id='word_1_224' title='bbox 1886 2877 2003 2942; x_wconf 93' lang='lat' dir='ltr'><strong>ope</strong></span> <span class='ocrx_word' id='word_1_225' title='bbox 2048 2858 2431 2946; x_wconf 82' lang='lat' dir='ltr'><strong>indigemus.</strong></span> <span class='ocrx_word' id='word_1_226' title='bbox 2482 2856 2554 2921; x_wconf 88' lang='lat' dir='ltr'><strong>In</strong></span> <span class='ocrx_word' id='word_1_227' title='bbox 2601 2854 2913 2942; x_wconf 86' lang='lat' dir='ltr'><strong>sequenti·</strong></span> 
     </span>
     <span class='ocr_line' id='line_1_26' title="bbox 527 2950 2643 3049; baseline 0.001 -23"><span class='ocrx_word' id='word_1_228' title='bbox 527 2962 647 3027; x_wconf 90' lang='lat' dir='ltr'><strong>bus</strong></span> <span class='ocrx_word' id='word_1_229' title='bbox 694 2962 865 3027; x_wconf 84' lang='lat' dir='ltr'><strong>haud</strong></span> <span class='ocrx_word' id='word_1_230' title='bbox 916 2965 1046 3030; x_wconf 89' lang='lat' dir='ltr'><strong>scio</strong></span> <span class='ocrx_word' id='word_1_231' title='bbox 1096 2984 1173 3029; x_wconf 90' lang='lat' dir='ltr'><strong>an</strong></span> <span class='ocrx_word' id='word_1_232' title='bbox 1221 2963 1454 3029; x_wconf 85' lang='lat' dir='ltr'><strong>melius</strong></span> <span class='ocrx_word' id='word_1_233' title='bbox 1503 2966 1670 3029; x_wconf 89' lang='lat' dir='ltr'><strong>absit</strong></span> <span class='ocrx_word' id='word_1_234' title='bbox 1716 2964 1927 3047; x_wconf 72' lang='lat' dir='ltr'><em>copula</em></span> <span class='ocrx_word' id='word_1_235' title='bbox 1977 2950 2120 3049; x_wconf 88' lang='lat' dir='ltr'><strong>post</strong></span> <span class='ocrx_word' id='word_1_236' title='bbox 2165 2962 2643 3044; x_wconf 75' lang='grc' dir='ltr'><strong><em>τοξεύμασι.</em></strong></span> 
     </span>
    </p>

    <p class='ocr_par' dir='ltr' id='par_1_8' title="bbox 525 3066 2911 4450">
     <span class='ocr_line' id='line_1_27' title="bbox 619 3066 2911 3154; baseline -0.001 -18"><span class='ocrx_word' id='word_1_237' title='bbox 619 3066 774 3154; x_wconf 77' lang='lat' dir='ltr'><strong>Gap.</strong></span> <span class='ocrx_word' id='word_1_238' title='bbox 825 3066 889 3134; x_wconf 89' lang='lat'><strong>9.</strong></span> <span class='ocrx_word' id='word_1_239' title='bbox 937 3072 989 3134; x_wconf 78' lang='grc' dir='ltr'><strong><em>εἰ</em></strong></span> <span class='ocrx_word' id='word_1_240' title='bbox 1038 3072 1154 3147; x_wconf 78' lang='grc' dir='ltr'><strong>μὲν</strong></span> <span class='ocrx_word' id='word_1_241' title='bbox 1200 3071 1305 3135; x_wconf 79' lang='grc' dir='ltr'><strong>καὶ</strong></span> <span class='ocrx_word' id='word_1_242' title='bbox 1356 3070 1439 3134; x_wconf 75' lang='grc' dir='ltr'><strong><em>τὰ</em></strong></span> <span class='ocrx_word' id='word_1_243' title='bbox 1488 3067 1663 3134; x_wconf 77' lang='grc' dir='ltr'><strong><em>ἄλλα</em></strong></span> <span class='ocrx_word' id='word_1_244' title='bbox 1716 3072 1893 3145; x_wconf 78' lang='grc' dir='ltr'><strong><em>ἡμεῖς</em></strong></span> <span class='ocrx_word' id='word_1_245' title='bbox 1942 3077 2059 3137; x_wconf 76' lang='grc' dir='ltr'><strong><em>τῶν</em></strong></span> <span class='ocrx_word' id='word_1_246' title='bbox 2106 3071 2427 3145; x_wconf 78' lang='grc' dir='ltr'><strong><em>Ἑλλήνων</em></strong></span> <span class='ocrx_word' id='word_1_247' title='bbox 2463 3071 2567 3136; x_wconf 78' lang='grc' dir='ltr'><strong>καὶ</strong></span> <span class='ocrx_word' id='word_1_248' title='bbox 2616 3069 2911 3137; x_wconf 78' lang='grc' dir='ltr'><strong><em>δικαιότε-</em></strong></span> 
     </span>
     <span class='ocr_line' id='line_1_28' title="bbox 526 3176 2911 3260; baseline -0.001 -16"><span class='ocrx_word' id='word_1_249' title='bbox 526 3202 605 3259; x_wconf 88' lang='grc' dir='ltr'><strong>ροι</strong></span> <span class='ocrx_word' id='word_1_250' title='bbox 666 3177 751 3242; x_wconf 77' lang='grc' dir='ltr'><strong><em>τὰ</em></strong></span> <span class='ocrx_word' id='word_1_251' title='bbox 802 3176 948 3257; x_wconf 79' lang='grc' dir='ltr'><strong><em>πρὸς</em></strong></span> <span class='ocrx_word' id='word_1_252' title='bbox 1006 3178 1146 3245; x_wconf 85' lang='grc' dir='ltr'><strong><em>τοὺς</em></strong></span> <span class='ocrx_word' id='word_1_253' title='bbox 1193 3177 1413 3255; x_wconf 75' lang='grc' dir='ltr'><strong><em>γονέας</em></strong></span> <span class='ocrx_word' id='word_1_254' title='bbox 1463 3176 1569 3240; x_wconf 73' lang='grc' dir='ltr'><strong>καὶ</strong></span> <span class='ocrx_word' id='word_1_255' title='bbox 1622 3177 1922 3256; x_wconf 77' lang='grc' dir='ltr'><strong><em>ὅσιώτεροί</em></strong></span> <span class='ocrx_word' id='word_1_256' title='bbox 1969 3178 2189 3255; x_wconf 79' lang='grc' dir='ltr'><strong><em>ἐσμεν,</em></strong></span> <span class='ocrx_word' id='word_1_257' title='bbox 2238 3178 2346 3243; x_wconf 83' lang='grc' dir='ltr'><strong>οὐκ</strong></span> <span class='ocrx_word' id='word_1_258' title='bbox 2391 3177 2468 3243; x_wconf 78' lang='grc' dir='ltr'><strong>ἂν</strong></span> <span class='ocrx_word' id='word_1_259' title='bbox 2516 3178 2576 3241; x_wconf 76' lang='grc' dir='ltr'><strong>ἐν</strong></span> <span class='ocrx_word' id='word_1_260' title='bbox 2624 3180 2708 3260; x_wconf 73' lang='grc' dir='ltr'><strong><em>τῷ</em></strong></span> <span class='ocrx_word' id='word_1_261' title='bbox 2758 3198 2911 3254; x_wconf 83' lang='grc' dir='ltr'><strong><em>παρ-</em></strong></span> 
     </span>
     <span class='ocr_line' id='line_1_29' title="bbox 525 3280 2909 3363; baseline -0.001 -15"><span class='ocrx_word' id='word_1_262' title='bbox 525 3283 648 3349; x_wconf 88' lang='grc' dir='ltr'><strong><em>όντι</em></strong></span> <span class='ocrx_word' id='word_1_263' title='bbox 717 3282 1183 3363; x_wconf 74' lang='grc' dir='ltr'><strong><em>Φιλοτιμηθείην</em></strong></span> <span class='ocrx_word' id='word_1_264' title='bbox 1245 3281 1390 3360; x_wconf 79' lang='grc' dir='ltr'><strong><em>πρὸς</em></strong></span> <span class='ocrx_word' id='word_1_265' title='bbox 1453 3280 1558 3346; x_wconf 85' lang='grc' dir='ltr'><strong>σέ·</strong></span> <span class='ocrx_word' id='word_1_266' title='bbox 1622 3280 1711 3347; x_wconf 75' lang='grc' dir='ltr'><strong><em>ὅτι</em></strong></span> <span class='ocrx_word' id='word_1_267' title='bbox 1774 3284 1838 3349; x_wconf 75' lang='grc' dir='ltr'><strong>δὲ</strong></span> <span class='ocrx_word' id='word_1_268' title='bbox 1886 3284 1935 3347; x_wconf 80' lang='grc' dir='ltr'><strong>οἱ</strong></span> <span class='ocrx_word' id='word_1_269' title='bbox 1985 3284 2159 3362; x_wconf 81' lang='grc' dir='ltr'><strong><em>Φίλοι</em></strong></span> <span class='ocrx_word' id='word_1_270' title='bbox 2210 3284 2442 3349; x_wconf 80' lang='grc' dir='ltr'><strong><em>Σκύθαι</em></strong></span> <span class='ocrx_word' id='word_1_271' title='bbox 2492 3285 2651 3349; x_wconf 82' lang='grc' dir='ltr'><strong><em>πολὺ</em></strong></span> <span class='ocrx_word' id='word_1_272' title='bbox 2699 3280 2909 3349; x_wconf 82' lang='grc' dir='ltr'><strong><em>πιστό-</em></strong></span> 
     </span>
     <span class='ocr_line' id='line_1_30' title="bbox 528 3387 2907 3472; baseline 0 -18"><span class='ocrx_word' id='word_1_273' title='bbox 528 3413 682 3469; x_wconf 79' lang='grc' dir='ltr'><strong><em>τεροι</em></strong></span> <span class='ocrx_word' id='word_1_274' title='bbox 734 3396 854 3454; x_wconf 84' lang='grc' dir='ltr'><strong><em>τῶν</em></strong></span> <span class='ocrx_word' id='word_1_275' title='bbox 901 3390 1210 3463; x_wconf 73' lang='grc' dir='ltr'><strong><em>Ἑλλήνων</em></strong></span> <span class='ocrx_word' id='word_1_276' title='bbox 1255 3389 1459 3471; x_wconf 81' lang='grc' dir='ltr'><strong><em>φίλων</em></strong></span> <span class='ocrx_word' id='word_1_277' title='bbox 1503 3388 1622 3452; x_wconf 74' lang='grc' dir='ltr'><strong><em>εἰσ)</em></strong></span> <span class='ocrx_word' id='word_1_278' title='bbox 1664 3436 1679 3451; x_wconf 92' lang='grc'><strong>.</strong></span> <span class='ocrx_word' id='word_1_279' title='bbox 1710 3438 1725 3454; x_wconf 95' lang='grc'><strong>.</strong></span> <span class='ocrx_word' id='word_1_280' title='bbox 1757 3436 1771 3454; x_wconf 94' lang='grc'><strong>.</strong></span> <span class='ocrx_word' id='word_1_281' title='bbox 1804 3438 1819 3455; x_wconf 92' lang='grc'><strong>.</strong></span> <span class='ocrx_word' id='word_1_282' title='bbox 1864 3387 2062 3472; x_wconf 69' lang='grc' dir='ltr'><strong><em>ῥοίδιον</em></strong></span> <span class='ocrx_word' id='word_1_283' title='bbox 2088 3388 2404 3464; x_wconf 74' lang='grc' dir='ltr'><strong><em>ἐπιδεῖξαι.</em></strong></span> <span class='ocrx_word' id='word_1_284' title='bbox 2458 3388 2907 3456; x_wconf 69' lang='lat' dir='ltr'><strong>scribendum:</strong></span> 
     </span>
     <span class='ocr_line' id='line_1_31' title="bbox 527 3495 2907 3575; baseline -0.002 -14"><span class='ocrx_word' id='word_1_285' title='bbox 527 3497 578 3562; x_wconf 74' lang='grc' dir='ltr'><strong><em>εἰ</em></strong></span> <span class='ocrx_word' id='word_1_286' title='bbox 629 3496 742 3573; x_wconf 76' lang='grc' dir='ltr'><strong>μὲν</strong></span> <span class='ocrx_word' id='word_1_287' title='bbox 793 3495 896 3561; x_wconf 72' lang='grc' dir='ltr'><strong>καὶ</strong></span> <span class='ocrx_word' id='word_1_288' title='bbox 945 3496 1044 3560; x_wconf 74' lang='grc' dir='ltr'><strong><em>τοὶ</em></strong></span> <span class='ocrx_word' id='word_1_289' title='bbox 1092 3495 1318 3561; x_wconf 78' lang='grc' dir='ltr'><strong><em>ἄλλα</em></strong></span> <span class='ocrx_word' id='word_1_290' title='bbox 1368 3495 1652 3561; x_wconf 77' lang='grc' dir='ltr'><strong><em>καὶτὰ</em></strong></span> <span class='ocrx_word' id='word_1_291' title='bbox 1701 3498 1887 3575; x_wconf 80' lang='grc' dir='ltr'><strong><em>πρὸς</em></strong></span> <span class='ocrx_word' id='word_1_292' title='bbox 1932 3496 2118 3568; x_wconf 82' lang='grc' dir='ltr'><strong><em>τοὺς</em></strong></span> <span class='ocrx_word' id='word_1_293' title='bbox 2157 3496 2449 3574; x_wconf 74' lang='grc' dir='ltr'><strong><em>γονέας</em></strong></span> <span class='ocrx_word' id='word_1_294' title='bbox 2495 3496 2731 3572; x_wconf 69' lang='grc' dir='ltr'><strong><em>ἡμεῖς</em></strong></span> <span class='ocrx_word' id='word_1_295' title='bbox 2772 3500 2907 3560; x_wconf 83' lang='grc' dir='ltr'><strong><em>τῶν</em></strong></span> 
     </span>
     <span class='ocr_line' id='line_1_32' title="bbox 527 3598 2905 3683; baseline -0.003 -15"><span class='ocrx_word' id='word_1_296' title='bbox 527 3604 925 3677; x_wconf 73' lang='grc' dir='ltr'><strong><em>Ἑλλήνων</em></strong></span> <span class='ocrx_word' id='word_1_297' title='bbox 989 3602 1341 3683; x_wconf 72' lang='grc' dir='ltr'><strong><em>δικαιότεροι</em></strong></span> <span class='ocrx_word' id='word_1_298' title='bbox 1408 3601 1511 3666; x_wconf 73' lang='grc' dir='ltr'><strong>καὶ</strong></span> <span class='ocrx_word' id='word_1_299' title='bbox 1578 3601 1881 3679; x_wconf 76' lang='grc' dir='ltr'><strong><em>ὅσιώτεροί</em></strong></span> <span class='ocrx_word' id='word_1_300' title='bbox 1928 3602 2153 3680; x_wconf 66' lang='grc' dir='ltr'><strong><em>ε’σμενς</em></strong></span> <span class='ocrx_word' id='word_1_301' title='bbox 2203 3611 2267 3668; x_wconf 87' lang='lat' dir='ltr'><strong>et</strong></span> <span class='ocrx_word' id='word_1_302' title='bbox 2313 3622 2500 3667; x_wconf 86' lang='lat' dir='ltr'><strong>mox:</strong></span> <span class='ocrx_word' id='word_1_303' title='bbox 2550 3598 2587 3667; x_wconf 76' lang='grc' dir='ltr'><em>ὅ</em></span> <span class='ocrx_word' id='word_1_304' title='bbox 2598 3627 2671 3667; x_wconf 88' lang='grc' dir='ltr'><strong><em>τι</em></strong></span> <span class='ocrx_word' id='word_1_305' title='bbox 2722 3603 2799 3667; x_wconf 72' lang='grc' dir='ltr'><strong>δὲ</strong></span> <span class='ocrx_word' id='word_1_306' title='bbox 2846 3599 2905 3664; x_wconf 79' lang='grc' dir='ltr'><strong>οἱ</strong></span> 
     </span>
     <span class='ocr_line' id='line_1_33' title="bbox 534 3705 2906 3789; baseline -0.003 -14"><span class='ocrx_word' id='word_1_307' title='bbox 534 3710 834 3775; x_wconf 81' lang='grc' dir='ltr'><strong><em>Σκύθαι</em></strong></span> <span class='ocrx_word' id='word_1_308' title='bbox 905 3709 1110 3773; x_wconf 78' lang='grc' dir='ltr'><strong><em>πολὺ</em></strong></span> <span class='ocrx_word' id='word_1_309' title='bbox 1183 3710 1662 3789; x_wconf 82' lang='grc' dir='ltr'><strong><em>πιστότεροι</em></strong></span> <span class='ocrx_word' id='word_1_310' title='bbox 1734 3714 1879 3771; x_wconf 85' lang='grc' dir='ltr'><strong><em>τῶν</em></strong></span> <span class='ocrx_word' id='word_1_311' title='bbox 1950 3711 2351 3783; x_wconf 81' lang='grc' dir='ltr'><strong><em>Ἑλλήνων</em></strong></span> <span class='ocrx_word' id='word_1_312' title='bbox 2425 3708 2661 3787; x_wconf 72' lang='grc' dir='ltr'><strong><em>Φίλοι</em></strong></span> <span class='ocrx_word' id='word_1_313' title='bbox 2732 3705 2906 3774; x_wconf 76' lang='grc' dir='ltr'><strong><em>εἶσί.</em></strong></span> 
     </span>
     <span class='ocr_line' id='line_1_34' title="bbox 529 3814 2907 3900; baseline -0.004 -19"><span class='ocrx_word' id='word_1_314' title='bbox 529 3816 713 3896; x_wconf 83' lang='lat' dir='ltr'><strong>Quod</strong></span> <span class='ocrx_word' id='word_1_315' title='bbox 760 3815 838 3880; x_wconf 90' lang='lat' dir='ltr'><strong>ad</strong></span> <span class='ocrx_word' id='word_1_316' title='bbox 884 3817 1154 3899; x_wconf 89' lang='lat' dir='ltr'><strong>priorem</strong></span> <span class='ocrx_word' id='word_1_317' title='bbox 1203 3820 1452 3900; x_wconf 85' lang='lat' dir='ltr'><strong>partem</strong></span> <span class='ocrx_word' id='word_1_318' title='bbox 1492 3816 1841 3879; x_wconf 89' lang='lat' dir='ltr'><strong>sententiae</strong></span> <span class='ocrx_word' id='word_1_319' title='bbox 1880 3816 2144 3899; x_wconf 85' lang='lat' dir='ltr'><strong>attinet,</strong></span> <span class='ocrx_word' id='word_1_320' title='bbox 2188 3816 2343 3879; x_wconf 88' lang='lat' dir='ltr'><strong>satis</strong></span> <span class='ocrx_word' id='word_1_321' title='bbox 2374 3814 2783 3899; x_wconf 85' lang='lat' dir='ltr'><strong>perspicuum</strong></span> <span class='ocrx_word' id='word_1_322' title='bbox 2820 3814 2907 3877; x_wconf 89' lang='lat' dir='ltr'><strong>est</strong></span> 
     </span>
     <span class='ocr_line' id='line_1_35' title="bbox 529 3919 2905 4006; baseline -0.002 -19"><span class='ocrx_word' id='word_1_323' title='bbox 529 3922 814 3987; x_wconf 85' lang='lat' dir='ltr'><strong>ordinem</strong></span> <span class='ocrx_word' id='word_1_324' title='bbox 885 3921 1221 3987; x_wconf 84' lang='lat' dir='ltr'><strong>verborum</strong></span> <span class='ocrx_word' id='word_1_325' title='bbox 1287 3921 1646 3987; x_wconf 80' lang='lat' dir='ltr'><strong>turbavisse</strong></span> <span class='ocrx_word' id='word_1_326' title='bbox 1704 3919 2032 3999; x_wconf 89' lang='lat' dir='ltr'><strong>librarios;</strong></span> <span class='ocrx_word' id='word_1_327' title='bbox 2084 3940 2301 4005; x_wconf 89' lang='lat' dir='ltr'><strong>quem,</strong></span> <span class='ocrx_word' id='word_1_328' title='bbox 2352 3925 2427 3984; x_wconf 88' lang='lat' dir='ltr'><strong>ut</strong></span> <span class='ocrx_word' id='word_1_329' title='bbox 2475 3939 2595 4006; x_wconf 82' lang='lat' dir='ltr'><strong>ego</strong></span> <span class='ocrx_word' id='word_1_330' title='bbox 2642 3919 2905 3993; x_wconf 83' lang='lat' dir='ltr'><strong>conieci,</strong></span> 
     </span>
     <span class='ocr_line' id='line_1_36' title="bbox 529 4026 2905 4113; baseline -0.003 -19"><span class='ocrx_word' id='word_1_331' title='bbox 529 4030 783 4094; x_wconf 88' lang='lat' dir='ltr'><strong>restitui</strong></span> <span class='ocrx_word' id='word_1_332' title='bbox 839 4028 1064 4094; x_wconf 90' lang='lat' dir='ltr'><strong>debere</strong></span> <span class='ocrx_word' id='word_1_333' title='bbox 1125 4026 1268 4093; x_wconf 89' lang='lat' dir='ltr'><strong>luce</strong></span> <span class='ocrx_word' id='word_1_334' title='bbox 1317 4027 1551 4093; x_wconf 84' lang='lat' dir='ltr'><strong>clarius</strong></span> <span class='ocrx_word' id='word_1_335' title='bbox 1600 4027 1939 4093; x_wconf 89' lang='lat' dir='ltr'><strong>ostendunt</strong></span> <span class='ocrx_word' id='word_1_336' title='bbox 1984 4029 2274 4112; x_wconf 84' lang='lat' dir='ltr'><strong>proxime</strong></span> <span class='ocrx_word' id='word_1_337' title='bbox 2321 4046 2721 4113; x_wconf 82' lang='lat' dir='ltr'><strong>praegressa,</strong></span> <span class='ocrx_word' id='word_1_338' title='bbox 2773 4026 2905 4110; x_wconf 89' lang='lat' dir='ltr'><strong>qui-</strong></span> 
     </span>
     <span class='ocr_line' id='line_1_37' title="bbox 528 4126 2901 4219; baseline -0.003 -20"><span class='ocrx_word' id='word_1_339' title='bbox 528 4136 650 4200; x_wconf 90' lang='lat' dir='ltr'><strong>bus</strong></span> <span class='ocrx_word' id='word_1_340' title='bbox 697 4140 986 4199; x_wconf 88' lang='lat' dir='ltr'><strong>accurate</strong></span> <span class='ocrx_word' id='word_1_341' title='bbox 1033 4134 1444 4219; x_wconf 88' lang='lat' dir='ltr'><strong>respondent:</strong></span> <span class='ocrx_word' id='word_1_342' title='bbox 1495 4132 1973 4212; x_wconf 82' lang='grc' dir='ltr'><strong><em>τεκμαιρόμενος</em></strong></span> <span class='ocrx_word' id='word_1_343' title='bbox 2024 4140 2193 4204; x_wconf 84' lang='grc' dir='ltr'><strong><em>τοῖς</em></strong></span> <span class='ocrx_word' id='word_1_344' title='bbox 2235 4157 2320 4197; x_wconf 87' lang='grc' dir='ltr'><strong>τε</strong></span> <span class='ocrx_word' id='word_1_345' title='bbox 2360 4130 2653 4205; x_wconf 75' lang='grc' dir='ltr'><strong><em>ἄλλοις</em></strong></span> <span class='ocrx_word' id='word_1_346' title='bbox 2694 4128 2737 4199; x_wconf 75' lang='grc' dir='ltr'>ἃ</span> <span class='ocrx_word' id='word_1_347' title='bbox 2779 4126 2901 4208; x_wconf 75' lang='grc' dir='ltr'><strong><em>περὶ</em></strong></span> 
     </span>
     <span class='ocr_line' id='line_1_38' title="bbox 531 4236 2901 4317; baseline -0.002 -10"><span class='ocrx_word' id='word_1_348' title='bbox 531 4244 729 4307; x_wconf 79' lang='grc' dir='ltr'><strong><em>αὐτῶν</em></strong></span> <span class='ocrx_word' id='word_1_349' title='bbox 795 4240 1090 4317; x_wconf 70' lang='grc' dir='ltr'><strong><em>ἀκούομεν</em></strong></span> <span class='ocrx_word' id='word_1_350' title='bbox 1141 4240 1270 4303; x_wconf 82' lang='grc' dir='ltr'><strong>κα)</strong></span> <span class='ocrx_word' id='word_1_351' title='bbox 1322 4236 1440 4305; x_wconf 75' lang='grc' dir='ltr'><strong><em>ὅτι</em></strong></span> <span class='ocrx_word' id='word_1_352' title='bbox 1491 4239 2027 4305; x_wconf 72' lang='grc' dir='ltr'><strong><em>κατεσθίουσι</em></strong></span> <span class='ocrx_word' id='word_1_353' title='bbox 2078 4240 2257 4309; x_wconf 85' lang='grc' dir='ltr'><strong><em>τοὺς</em></strong></span> <span class='ocrx_word' id='word_1_354' title='bbox 2308 4242 2672 4316; x_wconf 83' lang='grc' dir='ltr'><strong><em>πατέρας</em></strong></span> <span class='ocrx_word' id='word_1_355' title='bbox 2724 4240 2901 4303; x_wconf 66' lang='grc' dir='ltr'><strong><em>ἀπο·</em></strong></span> 
     </span>
     <span class='ocr_line' id='line_1_39' title="bbox 527 4344 2903 4450; baseline -0.003 -37"><span class='ocrx_word' id='word_1_356' title='bbox 527 4346 871 4450; x_wconf 60' lang='grc' dir='ltr'><strong><em>θανόντα</em></strong></span> <span class='ocrx_word' id='word_1_357' title='bbox 891 4372 943 4419; x_wconf 90' lang='grc' dir='ltr'><strong>ς.</strong></span> <span class='ocrx_word' id='word_1_358' title='bbox 1021 4346 1121 4411; x_wconf 87' lang='lat' dir='ltr'><strong>Ad</strong></span> <span class='ocrx_word' id='word_1_359' title='bbox 1192 4344 1552 4411; x_wconf 85' lang='lat' dir='ltr'><strong>Mnesarchi</strong></span> <span class='ocrx_word' id='word_1_360' title='bbox 1618 4349 2117 4425; x_wconf 87' lang='lat' dir='ltr'><strong>accusationem,</strong></span> <span class='ocrx_word' id='word_1_361' title='bbox 2170 4344 2444 4433; x_wconf 79' lang='lat' dir='ltr'><strong>Scythas</strong></span> <span class='ocrx_word' id='word_1_362' title='bbox 2492 4354 2549 4412; x_wconf 76' lang='lat' dir='ltr'><strong>ct</strong></span> <span class='ocrx_word' id='word_1_363' title='bbox 2596 4346 2662 4410; x_wconf 79' lang='lat' dir='ltr'><strong>in</strong></span> <span class='ocrx_word' id='word_1_364' title='bbox 2708 4346 2903 4411; x_wconf 69' lang='lat' dir='ltr'><strong>ceteris</strong></span> 
     </span>
    </p>
   </div>
   <div class='ocr_carea' id='block_1_5' title="bbox 3080 0 3096 3877">
    <p class='ocr_par' dir='ltr' id='par_1_9' title="bbox 3080 0 3096 3877">
     <span class='ocr_line' id='line_1_40' title="bbox 3080 0 3096 3877; baseline 0 0"><span class='ocrx_word' id='word_1_365' title='bbox 3080 0 3096 3877; x_wconf 95' lang='lat' dir='ltr'><strong> </strong></span> 
     </span>
    </p>
   </div>
  </div>
 </body>
</html>
