3150 5000
1227 307 1626 358 monemus.
2491 286 2623 358 173

344 474 431 540 HI
487 475 569 541 28
623 477 650 540 ὅ
718 477 777 542 δὲ
834 478 1031 548 ’‘Aa-u,-
1094 474 1340 552 γίνεται
1402 471 1646 555 μόσχος
1711 474 1778 538 ἐκ
1837 473 1978 550 βοὸς
2035 473 2208 550 ἥτις
2259 473 2456 540 οὐκέτι
2505 468 2623 546 οἵη

259 605 335 646 τε
376 583 701 660 γίνεται
752 583 809 653 ἐς
862 581 1105 661 yae-{px
1157 578 1350 644 ἄλλον
1394 579 1707 659 βαλέσθαι
1759 578 1957 659 γόνον.
2027 580 2270 647 Locum
2318 580 2626 665 deprava-

257 693 383 753 tum
442 709 573 754 esse
633 687 903 755 concedo
966 687 1218 755 Nabero
1234 734 1251 765 ‚
1316 687 1427 752 sed
1486 689 1702 752 minus
1758 686 2030 753 feliciter
2077 688 2414 753 coniecisse
2461 685 2625 752 mihi

254 794 491 879 quidem
532 795 789 860 videtur
829 791 956 868 ἷὶτις
997 793 1195 859 οὐκέτι
1237 817 1266 856 ε
1288 791 1513 866 ἷηται
1560 789 1897 880 (ἔηταιῖ)ἐς
1947 791 2192 873 γάςερα
2238 792 2366 858 κτὲ.
2415 790 2628 858 Mani-

254 899 399 965 feeto
434 903 605 966 enim
646 898 1014 965 Perfectum
1052 905 1273 985 aptum
1297 919 1421 964 non
1448 905 1542 964 est
1562 945 1578 976 ‚
1623 903 1687 964 et
1710 901 1760 964 si
1786 897 2068 986 legimus
2109 897 2348 963 ἐᾶται
2371 945 2386 974 ,
2428 899 2625 962 etiam

251 1008 445 1094 magis
490 1008 813 1072 evanescit
861 1007 1259 1072 coniecturae
1308 1004 1648 1071 evidentia.
1722 1003 2038 1089 Equidem
2087 1007 2299 1071 nescio
2347 1024 2427 1068 an
2478 1011 2626 1066 OIH

248 1109 461 1177 leviter
521 1111 939 1198 depravatum
1006 1114 1092 1176 sit
1155 1132 1232 1176 ex
1295 1119 1493 1175 OCIH
1553 1117 1620 1176 et
1678 1109 2041 1176 Herodotus
2105 1112 2457 1197 scripserit:
2508 1107 2546 1185 ἦ
2562 1131 2624 1201 ν-

250 1242 420 1283 τινα
480 1217 683 1284 οὐκέτι
743 1217 911 1292 ὁσίη
984 1217 1321 1297 γίνεται
1387 1218 1445 1288 ἐς
1512 1217 1753 1297 γαςέρα
1815 1215 2010 1284 ἄλλον
2054 1216 2366 1294 βαλέσθαι
2414 1213 2625 1293 γόνον,

250 1323 321 1388 cl.
364 1345 497 1411 cap.
550 1321 637 1389 45
685 1327 914 1400 κτήνεα
965 1324 1121 1389 θύειν
1169 1321 1309 1388 οὔκ
1358 1323 1534 1392 ἐςιν
1579 1323 1778 1398 ὁσίη.

328 1543 427 1610 III
492 1541 581 1607 69
644 1564 679 1608 e
737 1544 1122 1630 praegressis
1169 1542 1425 1629 supple:
1477 1541 1547 1618 ἦν
1597 1542 1662 1608 δὲ
1707 1542 1798 1618 μὴ
1843 1539 2006 1622 ἔχων
2053 1538 2208 1627 (ὦτα
2257 1540 2621 1624 <palum-m),

250 1647 325 1712 σὺ
386 1647 455 1713 δὲ
520 1648 757 1728 (νόμιζε
806 1648 1074 1722 σεαυτὴν
1121 1649 1465 1726 συνοικέειν)
1513 1651 1599 1729 τῷ
1651 1646 1886 1729 Μάγῳ.
1949 1647 2135 1714 Nihil
2182 1668 2340 1733 opus
2387 1646 2626 1713 Naberi

249 1757 592 1820 coniectura
638 1753 961 1819 συνεύδειν.

326 1971 413 2038 III
476 1973 563 2041 71
631 1973 699 2048 ἢν
766 1973 1182 2056 ὑπερπέσῃ
1251 1974 1285 2048 ἦ
1339 1978 1437 2039 νῦν
1488 1971 1878 2054 ἧμέρητῆν
1925 1973 2388 2055 ὖπερβληθῇ
2437 1973 2472 2048 ἥ
2521 1975 2622 2037 νῦν

251 2079 423 2160 ἡμέρη
471 2101 555 2146 ex
598 2087 750 2145 noto
798 2100 916 2144 usu
968 2079 1145 2146 verbi
1194 2079 1444 2144 πίπτειν
1493 2086 1557 2145 et
1603 2082 2121 2167 compositorum.
2191 2077 2376 2145 Nihil
2420 2080 2623 2164 igitur

250 2185 599 2273 indigemus
644 2184 706 2251 Ν
710 2187 884 2250 uberi
928 2187 1289 2250 coniectura
1330 2184 1662 2267 ὑπέστερος
1682 2233 1700 2264 ,
1739 2187 1924 2251 cuius
1962 2183 2259 2252 vocabuli
2296 2189 2619 2270 praeterea

246 2289 407 2357 nulle
452 2295 664 2356 exstat
710 2291 1073 2359 auotoritas.

322 2510 494 2577 Haec
552 2513 760 2599 igitur
799 2518 863 2577 et
910 2531 1111 2597 pauca
1158 2512 1467 2596 quaedam
1517 2512 1677 2590 alie,
1731 2512 1808 2577 de
1843 2513 2084 2605 ,quibus
2127 2512 2241 2579 ubi
2288 2532 2448 2598 opus
2494 2512 2630 2577 erit-

248 2616 305 2679 in
347 2618 621 2683 editione
665 2637 813 2683 mea
860 2618 1163 2693 monebo,
1213 2638 1339 2683 non
1384 2618 1548 2684 mihi
1588 2620 1900 2703 persuasit
1939 2619 2203 2683 amicus.
2255 2615 2369 2682 Sat
2408 2614 2618 2681 multa

250 2728 440 2788 tamen
502 2729 747 2789 restant
802 2744 963 2809 quae
1026 2725 1357 2789 verissime
1419 2726 1734 2811 corrigere
1799 2724 1965 2790 mihi
2026 2722 2298 2790 videtur.
2386 2720 2608 2799 Nunc,

248 2823 379 2893 licet
432 2829 606 2893 hunc
674 2828 979 2894 scribendi
1044 2826 1206 2892 mihi
1272 2831 1621 2893 terminum
1686 2850 1876 2915 supra
1921 2831 2293 2908 statuerim,
2342 2828 2618 2893 breviter

249 2932 594 3019 significabo
635 2954 868 3019 paucas
910 2954 1087 2999 meas
1132 2956 1289 3019 quas
1336 2935 1615 3001 nondum
1667 2956 1816 3001 cum
1861 2935 2095 3002 lectore
2147 2933 2616 3000 communicavi

251 3042 638 3106 coniecturas.
713 3039 1009 3127 Legerim
1056 3042 1297 3127 igitur:

324 3142 351 3207 1
411 3144 532 3224 33,
598 3143 632 3210 1
701 3149 935 3211 Ταῦτα
992 3143 1192 3224 λέγων
1241 3148 1325 3227 τῷ
1375 3146 1600 3227 Κροίσῳ
1647 3145 1834 3219 οὔκως
1879 3146 2020 3212 οὔτε
2069 3145 2426 3230 ἐχαρίζετο,
2475 3146 2615 3213 οὔτε

254 3245 381 3289 ⁰⁰*
439 3252 628 3330 λόγου
694 3276 802 3330 μιν
861 3250 1269 3326 ποιησάμενοι.-
1310 3254 1537 3323 οὖδενὸς
1577 3253 2052 3329 ἀποπέμπεται.
2101 3252 2357 3320 Lacuna
2400 3254 2616 3319 hausit

252 3356 419 3422 verba
480 3355 678 3423 ἔπειθέ
726 3379 867 3434 μιν·
916 3358 944 3422 ὅ
993 3358 1057 3423 δὲ
1103 3364 1215 3423 aut
1264 3358 1508 3443 aliquid
1552 3360 1787 3425 simile.
1858 3360 2034 3426 Iusto
2073 3358 2420 3426 violentius
2458 3358 2613 3424 Din-

254 3456 403 3539 dorf,
452 3463 657 3530 deleto
703 3464 913 3550 priore
960 3462 1100 3529 οὕτε
1120 3510 1137 3542 ,
1185 3464 1461 3530 alterum
1507 3467 1792 3531 mutavit
1836 3468 1904 3531 in
1953 3466 1980 3531 ὂ
2030 3464 2114 3529 δέ.

328 3660 357 3724 Ι
402 3662 485 3729 46
506 3712 521 3743 ,
571 3664 657 3730 14
706 3666 766 3739 ἐς
821 3666 905 3729 τὰ
952 3664 1301 3745 ἀπέπεμψε
1348 3690 1399 3742 μ
1419 3690 1460 3730 α
1479 3656 1606 3731 ντε
1629 3690 1663 3730 υ
1681 3690 1720 3730 σ
1739 3690 1827 3743 ομ.
1847 3664 1961 3733 ένο
1979 3692 2060 3739 υς
2109 3672 2370 3745 Κροῖσος.
2444 3666 2611 3732 Nam

254 3770 715 3848 μαντευσόμενος
766 3778 1011 3857 pugnat
1051 3792 1195 3837 cum
1248 3775 1560 3839 constanti
1607 3775 1806 3839 nostri
1855 3792 2030 3839 more
2075 3771 2411 3839 scribendi.

332 3982 363 4048 1
402 3984 521 4071 88,
566 3986 611 4051 2
656 3990 931 4069 ἀγχοῦ
980 3942 1091 4074 pro
1139 3990 1374 4069 ἐγγύς,
1426 3990 1594 4075 quod
1639 4011 1762 4057 non
1811 3996 1906 4057 est
1952 3989 2406 4058 Herodoteum.

334 4197 363 4264 I
410 4202 567 4283 111,
620 4204 660 4270 6
708 4206 737 4269 ὃ
786 4210 899 4283 μὲν
948 4207 1211 4293 <vt-ep»
1257 4213 1365 4274 τοῦ
1413 4208 1590 4275 τόκου
1638 4216 1746 4284 τῆς
1791 4209 2081 4288 γυναικὸς
2125 4210 2460 4292 ἀρρωδέων,
2497 4217 2610 4280 aut

258 4303 375 4371 nine
416 4314 867 4398 praepositione
912 4316 1015 4380 τὸν
1062 4313 1255 4380 τόκον.
1869 4306 1874 4311 ’
