3150 5000
1139 289 1399 341 oassrus
1443 289 1573 340 mo.
2420 268 2553 336 333

825 455 956 523 Hic
991 456 1220 525 lacuna
1258 463 1354 524 est
1391 459 1879 546 quaternionum
1906 459 2252 524 minimum
2281 457 2553 525 duorum

829 565 1018 649 (quae
1065 568 1236 630 enim
1285 585 1361 630 ex
1402 566 1523 631 hac
1571 570 1751 651 parte
1790 569 2234 651 excerpserunt
2275 563 2555 649 xiphili-

820 691 942 736 nus
993 675 1058 736 et
1096 671 1420 759 Eclogarii
1458 673 1949 738 constantiniani
1987 670 2383 757 Zonarasque
2420 672 2554 735 iam

824 780 1232 862 quaternione
1269 799 1394 844 uno
1421 778 1870 864 comprehendi
1892 781 2264 865 nequeunt).
2304 776 2557 843 Desinit

825 883 1022 948 codex
1059 887 1126 949 in
1170 885 1383 950 verbis
1426 884 1529 950 καὶ
1571 886 1683 959 τὴν
1716 881 1918 958 ἄλλην
1942 886 2159 964 ἀρετὴν
2186 882 2553 955 ἐπετήδευσε

825 989 950 1054 ἀπε
1003 986 1114 1075 57,
1166 989 1272 1075 17,
1324 988 1407 1075 8,
1457 1011 1677 1057 rursus
1722 992 1950 1077 incipit
2000 989 2118 1068 58,
2172 987 2235 1063 ¹7,
2285 987 2327 1054 2
2374 985 2555 1057 ἄλλα

824 1095 932 1160 καὶ
982 1095 1182 1178 ἑαυτῷ
1229 1095 1383 1164 ἔθυε.
1455 1097 1652 1163 Periit
1694 1097 1885 1179 iqitur
1932 1103 1989 1162 et
2026 1097 2242 1162 titulus
2281 1101 2337 1159 et
2374 1095 2554 1158 index

826 1203 973 1266 libra·
1033 1202 1142 1268 58.
1206 1201 1576 1290 Sequuntur
1640 1212 1769 1270 tres
1830 1203 2270 1289 quaterniones
2315 1202 2553 1288 integri

823 1311 934 1394 qui
981 1310 1305 1376 continent
1351 1308 1544 1376 folia:

193 1410 524 1478 218—225

192 1515 524 1584 226—233

192 1621 518 1690 234-241

828 1733 1074 1799 Iterum
1112 1735 1288 1800 inter
1323 1732 1478 1800 folia
1517 1733 1647 1800 241
1692 1739 1757 1800 et
1795 1733 1929 1800 242
1970 1754 2134 1800 unus
2171 1734 2378 1801 duove
2402 1753 2553 1818 qua-

827 1842 1142 1907 terniones
1203 1839 1505 1906 deficiunt
1522 1889 1538 1918 ,
1589 1861 1735 1906 nam
1786 1841 2001 1926 plures
2048 1840 2359 1906 excidisse
2404 1859 2552 1924 pro-

826 1945 1036 2011 babile
1095 1967 1222 2012 non
1283 1954 1399 2012 est.
1469 1945 1721 2012 Ultima
1778 1946 1971 2013 verba
2030 1944 2140 2010 fol.
2198 1945 2348 2010 241¹
2402 1949 2552 2009 sunt

825 2051 948 2130 59,
999 2051 1121 2130 25,
1171 2053 1204 2117 1
1251 2053 1578 2117 ἀπέκτεινε
1616 2053 1759 2137 καὶ,
1799 2055 2008 2138 prima
2047 2050 2152 2118 fol.
2196 2049 2329 2115 242
2368 2050 2551 2115 ἀλλὰ

823 2159 920 2223 ἀεὶ
970 2159 1076 2223 καὶ
1128 2160 1188 2224 ἐν
1235 2160 1491 2243 παιδείᾳ
1537 2157 1659 2236 60,
1711 2159 1785 2234 2,
1844 2159 1905 2223 1.
1980 2158 2195 2244 Itaque
2238 2156 2550 2220 intercidit

825 2263 917 2350 (id
962 2263 1130 2350 quod
1166 2267 1234 2330 in
1270 2264 1436 2331 libro
1473 2285 1727 2350 quoque
1768 2263 1853 2328 58
1895 2263 2196 2329 accidisse
2234 2261 2545 2347 vidimus)

817 2370 963 2434 bibra·
1001 2369 1088 2437 60
1132 2379 1189 2436 et
1227 2373 1444 2436 titulus
1481 2379 1537 2436 et
1573 2373 1772 2436 index.
1846 2371 1944 2436 Ex
1981 2369 2154 2437 foliis
2183 2366 2541 2434 242-251

88 2504 90 2509 ·
197 2466 518 2542 242--249
819 2477 1073 2566 integro
1117 2481 1529 2565 quaternione
1573 2480 1977 2545 continentur
2023 2483 2088 2543 et

198 2574 338 2659 250,
381 2583 510 2649 251
822 2585 948 2651 duo
994 2585 1148 2651 folia
1193 2588 1515 2671 sequentis
1564 2588 1995 2671 quaternionis
2041 2590 2190 2650 sunt
2227 2604 2387 2670 quae
2422 2603 2546 2648 non

825 2693 1176 2757 cohaerent.
1248 2691 1423 2757 Inter
1483 2691 1593 2757 fol.
1661 2690 1792 2756 249
1854 2698 1919 2756 et
1978 2689 2112 2756 250
2158 2712 2361 2755 unum
2410 2694 2547 2753 tan-

819 2802 959 2862 tum
1002 2796 1230 2863 folium
1265 2800 1492 2884 periit,
1532 2800 1817 2883 primum
1861 2798 2055 2863 huius
2096 2797 2547 2882 quaternionis.

822 2902 997 2983 Quae
1045 2906 1408 2970 continebat
1444 2906 1699 2992 integra
1738 2913 2078 2989 supersunt
2115 2905 2182 2967 in
2222 2902 2547 2967 codicibus

821 3009 1083 3077 alterius
1130 3010 1348 3077 classis
1395 3032 1551 3096 quos
1597 3017 1740 3096 post
1785 3010 2253 3076 recensebimus
2291 3008 2392 3089 (L.
2434 3007 2543 3085 60,

826 3115 932 3196 17,
985 3116 1242 3202 ’7-20,
1293 3118 1334 3181 4
1383 3116 1664 3196 ἑκάτερον
1715 3154 1797 3167 -
1848 3118 1925 3206 ὥς
1976 3115 2024 3180 δ’
2078 3117 2178 3181 ἐπὶ
2228 3116 2543 3196 ποταμῷ).

817 3223 996 3289 Inter
1034 3223 1079 3289 f.
1119 3222 1254 3289 250
1303 3228 1367 3289 et
1415 3223 1546 3293 25¹7
1599 3224 1725 3289 duo
1770 3222 1924 3289 folia
1963 3223 2367 3306 exciderunt,
2407 3224 2546 3308 qui·

825 3330 942 3395 bus
999 3328 1379 3418 legebantur
1439 3352 1494 3395 c.
1555 3329 1682 3414 22,
1731 3327 1990 3409 3-26,
2038 3329 2079 3394 2
2130 3328 2384 3398 ἐκείνους
2432 3328 2547 3404 μὲν

818 3435 1015 3509 331—
1059 3432 1178 3501 εἶτ’
1245 3430 1341 3501 οὖν
1405 3436 1671 3516 ἐφεξῆς,
1736 3434 1966 3501 itidem
2028 3436 2209 3501 nobis
2276 3437 2343 3499 in
2412 3432 2547 3499 illis

819 3541 1142 3607 codicibus
1181 3552 1450 3609 servata.
1493 3543 1646 3607 Fuit
1682 3542 1888 3629 igitur
1925 3542 1970 3607 f.
1998 3540 2131 3607 250
2156 3540 2505 3606 secundum
2525 3586 2542 3617 ‚

820 3647 866 3712 f.
913 3645 1044 3713 251
1095 3650 1392 3733 quintum
1447 3648 1643 3713 huius
1693 3649 2140 3734 quaternionis.

271 3746 474 3836 Itaque
515 3756 776 3839 apparet
809 3772 887 3818 ex
921 3773 1187 3819 numero
1234 3755 1263 3817 θ
1307 3773 1432 3839 quo
1469 3759 1729 3819 notatus
1768 3757 1903 3819 erat
1942 3755 2051 3839 qui
2091 3774 2259 3819 nunc
2297 3754 2545 3838 primus

203 3858 275 3915 est
326 3862 681 3939 quaternio,
751 3858 1029 3925 codicem
1094 3858 1416 3925 Venatum
1495 3859 1651 3925 olim
1724 3870 1865 3925 octo
1911 3860 2431 3946 quaternionibus
2476 3860 2545 3923 in

205 3954 352 4024 initio
407 3966 754 4031 auctiorem
818 3965 1032 4030 fuisse.
1106 3963 1244 4045 Quo
1293 3967 1781 4050 quaternionum
1828 3986 2095 4031 numero
2142 3986 2291 4031 cum
2340 3968 2545 4031 conti-

205 4072 430 4131 neantur
463 4071 736 4157 paginae
775 4070 1070 4137 editionis
1109 4069 1551 4137 Dindorfianae
1588 4093 1712 4138 non
1750 4072 1898 4158 plus
1941 4070 2070 4135 144
2103 4092 2304 4157 neque
2328 4076 2545 4137 tamen

207 4167 376 4237 multo
429 4178 641 4240 minus
702 4175 1170 4262 (quaterniones
1239 4175 1505 4242 18-25
1571 4178 1710 4244 cod.
1766 4176 2026 4254 Veneti,
2078 4184 2151 4242 ut
2197 4177 2318 4243 hoc
2366 4182 2541 4255 utar,

209 4280 700 4361 comprehendunt
755 4303 903 4371 pag.
969 4282 1066 4348 ed.
1116 4282 1310 4350 Dind.
1363 4282 1519 4371 143)
1571 4284 1853 4351 codicem
1898 4289 2188 4351 nostrum
2234 4285 2543 4371 incepisse

211 4373 310 4445 fere
348 4384 411 4451 in
453 4408 504 4453 c.
552 4387 820 4455 10-12
866 4387 1018 4454 libri
1067 4390 1150 4456 41
1201 4390 1617 4457 statuendum
1664 4396 1793 4470 est,
1835 4388 2004 4457 unde
2042 4392 2337 4477 consequi
2376 4388 2543 4455 mihi
