3150 5000
1299 249 1633 301 nummus.
2522 229 2651 295 201

271 421 536 483 sanatus
594 417 864 486 videtur.
931 417 1178 485 Hsereo
1225 419 1396 486 enim
1443 419 1507 484 in
1557 439 1710 484 voce
1757 425 2241 483 τελευταῖον
2268 467 2283 490 ,
2332 437 2527 503 quam
2576 422 2653 482 ut

273 524 745 608 quodammodo
815 525 1066 591 defendi
1133 545 1314 610 posse
1382 545 1505 591 non
1575 545 1805 612 negem
1829 571 1845 602 ‚
1909 537 2123 590 tamen
2187 522 2394 590 multo
2446 523 2657 610 magis

269 629 554 714 placeret
598 629 730 696 levi
777 634 1132 697 mutatione
1175 635 1238 696 in
1279 634 1416 696 eius
1455 631 1669 697 locum
1712 631 2174 696 substitutum:
2225 637 2583 696 τελευτῶ
2607 655 2658 695 ν.

269 736 526 823 Nempe
585 743 990 824 opponuntur·
1053 739 1219 803 inter
1280 757 1346 804 se
1393 775 1480 786 —
1529 742 1593 801 et
1641 742 1854 822 captat
1899 736 2013 802 has
2060 735 2391 807 ἀντιθέσεις
2444 737 2657 801 rheto-

271 846 442 908 ricas
459 889 476 918 ,
545 846 598 908 si
659 845 802 929 quis
859 843 1024 910 alius
1044 891 1062 921 ,
1124 849 1342 910 auctor
1387 843 1583 908 huius
1628 843 2089 908 controversiae
2137 879 2219 890 —
2273 861 2435 926 quae
2481 846 2661 926 pater

272 949 450 1014 vivus
518 970 800 1035 quaeque
867 955 1118 1014 moriem
1185 949 1440 1026 feeerit3
1514 946 2053 1034 quemadmodum
2125 967 2273 1013 mox
2345 947 2426 1012 de·
2483 945 2615 1014 filio
2639 996 2655 1023 ‚

271 1075 440 1141 quae
495 1077 603 1140 per
648 1062 828 1121 vitam
874 1071 938 1122 et.
985 1077 1145 1142 quse
1181 1063 1316 1140 post
1361 1056 1688 1120 interitum.
1738 1053 1828 1120 Ut
1872 1057 1943 1119 in
1988 1054 2091 1120 his
2136 1053 2282 1134 ζῶν
2331 1060 2396 1119 et
2440 1054 2659 1132 μετὰ

273 1160 659 1240 θάνατον,
711 1163 804 1228 sio
848 1165 916 1227 in
963 1160 1098 1228 illis
1146 1160 1283 1242 ζῶν
1322 1168 1387 1228 et
1432 1168 1841 1226 τελευτῶν
1887 1161 2010 1226 sibi
2056 1161 2451 1246 respondent.

368 1267 523 1354 Cap.
575 1267 636 1334 3.
687 1268 793 1334 καὶ
842 1270 952 1342 τὴν
1001 1269 1341 1350 ἐλευθερίαν
1389 1267 1655 1346 βέβαιον
1700 1268 2080 1348 παρασχών,
2128 1267 2358 1339 οὐδενὸς
2408 1290 2662 1347 παρα-

269 1375 685 1452 λελειμμένου
747 1374 1114 1454 κληρονόμου
1173 1377 1292 1440 τῶν
1334 1375 1753 1452 ἀδικημάτων.
1820 1371 1987 1440 Cum
2034 1377 2233 1440 nostri
2280 1376 2365 1440 sit
2412 1374 2662 1440 arbitrii

269 1485 342 1547 in
411 1481 686 1570 singulis
729 1481 923 1562 loeis,
969 1487 1159 1568 prout
1205 1484 1518 1548 sententis
1560 1481 1853 1569 flagitet,
1901 1489 2015 1546 eut
2062 1504 2278 1561 παρα
2327 1485 2439 1547 eut
2484 1505 2577 1546 πε
2598 1503 2663 1561 ρι

269 1607 576 1674 reponere
595 1636 612 1666 ‚
659 1587 826 1654 nihil
871 1590 1107 1655 certius
1155 1609 1348 1674 quam
1396 1589 1461 1655 h.
1486 1586 1534 1654 1.
1583 1586 2171 1668 περιλελειμμένον
2218 1607 2351 1653 esse
2390 1587 2663 1653 seriben-

271 1695 461 1760 dum.
508 1696 652 1762 Non
697 1697 870 1760 enim
917 1695 1038 1762 hoe
1085 1695 1240 1761 dicit
1286 1693 1540 1760 nullum
1582 1715 1621 1760 a
1656 1714 1723 1760 se
1759 1693 2154 1782 flagitiorum
2193 1693 2488 1759 heredem
2528 1713 2662 1758 esse

257 1801 781 1886 praetermissum,
829 1801 966 1879 sed,
1020 1807 1094 1866 ut
1141 1807 1307 1868 reete
1353 1804 1549 1868 etiam
1598 1802 1794 1867 vertit
1839 1802 2149 1886 interpres
2182 1798 2486 1874 Latinus,
2512 1798 2663 1864 nul-

268 1904 417 1971 lum
481 1909 737 1973 omnino
801 1927 934 1974 esse
987 1909 1274 1972 relietum.
1322 1905 1513 1974 ,Certo
1560 1921 1625 1972 et
1673 1912 1977 1992 perpetuo
2025 1906 2394 1971 discrimine
2441 1904 2664 1970 distin·

271 2018 570 2100 guantur
639 2016 1230 2100 παραλείπειν,
1277 2021 1572 2092 omittere,
1613 2013 1951 2097 praeterire
1996 2017 2061 2079 et
2108 2013 2663 2094 περιλείπειν,

271 2120 646 2206 relinquere,
697 2125 771 2186 ut
815 2141 1129 2207 nusquam
1175 2141 1402 2206 anceps
1449 2141 1584 2187 esse
1629 2121 1829 2205 possit
1869 2121 2059 2205 optio.
2108 2117 2205 2186 Cf.
2247 2140 2326 2185 ex
2365 2118 2665 2205 plurimis

273 2225 449 2312 apud
496 2233 818 2293 nostrum:
868 2227 1159 2296 Hei-mot.
1212 2227 1283 2294 O.
1336 2227 1460 2293 42:
1510 2226 1667 2309 ἄχρι
1713 2227 1790 2293 ἂν
1838 2225 2061 2300 ἐκεῖνός
2110 2250 2199 2293 σοι
2251 2229 2662 2308 περιλειφθῇ

273 2331 302 2396 ὅ
369 2329 443 2396 τὸ
503 2331 681 2410 μόνον
738 2331 1016 2414 γράμμα
1065 2333 1265 2415 ἔχωνς
1329 2334 1587 2422 Imsgg.
1638 2330 1708 2400 O.
1760 2331 1883 2398 21:
1936 2331 2025 2399 ἔτι
2075 2332 2203 2414 γὰρ
2250 2333 2336 2398 τοὶ
2382 2331 2663 2410 μέγιστα

273 2443 399 2503 τῶν
463 2437 722 2504 ἐπαίνων
783 2440 1278 2520 περιλείπεται;
1329 2437 1485 2506 Tox.
1535 2436 1609 2507 G.
1660 2439 1739 2505 2:
1789 2444 1905 2505 τῶν
1954 2438 2360 2520 περιλοίπων
2411 2438 2552 2504 θεῶν
2601 2443 2668 2505 et

271 2545 444 2610 infra
491 2542 564 2611 C.
609 2546 690 2612 8:
739 2549 878 2612 τίνα
926 2546 1004 2612 ἂν
1051 2547 1080 2611 ὅ
1132 2546 1518 2628 περίλοιπος
1566 2545 1891 2621 κολασθείη
1942 2544 2175 2625 τρόπον,
2220 2546 2333 2612 ubi
2372 2544 2665 2631 supplen-

275 2650 437 2716 dum
486 2652 626 2717 τίνοι
673 2653 750 2718 ἂν
795 2651 1012 2739 (οὖν),
1068 2660 1140 2719 ut
1181 2655 1250 2718 in
1293 2648 1558 2737 Cataplo
1598 2650 1673 2719 C.
1713 2651 1834 2717 28:
1874 2652 2016 2717 τίνα
2058 2651 2135 2717 ἂν
2172 2648 2299 2717 οὖν
2340 2651 2663 2726 κολασθείη

271 2758 534 2837 τρόφι-οη
604 2758 682 2824 In
747 2756 1014 2845 Cataplo
1078 2756 1147 2825 G.
1218 2755 1304 2824 18
1365 2778 1478 2845 pro
1542 2758 1665 2836 ἐγὼ
1729 2757 1793 2823 δὲ
1840 2757 2015 2835 μόνος
2062 2760 2323 2835 ἐνταῦθα
2374 2773 2665 2839 περιλε-

273 2864 584 2946 λείψομαι
631 2863 1018 2933 Gorlieensis
1065 2866 1258 2931 habet
1302 2866 1937 2944 παραλελείψομαις
1990 2868 2262 2951 pessime
2284 2912 2299 2943 ‚
2347 2871 2421 2930 ut
2465 2865 2666 2931 vides.

369 2968 528 3058 Gap.
592 2972 655 3036 4.
717 2972 950 3038 Malim
1018 2972 1186 3050 fere,
1250 2973 1544 3058 quemvis
1589 2992 1715 3037 non
1762 2991 2013 3056 prorsus
2060 2970 2483 3038 necessarium
2532 2991 2666 3036 esse

277 3076 451 3143 ultro
513 3078 848 3145 concedam
873 3124 891 3157 ‚
949 3078 1034 3143 τὰ
1081 3080 1143 3143 ἐν
1187 3088 1266 3160 τῇ
1313 3076 1615 3159 τυραννίδι
1668 3077 1936 3164 (κακὰ)
1986 3078 2205 3158 καίπερ
2254 3076 2473 3142 εἰδόσιν
2523 3076 2665 3152 ὑμῖν

277 3183 545 3264 ἀκριβῶς
608 3184 1023 3264 διηγουμένου.
1083 3184 1298 3251 Nimis
1343 3187 1517 3250 enim
1563 3184 1872 3271 ambigue
1917 3183 2165 3249 dietum
2213 3182 2420 3249 videri
2466 3185 2666 3267 possit

279 3294 382 3358 τὰ
444 3294 516 3358 ἐν
579 3302 672 3374 τῦ
737 3292 1194 3377 τυραννίδι;
1257 3288 1574 3377 siquidem
1622 3293 1789 3356 inter
1836 3310 1978 3368 eos,
2028 3292 2139 3375 qui
2185 3288 2500 3355 invidioso
2547 3290 2667 3356 1100

279 3402 537 3465 1101111110
597 3399 1126 3487 designabantur,
1189 3397 1528 3464 nonnullos
1591 3397 1789 3464 fuisse
1850 3404 1915 3464 et
1973 3398 2215 3463 virtute
2274 3398 2558 3484 insignes
2603 3403 2668 3463 et

279 3507 524 3591 optime
586 3504 664 3571 de
733 3505 979 3572 civibus
1049 3506 1347 3583 meritos,
1413 3504 1481 3568 ἐκ
1528 3511 1640 3579 τῆς
1687 3503 1955 3583 ἱστορίας
2007 3503 2512 3584 παρειλήφαμεν.
2564 3500 2662 3569 cf.

282 3612 540 3677 omnino
587 3609 769 3676 Phsl.
819 3610 1018 3676 Prior.
1068 3608 1139 3677 O.
1193 3610 1257 3677 7.

371 3713 527 3803 Gap.
571 3714 633 3782 5.
683 3717 883 3797 ἐκείνῳ
920 3717 989 3780 αἱ
1028 3715 1305 3795 παρθένοι
1344 3706 1677 3795 ἀνήγοντο.
1716 3713 1977 3783 Contuli
2015 3714 2199 3781 Phal.
2239 3713 2445 3781 Prior.
2488 3712 2561 3781 C.
2588 3714 2663 3781 3:

281 3826 586 3901 γυναικῶν
627 3822 1001 3901 ἀπαγωγαί
1016 3850 1035 3900 ;
1073 3819 1318 3907 Catapl.
1361 3819 1432 3889 O.
1460 3819 1583 3887 26:
1620 3822 1786 3888 υίέων
1828 3820 2255 3900 ἀπαγομένων
2280 3823 2423 3902 πρὸς
2451 3820 2663 3902 ὕβρινς

283 3930 520 3996 Anach.
571 3927 639 3996 C.
701 3927 816 3994 132
864 3928 1066 4009 φίλων
1121 3928 1154 4002 ἢ
1203 3929 1432 3994 οἰκείων
1480 3927 1624 4007 πρὸς
1672 3925 1844 4008 ὕβριν
1890 3926 2360 4005 οἱπαγομένωνς
2412 3928 2659 4016 Fugitt.

284 4030 354 4103 O.
405 4034 526 4102 18:
584 4042 890 4113 γυναῖκας
952 4034 1288 4114 ἀπάγουσι
1337 4034 1777 4117 μοιχεύσοντες
1825 4042 1892 4101 et
1938 4032 2011 4101 G.
2061 4033 2181 4101 30:
2231 4036 2340 4110 την
2389 4044 2662 4114 γυναῖκα

285 4138 482 4221 ᾤχετο
537 4142 842 4221 ἀπάγων.
905 4141 1045 4207 Iam
1109 4142 1287 4209 vides
1345 4163 1536 4229 quam
1583 4144 2007 4209 necessarium
2056 4144 2142 4209 sit
2187 4143 2521 4237 ἀπήγοντο
2568 4163 2662 4210 re-

287 4264 526 4330 ponere.

374 4350 533 4419 Ibid.
595 4353 622 4419 ὃ
670 4353 859 4437 γέρων
907 4354 972 4419 δὲ
1017 4353 1293 4435 ἐκείνῳ
1341 4354 1463 4441 (ita
1507 4353 1601 4443 lg.
1653 4374 1800 4421 cum
1850 4352 2144 4435 Sti-avio,
2193 4356 2297 4421 cui
2342 4354 2659 4445 suffraga-

2403 4475 2467 4523 14
