3150 5000
534 231 669 302 274
1552 253 1888 304 ΑΜΒ

615 417 852 486 Lacera
911 425 977 487 et
1042 419 1281 489 mutila
1342 441 1592 508 quoque
1651 427 1802 488 sunt
1845 444 2008 509 quae
2054 424 2345 510 deinceps
2389 423 2731 511 leguntur:
2787 425 2916 500 „ita

524 527 788 594 ciuitate
850 529 1110 594 incensa
1174 533 1237 595 et
1287 528 1680 608 obtruncatis
1724 529 2052 615 pluribus,
2100 532 2211 617 qui
2255 532 2496 615 pacis
2539 550 2762 595 more
2805 549 2916 615 pa-

520 633 819 701 labantur
883 633 1142 700 effusius
1160 683 1177 714 ,
1228 683 1243 700 .
1274 683 1290 699 .
1319 684 1337 701 .
1384 638 1598 701 onusti
1657 637 1889 722 praeda
1934 637 2146 704 hostes
2197 638 2276 703 ad
2324 658 2442 704 sua
2487 637 2918 703 remearunt.”

612 739 805 807 Vides
868 762 1060 828 quam
1127 743 1342 828 inepte
1402 743 1650 808 editum
1713 744 1800 808 sit
1858 746 2090 830 pacis
2129 764 2379 810 more.
2426 741 2693 832 Gor-rige
2739 744 2920 811 sodes

526 850 898 935 percit<i
946 850 1308 920 ti>more.

619 1063 795 1144 Quae
841 1062 1151 1152 leguntur
1199 1061 1262 1129 5.
1314 1059 1400 1128 13
1448 1064 1543 1130 ita
1588 1069 1738 1130 sunt
1781 1063 2323 1150 interpungenda:
2387 1061 2655 1148 „harum
2703 1083 2922 1128 rerum

512 1173 900 1257 ‚interpretes
969 1171 1252 1236 arcessiti
1308 1171 1810 1258 interrogatique
1873 1172 2068 1237 etiam
2125 1171 2193 1236 id
2257 1176 2476 1238 uetare
2522 1172 2924 1257 procinctum

521 1274 820 1343 fidentius
895 1273 1317 1341 adfirmabant
1384 1274 1668 1354 fulmen,
1739 1275 2174 1342 consiliarium
2241 1297 2378 1344 esse
2423 1276 2924 1344 monstrantes.''

521 1381 736 1471 Vulgo
783 1381 963 1448 colon
1012 1379 1179 1448 male
1206 1384 1486 1468 'ponitur
1531 1387 1677 1448 ante
1729 1381 2082 1460 „fulmen.”

618 1627 680 1695 5.
733 1628 837 1694 18.
908 1629 1082 1708 „Nos
1145 1648 1298 1695 uero
1358 1628 1719 1696 miseranda
1757 1650 1979 1696 recens
2025 1635 2358 1717 captarum
2404 1631 2667 1696 urbium
2713 1635 2781 1696 et
2829 1633 2924 1696 in-

524 1737 699 1803 ultae
761 1756 1087 1804 caesorum
1140 1740 1535 1803 exercituum
1585 1738 1851 1804 umbrae
1896 1745 1960 1804 et
2008 1738 2386 1804 damnorum
2435 1738 2924 1826 magnitudines

525 1849 1003 1929 castrorumque
1050 1846 1421 1909 amissiones
1460 1843 1538 1908 ad
1576 1844 1732 1910 haec
1752 1893 1768 1918 ,
1807 1865 1966 1929 quae
2003 1846 2452 1931 proposuimus
2471 1892 2487 1922 ‚
2513 1844 2923 1910 hortantur.”

616 1952 773 2017 Post
824 1950 1170 2028 „urbium”
1220 1949 1625 2016 librariorum
1674 1949 2086 2038 neglegentia
2131 1953 2324 2036 periit
2372 1949 2848 2037 „spectacula.”

616 2181 691 2246 In
736 2181 1026 2266 proxime
1072 2198 1241 2265 seqq.
1296 2178 1509 2256 „uotis
1556 2179 1848 2244 omnium
1895 2179 2083 2244 sociis
2120 2184 2195 2243 ut
2235 2179 2609 2244 medeamur
2643 2183 2926 2266 praeter-

524 2289 637 2353 itis
682 2293 747 2353 et
810 2286 1222 2352 honorata
1286 2283 1479 2348 huius
1528 2283 1750 2349 lateris
1795 2286 2134 2350 securitate
2181 2305 2249 2349 re
2293 2283 2588 2369 publica,
2637 2305 2802 2370 quae
2846 2285 2923 2350 de

523 2393 707 2460 nobis
746 2390 1085 2480 magnifice
1121 2390 1421 2476 loquatur
1458 2391 1794 2476 posteritas
1827 2390 2328 2476 relinquamus'’‚
2351 2411 2465 2486 pro
2507 2391 2865 2458 honorat
2886 2410 2922 2457 a

526 2500 758 2567 suadeo
805 2506 877 2565 ut
924 2498 1180 2587 legatur
1232 2520 1266 2563 r
1283 2518 1319 2563 o
1338 2497 1377 2563 b
1399 2518 1435 2563 o
1450 2519 1482 2562 r
1501 2502 1579 2563 at
1599 2518 1656 2563 a.

617 2728 677 2797 5.
731 2728 835 2795 19.
910 2729 1039 2807 „At
1099 2728 1155 2792 si
1214 2728 1470 2793 fortuna
1532 2725 1866 2793 uersabilis
1926 2729 1996 2792 in
2056 2748 2274 2815 pugna
2321 2747 2428 2793 me
2476 2748 2745 2814 usquam
2797 2729 2834 2795 f
2839 2752 2916 2795 u-

523 2838 790 2920 derit,
838 2834 1003 2900 mihi
1048 2854 1200 2900 uero
1249 2853 1361 2919 pro
1408 2832 1697 2899 Romano
1745 2834 1894 2899 orbe
1942 2840 2184 2899 memet
2228 2836 2484 2899 uouisse
2529 2832 2874 2901 sufficiet.'’

612 2942 739 3009 Pro
785 2940 1105 3007 fuderit
1157 2938 1502 3028 legendum
1549 2960 1689 3005 reor
1735 2940 2090 3027 fugerit.

621 3161 722 3227 15.
774 3160 883 3227 22.
954 3160 1307 3239 „Polliceor
1353 3162 1671 3227 uniuersis
1717 3160 1905 3226 rebus
1951 3166 2099 3247 post
2143 3160 2297 3226 haec
2344 3180 2638 3247 prospere
2685 3163 2914 3227 miti-

522 3270 755 3357 gatis
806 3318 821 3335 .
852 3316 911 3333 ..
963 3269 1271 3332 rationem
1320 3288 1427 3334 me
1474 3274 1644 3333 recte
1692 3266 2126 3334 consultorum
2173 3266 2281 3332 uel
2325 3288 2505 3333 secus
2553 3271 2755 3355 siquis
2803 3290 2913 3335 ex-

526 3376 730 3462 egerit
776 3373 1244 3440 redditurum.'’

613 3480 903 3546 Absurde
973 3479 1184 3544 editur
1256 3479 1487 3555 „rebus
1553 3530 1568 3546 .
1597 3528 1612 3543 .
1643 3527 1658 3543 .
1722 3499 2012 3564 prospere
2071 3500 2136 3543 m
2156 3481 2180 3544 i
2197 3484 2224 3543 t
2241 3480 2265 3542 i
2280 3501 2328 3566 g
2341 3500 2378 3543 a
2396 3484 2422 3543 t
2441 3482 2462 3544 i
2479 3482 2577 3544 s.”
2647 3476 2913 3569 Corrige

526 3586 1311 3667 <ad>ministratis.
1362 3622 1443 3633 -
1493 3584 1567 3650 In
1614 3584 1760 3650 Vat.
1809 3589 1905 3651 est
1954 3585 2461 3671 mittigatos.

617 3806 679 3871 5.
728 3806 836 3872 24.
916 3804 1269 3890 „Conclusa
1318 3808 1601 3874 oratione
1651 3807 1728 3871 ad
1775 3807 1945 3871 hunc
1991 3807 2433 3893 gratissimum
2483 3801 2708 3883 finem,
2765 3806 2910 3871 duc-

524 3907 679 3979 toris
742 3913 949 4001 gloria
1017 3913 1496 3998 proeliator
1564 3912 1754 3977 miles
1817 3912 2142 3985 exultans,
2192 3932 2424 3996 speque
2469 3931 2906 3997 prosperorum

522 4020 747 4085 elatior
796 4066 811 4083 .
842 4066 901 4083 ..
951 4020 1112 4083 nihil
1182 4017 1612 4105 periculosum
1683 4018 1814 4084 fore
1887 4016 1992 4083 uel
2063 4017 2333 4083 arduum
2409 4016 2730 4083 clamabat
2796 4018 2907 4084 sub

521 4128 904 4211 imperatore
948 4124 1093 4209 plus
1140 4126 1263 4189 sibi
1309 4124 1544 4190 laboris
1591 4144 1784 4210 quam
1833 4126 2146 4211 gregariis
2195 4123 2582 4188 indicente.’'

610 4232 791 4298 Ferri
838 4230 1015 4296 nullo
1064 4231 1251 4296 modo
1299 4236 1508 4316 potest
1546 4230 2020 4317 proeliator
2059 4232 2274 4316 inepte
2313 4232 2602 4315 sequenti
2640 4230 2904 4309 „miles”

522 4338 839 4406 additum.
884 4336 1297 4404 Desideratur
1344 4337 1654 4403 nimirum
1705 4337 2102 4404 aduerbium.
2153 4336 2409 4403 Reuoca
2453 4338 2661 4424 igitur
2705 4357 2905 4422 prae·
