3150 5000
1115 261 1451 314 Ammvs
1495 263 1961 314 mmm-vs.
2072 235 2084 256 '
2218 291 2229 298 -
2402 263 2408 281 ·
2602 243 2735 311 235

333 430 442 494 ria
485 427 592 495 uel
631 431 875 516 respuit
919 429 1028 496 uel
1073 430 1380 520 neglexit.
1428 431 1502 498 In
1551 431 2002 520 orthographia
2048 431 2319 514 denique
2362 451 2502 496 eam
2552 449 2735 496 secu-

333 541 451 600 tus
496 539 593 602 est
638 539 953 603 rationem
999 543 1073 602 ut
1121 539 1420 603 monstris
1463 541 1812 624 scripturae
1832 586 1848 616 ‚
1896 559 1975 604 ex
2020 536 2183 603 libro
2232 535 2544 603 Vaticano
2593 537 2731 601 sine

341 641 483 708 ullo
527 643 766 710 iudicio
813 643 1240 730 depromptis,
1287 650 1657 711 contextum
1706 646 2077 711 macularet.

437 747 733 815 Triennio
779 751 908 816 fere
956 756 1098 837 post
1144 749 1741 818 EYssnmun'rlvu
1787 751 2207 817 Ammianum
2258 749 2575 816 edendum
2623 769 2735 813 cu-

333 856 516 922 rauit
561 855 635 920 V.
685 853 1192 924 Ginnrmvsm.
1241 857 1309 923 Is
1353 855 1477 922 Vir
1521 857 1948 924 Doctissimus
1987 859 2245 945 egregie
2284 855 2363 922 de
2389 857 2734 921 Ammiano

333 962 510 1027 mihi
556 963 824 1030 meritus
869 963 1146 1030 uidetur.
1197 963 1340 1030 Etsi
1385 962 1599 1031 Codex
1645 964 2377 1031 Vaticano—Fuldensis
2418 969 2482 1029 et
2522 964 2583 1028 ei
2622 982 2735 1046 pro

335 1068 758 1136 fundamento
805 1076 903 1136 est
921 1121 939 1156 ,
989 1091 1113 1156 quo
1167 1075 1446 1137 recensio
1491 1077 1629 1137 tcta
1674 1073 1927 1150 nititur,
1977 1076 2192 1137 tamen
2240 1075 2303 1136 et
2343 1069 2501 1135 alios
2540 1067 2736 1133 libros
2794 1151 2800 1168 ¹

335 1173 511 1241 MS.
586 1176 756 1241 haud
829 1178 1214 1262 spernendae
1273 1178 1672 1244 auctoritatis
1692 1225 1708 1256 ‚
1757 1184 2070 1262 quantum
2117 1179 2363 1263 potuit,
2411 1178 2477 1241 in
2538 1195 2731 1240 usum

335 1302 536 1346 suum
608 1285 957 1367 conuertit,
1027 1285 1194 1350 inter
1263 1304 1420 1369 quos
1486 1283 1701 1350 locum
1773 1281 1960 1348 facile
2029 1285 2381 1368 principem
2446 1281 2731 1346 obtinere

333 1387 619 1452 ostendit
683 1385 838 1454 cod.
905 1387 1241 1455 Petrinum
1262 1437 1278 1467 ‚
1347 1411 1508 1456 saec.
1572 1386 1749 1466 XIV,
1797 1391 1906 1474 qui
1952 1390 2021 1453 in
2067 1387 2383 1454 tabulario
2431 1385 2731 1452 basilicae

333 1491 562 1560 Sancti
624 1492 802 1561 Petri
863 1496 1059 1560 nimis
1119 1502 1290 1561 arcte
1349 1495 1727 1562 custoditur.
1799 1493 1998 1561 Sanas
2042 1494 2347 1560 lectiones
2389 1496 2523 1558 iam
2572 1490 2729 1558 olim

337 1599 426 1665 ab
495 1599 834 1685 Accursi0,
906 1598 1208 1678 Gelenio,
1278 1601 1565 1680 Valesio,
1639 1601 1903 1688 reliquis
1968 1601 2427 1667 uetustioribus
2491 1601 2732 1665 criticis

333 1713 621 1792 repertas
681 1708 1100 1793 probatasque
1159 1730 1351 1774 suum
1411 1708 1625 1774 locum
1696 1709 2023 1775 concessit.
2110 1706 2602 1773 Emendationes
2633 1707 2731 1769 in

333 1817 710 1880 contextum
772 1817 1049 1900 recipere
1093 1835 1218 1882 non
1265 1816 1623 1894 dubitauit,
1676 1815 1908 1900 quibus
1956 1836 2033 1880 ex
2080 1815 2537 1881 recentioribus
2584 1818 2729 1878 ante

335 1939 562 1985 omnes
624 1919 708 1984 M.
765 1920 1032 2000 Havrzr,
1098 1924 1171 1987 A.
1237 1927 1302 1988 et
1364 1918 1446 1988 G.
1511 1920 1901 1996 Kmssmzs,
1964 1920 2449 1986 Kannnanavna
2468 1967 2484 1998 ‚
2535 1916 2607 1985 O.
2654 1917 2727 1984 F.

336 2023 446 2093 W.
503 2024 834 2094 Mvnnmm
892 2027 1286 2113 permultum
1347 2027 1426 2093 ad
1485 2026 1823 2113 librorum·
1864 2026 2253 2112 corruptelas
2324 2024 2759 2092 contulerunt·

337 2131 672 2198 sanandas.
743 2132 884 2219 Ipse
947 2131 1436 2200 Gammmvsmz
1481 2133 1795 2219 plurimos
1844 2131 2011 2198 locos
2058 2134 2323 2198 antebac
2370 2132 2731 2218 desperatos

335 2236 730 2303 felicissimis
775 2242 1152 2305 coniecturis
1199 2243 1266 2304 in
1313 2243 1643 2327 integrum
1692 2242 1995 2305 restituit.
2045 2238 2328 2305 Monstra
2365 2237 2483 2303 illa
2523 2237 2733 2304 ottho*

331 2345 646 2432 graphica
707 2345 926 2412 sedulo
987 2347 1254 2433 expulit.
1326 2345 1690 2423 Praeterea,
1761 2345 1929 2432 quod
2000 2348 2293 2411 omnium
2362 2347 2728 2411 maximum

331 2455 470 2535 est,
548 2450 788 2518 librum
870 2451 1251 2519 Vaticanum
1321 2459 1528 2523 totum
1605 2474 1752 2519 cum
1824 2453 2103 2519 editione
2172 2449 2597 2540 Wagneriana·
2666 2457 2731 2519 et

331 2559 476 2643 ipse
537 2558 810 2625 contulit
871 2566 934 2625 et
952 2610 968 2642 ‚
1035 2560 1190 2624 dum
1253 2558 1552 2647 plagulae
1611 2558 1761 2625 libri
1826 2562 1927 2625 sui
1991 2559 2488 2647 corrigebantur,
2540 2558 2731 2625 colla-

333 2664 511 2731 tione
558 2684 711 2731 usus
759 2670 856 2731 est
875 2715 892 2750 ,
945 2686 1136 2751 quam
1187 2672 1372 2733 antea
1419 2667 1653 2732 fecerat
1698 2668 1774 2731 A.
1822 2665 2163 2731 Etanna.
2228 2664 2353 2730 Vix
2414 2685 2572 2752 opus
2633 2672 2729 2731 est

334 2776 416 2836 ut
485 2792 777 2837 moneam
850 2775 1079 2837 miram
1143 2776 1455 2839 sexcentis
1517 2772 1672 2838 locis
1737 2777 1983 2838 exstare
2022 2772 2516 2857 discrepantiam
2562 2773 2728 2836 inter

337 2874 926 2945 Gmnrmvsnnvu
971 2884 1036 2945 et
1081 2878 1684 2945 Erssmmn‘nm
1730 2880 1844 2943 ubi
1891 2878 2042 2943 libri
2088 2876 2387 2944 Vaticani
2426 2877 2727 2943 lectiones

315 2984 556 3051 edunt.

429 3092 501 3157 In
551 3092 949 3159 Praefatione
996 3094 1372 3159 recensionis
1409 3113 1561 3158 suae
1600 3090 2091 3158 GARD'PHAVSRR
2126 3093 2425 3176 promisit
2462 3112 2527 3156 se
2572 3110 2725 3176 pau-

333 3219 444 3265 cos
490 3206 634 3283 post
681 3220 875 3264 annos
923 3202 1227 3263 maiorem
1279 3198 1605 3263 Ammiani
1653 3197 1998 3263 editionem
2022 3245 2038 3275 ‚
2088 3202 2396 3283 apparatu
2442 3195 2725 3282 pleniore

335 3307 720 3371 instructam
793 3303 1274 3392 euulgaturum.
1364 3303 1756 3390 Magnopere
1842 3304 2191 3389 optandum
2264 3310 2361 3369 est
2429 3309 2503 3367 ut
2570 3323 2726 3369 mox

333 3413 634 3497 promissi
697 3409 886 3476 fidem
951 3415 1248 3496 praestet.
1319 3409 1581 3475 Interim
1634 3409 1995 3475 aduersaria
2039 3406 2343 3474 nonnulla
2390 3408 2573 3474 edere
2622 3408 2727 3474 de-

327 3520 542 3594 creui,
589 3536 750 3602 quae
795 3518 963 3582 inter
1007 3515 1352 3604 legendum
1399 3519 1468 3580 in
1515 3518 1807 3603 margine
1854 3515 2234 3600 exemplaris
2281 3516 2412 3581 mei
2454 3515 2723 3580 subinde

327 3622 807 3708 adscripseram.
878 3622 1169 3688 Forsitan
1237 3621 1544 3707 quaedam
1618 3623 1783 3686 mihi
1853 3622 2192 3687 inciderint
2252 3620 2333 3686 ad
2391 3621 2722 3686 Ammiani

327 3732 680 3797 orationem
733 3729 1058 3815 turgidam
1109 3736 1175 3795 et
1219 3731 1382 3796 mire
1427 3734 1780 3795 contortam
1828 3726 2327 3815 intellegendam
2377 3726 2721 3793 emendan-

326 3838 606 3922 damque
650 3857 773 3901 non
817 3855 1072 3922 prorsus
1116 3835 1393 3901 inutilia.

1336 4147 1669 4158 ——-
