3150 5000
1307 337 1625 387 nonnus.
2534 318 2659 384 221

851 620 890 704 g
940 617 1001 684 3.
1073 619 1168 684 De
1215 619 1411 684 dativi
1456 619 1788 702 cinqularic
1822 620 2066 704 formio.

369 814 542 896 Quae
605 816 682 882 de
742 817 1094 882 formarum
1164 839 1265 893 μοι
1286 866 1305 901 ,
1376 839 1463 881 σοι
1514 815 1620 883 vel
1665 841 1754 882 τοι
1777 865 1798 900 ,
1844 841 1919 882 roc
1969 815 2227 882 elisione
2276 818 2665 886 observanda

290 927 486 1000 erant,
551 929 782 988 cuncta
840 925 906 988 in
978 925 1014 1008 ἓ
1069 923 1101 987 1
1168 929 1318 989 sunt
1381 928 1685 1009 occupata
1701 943 1718 1002 ;
1756 922 1927 988 illuc
1972 925 2177 1010 igitur
2224 922 2420 990 lector
2482 925 2665 990 bene·

291 1029 459 1095 volus
507 1029 844 1118 ablegatus
891 1035 1040 1095 esto.

366 1135 668 1222 Superest
729 1137 1083 1224 rogandum
1151 1138 1262 1222 qui
1309 1133 1419 1202 fiat
1465 1141 1540 1200 ut
1588 1136 1897 1202 secundae
1940 1156 2241 1221 personae
2290 1136 2547 1202 dativus
2594 1138 2664 1201 in

291 1243 674 1320 Homericis,
723 1246 779 1308 si
825 1243 1096 1308 addatur
1143 1249 1472 1321 accentm,
1522 1245 1607 1307 sit
1648 1243 1742 1307 σὀΙ
1761 1290 1775 1320 ,
1829 1245 1927 1308 sin
1975 1243 2266 1308 enclitice
2310 1242 2664 1326 proferatur

291 1370 320 1412 a
359 1349 546 1416 litera
582 1373 623 1412 τ
662 1349 960 1434 incipiat:
1002 1373 1116 1414 τοι.
1188 1348 1368 1429 Quod
1409 1370 1663 1435 prorsus
1709 1370 1856 1415 sane
1896 1349 2189 1418 mirabile
2228 1353 2325 1414 est
2364 1355 2427 1413 et
2466 1347 2665 1434 expli·

294 1457 406 1520 cari
452 1476 638 1541 posse
681 1475 880 1542 neg-0,
925 1476 1132 1541 ,neque
1178 1455 1427 1520 credere
1473 1476 1731 1540 possum
1783 1461 2025 1522 veteres
2066 1467 2281 1540 poetas
2320 1475 2536 1520 revera
2572 1455 2666 1520 ita

291 1561 518 1627 locutos
580 1562 794 1627 fuisse.
869 1560 993 1626 Vix
1057 1567 1272 1627 tamen
1319 1581 1505 1627 sanae
1554 1564 1789 1627 mentis
1838 1561 2001 1626 mihi
2051 1561 2374 1626 videretur
2420 1561 2473 1625 si
2522 1562 2665 1647 quis

293 1668 464 1735 hodie
511 1667 783 1733 alterum
836 1675 1056 1733 utrum
1105 1667 1370 1734 mutare
1404 1667 1635 1745 vellet,
1686 1689 1887 1754 neque
1933 1667 2226 1752 equidem
2274 1669 2403 1732 scio
2450 1673 2664 1732 utram

295 1773 587 1859 formam,
651 1776 706 1838 si
771 1775 1025 1839 daretur
1084 1777 1292 1856 optio,
1358 1777 1424 1838 in
1489 1774 1773 1840 Homero
1821 1773 2289 1859 praeferendam
2344 1775 2661 1840 ducerem.

297 1879 571 1946 Praestat
615 1881 852 1966 igitur,
903 1879 1066 1945 hanc
1119 1881 1553 1965 quaestionem
1605 1882 1912 1946 intactam
1962 1880 2337 1966 relinquere.

369 1985 584 2052 Tertia
631 1987 836 2052 forma
867 1986 1073 2052 dativi
1109 1988 1178 2051 in
1215 1987 1488 2052 secunda
1523 2008 1786 2072 persona
1824 1987 2025 2053 semel
2066 1999 2131 2053 et
2172 1975 2408 2052 iterum
2448 2007 2664 2052 occur-

277 2095 400 2176 rit,
444 2114 674 2178 nempe
718 2093 881 2176 τεῒν,
928 2104 988 2158 Λ
1037 2091 1204 2171 201,
1256 2093 1290 2157 δ
1338 2093 1509 2178 619,
1559 2090 1727 2172 829,
1781 2109 1819 2158 λ
1874 2093 2043 2171 560,
2090 2117 2117 2158 o
2170 2092 2334 2178 119,
2382 2095 2541 2159 item
2592 2097 2662 2159 in

299 2198 545 2265 oraculis
605 2198 771 2283 apud
833 2197 1228 2265 Herodotum
1297 2199 1358 2264 V
1411 2197 1496 2262 60
1545 2221 1663 2286 sq„
1711 2221 1827 2265 nec
1873 2220 2142 2285 usquam
2193 2198 2369 2265 alibi.
2444 2198 2661 2284 Suspi-

301 2307 406 2369 cari
467 2313 686 2371 tamen
747 2305 898 2370 licet
953 2306 1058 2370 hic
1103 2305 1240 2372 illic
1286 2313 1610 2373 vetustam
1656 2307 1818 2372 hanc
1868 2327 2087 2374 vocem
2138 2305 2349 2372 locum
2401 2308 2659 2371 cessisse

301 2413 606 2476 recentiori
655 2411 895 2477 formae
941 2435 1053 2477 σοι.
1122 2411 1419 2497 Exempli
1464 2415 1675 2501 gratia
1721 2413 1791 2490 β·
1822 2411 1951 2477 126
2001 2411 2325 2498 aliquanto
2372 2411 2659 2477 modula-

303 2520 404 2609 tior
459 2518 638 2584 fieret
698 2539 918 2586 versus
977 2521 1032 2584 si
1091 2540 1204 2604 pro
1270 2520 1472 2599 αὐτὰρ
1538 2521 1627 2585 σο)
1691 2519 2012 2607 legeretur
2058 2520 2235 2584 ἀλλὰ
2283 2517 2448 2605 τεῒνς
2496 2522 2655 2585 item

301 2636 334 2686 λ
386 2622 509 2689 252
577 2644 689 2710 pro
745 2625 864 2702 ἐγώ
913 2626 1007 2690 τοί
1053 2627 1178 2702 εἰμι
1225 2626 1556 2691 Nauckius
1603 2629 1959 2711 suspicatur
2005 2626 2127 2704 ἐγὼ
2176 2626 2300 2691 τεῒν
2349 2626 2473 2703 εἶμι
2525 2646 2659 2692 esse

299 2728 652 2817 legendum;
695 2752 810 2797 nec
850 2754 972 2797 non
1001 2745 1054 2796 ’λ
1082 2731 1209 2798 371
1255 2728 1316 2797 οἵ
1343 2756 1431 2796 τοι
1475 2730 1593 2809 ἅμ’
1635 2733 1801 2813 αὐτῷ
1843 2733 1854 2816 Ι
1892 2733 2093 2810 Platon
2136 2734 2220 2805 εἰς
2262 2729 2379 2810 ἅμ’
2405 2731 2657 2811 ἕποντο,

303 2837 357 2899 in
412 2838 640 2923 quibus
699 2838 965 2904 ridicule
1028 2842 1296 2904 iteratur
1354 2836 1498 2915 ἅμα
1521 2888 1535 2915 ,
1604 2842 1886 2926 suspicor
1948 2837 2074 2905 τεῒν
2142 2860 2275 2905 esse
2324 2842 2659 2905 restituen-
2733 2866 2741 2874 ·

306 2940 474 3009 dum:
536 2936 588 3010 οἳ
649 2942 776 3010 τεῒν
840 2946 1008 3027 αὐτῷ
1061 2946 1262 3012 Ῥίλιον
1326 2946 1409 3015 εἷς
1467 2944 1585 3023 ἅμ’
1634 2943 1862 3011 ἕποντο.
1934 2945 2057 3011 Sed
2102 2948 2298 3011 etiam
2347 2944 2475 3011 alia
2520 2966 2661 3030 pos-

305 3060 432 3113 sunt
491 3053 723 3128 conici‚
787 3053 1001 3135 itaque
1071 3051 1230 3117 hanc
1295 3072 1540 3137 quoque
1602 3054 2034 3138 quaestionem
2100 3058 2321 3137 utpote
2366 3053 2660 3117 incertio-

308 3172 422 3219 rem
459 3160 718 3222 missam
759 3156 1090 3222 faciamus.
1139 3158 1327 3243 Apud
1367 3158 1719 3223 Pindarum
1746 3159 1995 3225 brevior
2021 3161 2366 3243 (contracta
2380 3156 2435 3239 ἵ)
2457 3159 2662 3225 forma

306 3280 384 3321 τιν
426 3261 728 3347 reperitur
771 3261 1142 3349 aliquoties,
1190 3283 1245 3329 e.
1293 3286 1360 3351 g.
1409 3263 1668 3351 Olymp.
1718 3264 1813 3329 XI
1862 3263 2027 3343 114,
2078 3264 2203 3330 XII
2250 3264 2327 3345 4,
2378 3271 2497 3331 etc.

1203 3478 1742 3563 (Continuabitur.)
