3150 5000
1129 317 1388 368 oassms
1431 317 1562 367 mo.
2405 299 2533 366 321

269 483 555 568 Sequenti
615 487 832 549 autem
894 503 1082 549 versu
1143 485 1212 547 in
1275 483 1488 548 codice
1537 502 1662 547 non
1712 482 1953 568 legitur
1998 490 2541 567 ΒΤΣΓΡΑΤΟΕ,

185 589 280 653 sed
334 589 398 654 id
455 590 667 675 ipsum
730 589 896 675 quod
955 591 1306 675 requiritur
1348 599 1394 653 Γ
1447 595 1673 653 ΒΕΤΤ
1722 595 2057 652 ΓΡΑΤΟΟ
2102 587 2234 674 (vel
2278 589 2545 654 fortasse

184 691 298 760 levi
343 695 500 762 vitio
549 698 922 782 TPATOC)
966 697 1012 762 i.
1037 716 1092 761 e.
1141 693 1212 761 G.
1264 694 1518 761 Vettius
1566 691 1828 762 Gratus.

649 875 862 943 Codex
909 873 1238 943 Mediceus
1284 880 1378 942 n0.
1427 873 1471 940 8
1516 875 1722 962 plutei
1772 873 1859 942 '70
1910 873 2048 959 (A).

257 1038 613 1106 Secundum
675 1043 844 1107 inter
909 1041 1128 1107 Dionis
1191 1040 1436 1107 codices
1481 1040 1697 1106 locum
1748 1041 1995 1106 obtinet
2041 1037 2372 1105 Mediceus
2421 1038 2508 1106 70
2526 1087 2543 1118 ‚

184 1143 248 1228 8,
312 1151 866 1232 membranaceae,
937 1148 1176 1214 formae
1244 1146 1621 1233 quadratae,
1691 1146 1993 1212 foliorum
2058 1144 2226 1224 244,
2292 1144 2547 1230 :saeculi

184 1251 292 1316 fere
347 1253 709 1337 undecimi,
765 1252 999 1320 litteris
1053 1251 1432 1318 minusculis
1487 1253 1655 1320 clare
1720 1259 1784 1317 et
1848 1254 2174 1337 perspicue
2238 1254 2545 1338 perscrip-

183 1363 290 1422 tus.
357 1357 576 1424 Huius
636 1379 884 1445 quoque
945 1360 1178 1425 codicis
1222 1359 1520 1425 librarius
1567 1358 1959 1445 compendiis
2007 1360 2358 1442 scripturae
2406 1377 2545 1424 raro

185 1483 316 1528 neus
359 1471 476 1532 est.
547 1465 820 1531 Initium
871 1471 935 1530 et
981 1463 1122 1530 finis
1169 1467 1525 1551 perierunt;
1577 1463 1768 1530 hodie
1816 1465 2043 1549 incipit
2086 1484 2123 1528 a
2162 1463 2371 1528 verbis
2406 1463 2548 1544 φεί-

183 1567 352 1636 δεται.
395 1570 764 1643 δυναστείας
804 1595 876 1636 τε
916 1572 1054 1650 ἐρῶν
1106 1569 1234 1649 36,
1288 1571 1320 1634 1
1349 1618 1366 1649 ,
1417 1571 1490 1649 1,
1539 1570 1771 1636 desinit
1821 1570 1939 1646 50,
1994 1566 2072 1645 6,
2128 1569 2167 1631 2
2216 1571 2283 1632 in
2334 1567 2546 1634 medio

187 1676 468 1743 vocabulo
531 1675 568 1752 ἦ
625 1699 696 1740 τε
751 1673 848 1743 οὖν
888 1677 1096 1752 ἡλικία
1141 1679 1289 1756 παρ’
1327 1682 1532 1758 αμφο.
1598 1675 1723 1742 Sed
1765 1676 1842 1741 de
1880 1675 2136 1741 exordio
2179 1675 2399 1759 paullo
2448 1695 2549 1742 ac-

185 1784 442 1848 curatius
491 1783 820 1850 disseram.

261 1963 388 2030 Fol.
456 1967 491 2031 l
557 1965 714 2032 haec
779 1966 1093 2032 continet:
1151 1964 1458 2046 φείδεται.
1507 1963 1873 2034 δυναστείας
1921 1987 1988 2028 τε
2041 1963 2180 2041 ἐρῶν
2230 2000 2311 2010 -
2362 1986 2549 2044 προα-

189 2071 418 2148 Φείλετο
473 2071 696 2143 αὐτούς
756 2093 810 2137 c.
860 2069 938 2149 2,
990 2069 1053 2136 3.

265 2177 366 2242 fol.
432 2178 522 2242 l':
583 2181 664 2250 ὥς
725 2177 830 2242 καὶ
897 2177 1092 2258 ἑαυτῷ
1139 2176 1309 2241 κατὰ
1358 2178 1468 2249 τὴν
1517 2175 1855 2253 ὁμολογίαν
1902 2176 2052 2238 ἀλλ’
2099 2176 2207 2239 οὐκ
2254 2175 2507 2254 ensium!

193 2285 726 2363 προσχωρήσαντας
749 2305 765 2322 ·
815 2282 970 2362 λέξω
1020 2283 1084 2347 δὲ
1136 2281 1244 2357 ἤδη
1296 2281 1402 2346 καὶ
1451 2284 1523 2347 τὸ
1570 2281 1741 2345 κατὰ
1788 2285 1999 2346 τοῦτον
2038 2283 2051 2366 Ι
2093 2305 2151 2344 κ.
2184 2305 2239 2344 τ.
2270 2293 2331 2346 λ.
2408 2280 2551 2346 Sta-

197 2388 298 2451 tim
337 2391 542 2476 igitur
587 2409 667 2455 ne
713 2410 876 2456 novo
925 2388 1184 2474 quidem
1233 2409 1422 2452 versu
1462 2386 1799 2464 distincta,
1826 2387 2135 2452 ultimum
2159 2386 2546 2453 vocabulum

195 2493 252 2555 in
291 2515 420 2582 cap.
465 2493 509 2560 2
557 2495 1120 2577 προσχωρήσαντας
1170 2501 1522 2579 sequuntur
1568 2493 1761 2559 verba
1810 2513 1945 2578 cap.
1995 2491 2084 2558 20
2132 2491 2287 2569 λέξω
2336 2494 2399 2559 δὲ
2439 2494 2548 2571 ἤδη

199 2621 245 2660 κ.
266 2623 316 2663 τ.
341 2616 404 2666 λ.
471 2600 807 2688 Capitibus
853 2600 1074 2667 3—19
1125 2600 1230 2686 (=
1255 2598 1380 2685 35,
1433 2600 1653 2668 1-1‘7
1700 2600 1768 2664 in
1815 2598 2197 2665 editionibus
2246 2600 2553 2666 vetustio-

200 2704 374 2793 ribus)
424 2714 613 2774 caret.

273 2811 437 2892 Quae
481 2820 695 2879 tamen
742 2812 898 2880 olim
947 2813 1152 2880 codici
1197 2834 1322 2879 non
1369 2812 1645 2879 defuisse
1690 2811 2156 2877 demonstratur
2201 2812 2417 2876 littera
2463 2834 2509 2889 y
2532 2857 2551 2889 ‚

203 2935 304 2999 qua
335 2924 586 2986 notatus
629 2926 727 2986 est
765 2919 874 3005 qui
907 2940 1072 2985 nunc
1095 2919 1342 3005 primus
1365 2924 1462 2985 est
1484 2917 1833 3004 quaternio.
1885 2916 2147 2983 Duobus
2170 2916 2376 3004 igitur
2399 2938 2553 3002 qua-

203 3012 562 3093 ternionibus
599 3026 846 3092 auctior
883 3026 1010 3091 fuit
1041 3025 1399 3110 aliquando.
1447 3023 1571 3090 Sed
1620 3029 1941 3109 praeterea
1966 3043 2212 3107 quoque
2239 3022 2551 3088 damnum

205 3126 467 3197 foliorum
517 3131 764 3218 aliquot
810 3140 874 3198 et
919 3132 1407 3218 quaternionum
1456 3152 1679 3217 passus
1728 3136 1841 3195 est.
1914 3129 2283 3195 Abscissum
2331 3138 2429 3195 est
2476 3151 2555 3195 ex

207 3232 300 3301 hoc
343 3239 545 3324 primo
589 3237 771 3323 (olim
823 3238 1037 3322 tertio)
1086 3238 1492 3322 quaternione
1533 3235 1761 3302 folium
1801 3235 1967 3301 inter
2006 3236 2048 3299 f.
2080 3234 2119 3299 6
2145 3242 2209 3301 et
2235 3233 2272 3301 ’7
2304 3236 2556 3323 (lacuna

210 3347 286 3404 est
337 3344 497 3410 inter
555 3367 612 3411 c.
679 3343 764 3410 36
815 3351 880 3410 et
926 3344 1078 3428 3¹7);
1131 3343 1298 3428 quod
1346 3343 1404 3409 ei
1451 3344 1860 3409 coniunctum
1909 3342 2034 3407 fuit
2081 3342 2191 3407 fol.
2239 3342 2281 3407 2
2301 3389 2317 3420 ‚
2368 3343 2555 3408 tertio

209 3443 474 3515 foliorum
519 3450 658 3536 pari
704 3450 746 3516 3
771 3448 850 3529 -Ι-
875 3448 916 3515 6
962 3448 1482 3537 conglutinatum
1529 3456 1669 3514 est:

1134 3554 1166 3619 1
1193 3552 1274 3633 -ὶ-
1299 3553 1341 3619 8
1392 3554 1607 3640 (hodie
1658 3553 1743 3640 ¹7),

1125 3658 1168 3723 2
1191 3657 1273 3739 -Ι-
1300 3659 1338 3728 ’7
1390 3660 1635 3745 (periit)

1131 3764 1278 3844 3.-1-
1299 3764 1339 3830 6

1131 3873 1173 3937 4
1195 3869 1276 3950 -ὶ-
1302 3873 1342 3938 5

285 3974 680 4057 Quaternioni
724 3980 914 4045 tertio
965 3980 1060 4064 (ε’)
1113 3980 1238 4046 duo
1284 3976 1437 4045 folia
1477 3979 1738 4054 desunt,
1783 3977 2068 4063 primum
2108 3983 2171 4041 et
2210 3976 2520 4043 ultimum
2539 4025 2556 4056 ,

215 4078 352 4149 illud
407 4086 574 4153 inter
635 4086 788 4153 folia
849 4085 1118 4164 codicis,
1181 4092 1258 4152 ut
1311 4086 1502 4151 hodie
1544 4090 1880 4149 numerata
1925 4088 2109 4162 sunt,
2164 4083 2264 4147 15‘
2314 4090 2381 4149 et
2432 4082 2515 4149 16
2539 4069 2581 4162 ,”

219 4186 297 4269 (b.
335 4190 412 4256 37
461 4193 628 4258 inter
671 4213 726 4257 c.
782 4192 819 4260 ’7
871 4192 1071 4256 καίτοι
1117 4191 1334 4264 παιδὸς
1383 4194 1579 4266 αὐτῆς
1628 4190 1801 4269 παρὰ
1850 4196 1915 4255 et
1960 4212 2014 4256 c.
2060 4187 2103 4254 8
2152 4194 2333 4255 τοῦτο
2384 4190 2561 4267 μόνον
2679 4228 2685 4233 ·

219 4312 264 4356 κ.
282 4318 332 4359 τ.
358 4312 417 4364 λ.
457 4300 686 4384 (errore
725 4296 1086 4365 Dindorfius
1124 4298 1655 4385 praepositionem
1698 4297 1869 4375 παρὰ
1908 4296 2121 4363 verbis
2160 4300 2339 4361 τοῦτο
2382 4297 2561 4373 μόνον

219 4402 572 4492 coniunxit),
639 4405 760 4471 hoc
819 4405 988 4471 inter
1052 4406 1098 4471 f.
1163 4404 1267 4470 21¹
1327 4411 1392 4470 et
1451 4402 1577 4489 22,
1624 4402 1926 4489 (ibidem,
1980 4424 2033 4467 c.
2082 4400 2169 4468 29
2218 4401 2386 4469 inter
2430 4404 2469 4486 β
2516 4401 2560 4467 3
