3150 5000
1185 320 1195 332 ,
1314 282 1742 332 mmmmm.
1829 327 1834 336 ,
2588 265 2713 332 431

344 453 622 540 piendos.
670 451 867 519 Aliud
914 435 1069 536 quid
1112 450 1305 528 latet,
1348 449 1513 536 quod
1552 469 1679 516 non
1718 446 1977 514 difficile
2014 447 2282 538 inventu
2321 453 2451 515 est:
2490 468 2720 538 nempe

344 560 870 626 commemoravit
935 560 1199 643 scriptor
1266 557 1695 634 ἐπεσαγωγάς
1765 559 1884 620 τῶν
1953 555 2486 632 ἐπιτηδείων,
2553 555 2720 640 quod

344 664 700 731 cuiusmodi
748 664 941 729 fuerit
986 663 1133 730 vide
1180 683 1235 728 c.
1275 661 1392 743 90;
1432 682 1661 748 nempe
1698 660 2162 727 munitionibus
2201 660 2395 727 etiam
2435 663 2720 748 porticus

341 768 800 847 continebatur,
867 771 926 842 ἐς
994 761 1063 840 ἣν
1122 769 1229 834 καὶ
1291 771 1393 835 τὸν
1454 776 1620 833 σῖτον
1680 767 2028 849 ἠνάγκαζον
2076 766 2323 841 πάντας
2371 769 2474 834 τὸν
2523 767 2720 855 ὑπάρ-

342 876 543 958 χοντά
605 901 675 941 τε
738 877 1130 962 (ἕσκομίζειν)
1182 875 1285 940 καὶ
1334 877 1436 940 τὸν
1485 875 1829 940 ἐσπλέοντα
1881 873 2248 954 ἐξαιρεῖσθαι
2297 873 2401 940 καὶ
2451 877 2721 940 ἐντεῦθεν

342 987 774 1063 προαιροῦντοις
815 989 1071 1058 πωλεῖν,
1118 1001 1506 1068 quamquam
1545 1001 1626 1046 ne
1663 981 1782 1046 hoc
1822 981 2078 1065 quidem
2115 983 2264 1047 vitii
2286 978 2577 1049 immune
2602 987 2717 1049 est.

435 1194 587 1281 Gap.
640 1195 725 1260 95
772 1215 885 1281 pro
924 1193 1545 1272 ἀναγαγόμενοι
1595 1193 1765 1259 malo
1809 1215 1956 1260 sane
2015 1193 2719 1273 οἶντοινοιγοιγόμε·

344 1325 419 1366 νο
440 1326 480 1366 ι.
530 1300 771 1367 Deinde
818 1304 929 1387 qui
976 1300 1391 1366 Athenienses
1437 1307 1579 1385 post
1623 1300 1916 1366 navalem
1964 1321 2248 1387 pugnam
2295 1299 2721 1388 confugerunt

340 1409 655 1474 Eretriam
696 1408 1140 1489 χαλεπώταται
1182 1405 1475 1488 ἔπραξαν,
1516 1406 1634 1472 hoc
1673 1409 1888 1491 quivis
1924 1406 2279 1494 intelliget,
2325 1427 2528 1491 neque
2562 1427 2721 1492 opus

344 1513 777 1580 additamento
838 1515 1355 1594 Φονευόμενοι
1424 1514 1539 1577 ὑπ’
1597 1516 1877 1578 αὐτῶν.
1951 1512 2193 1578 Eodem
2241 1512 2431 1578 modo
2477 1514 2723 1578 Aristo-

344 1622 525 1707 giton
586 1619 704 1686 VI.
758 1620 880 1686 57:
947 1624 1013 1687 οὗ
1061 1623 1271 1704 ῥᾳδίως
1319 1620 1579 1696 διετέθη,
1631 1619 1796 1704 quod
1841 1621 1995 1684 satis
2042 1625 2173 1702 est,
2219 1640 2333 1684 nec
2379 1620 2716 1704 quisquam

342 1725 675 1811 adscripsit
722 1727 1085 1806 ςρεβλωθεὶς
1134 1728 1401 1792 ἀπέθανε
1450 1725 1555 1793 vel
1601 1725 1814 1791 simile
1862 1725 2033 1810 quid.
2106 1725 2229 1792 Sed
2278 1725 2570 1811 pluribus
2618 1729 2719 1793 vi-

342 1833 623 1898 dendum
670 1835 791 1898 erit
837 1833 915 1900 de
962 1856 1014 1900 c.
1070 1833 1218 1898 102.
1289 1833 1457 1900 Sesti
1503 1832 1987 1898 Atheniensium
2038 1851 2230 1897 naves
2279 1832 2720 1919 duodeviginti

342 1943 411 2006 in
472 1941 745 2004 statione
792 1946 1005 2016 erant,
1058 1941 1165 2006 sed
1213 1943 1511 2005 nunciato
1559 1940 2055 2023 appropinquare
2101 1936 2472 2003 Mindarum
2522 1936 2716 2023 Spar-

343 2055 638 2114 tanorum
708 2047 1095 2112 navarchum
1170 2068 1316 2112 cum
1378 2045 1575 2111 classe
1637 2044 1845 2110 multo
1906 2045 2144 2109 maiore
2205 2046 2310 2108 cui
2355 2065 2536 2128 pares
2583 2065 2720 2110 esse

340 2173 465 2218 non
525 2156 845 2237 poterant,
908 2151 1075 2218 clam
1138 2157 1445 2218 conantur
1500 2157 1816 2236 praetores
1877 2172 1956 2216 ex
2015 2151 2328 2237 angustiis
2377 2150 2714 2238 enavigare

342 2261 408 2323 in
466 2263 689 2344 patens
752 2260 1083 2346 Aegaeum
1148 2279 1351 2324 mare:
1422 2257 1540 2328 τὰς
1602 2257 1664 2321 δὲ
1725 2258 1895 2334 μετὰ
1943 2261 2048 2321 τοῦ
2096 2255 2403 2337 Μινδάρου
2450 2253 2594 2333 ἅμα
2641 2266 2719 2338 τῇ

344 2361 418 2443 ἕῳ
483 2364 835 2438 κατιδόντες
899 2367 1007 2439 τὴν
1058 2363 1331 2440 δίωξιν
1380 2364 1549 2435 εὐθὺς
1601 2364 1934 2440 ποιούμενοι
1986 2365 2050 2428 οὐ
2098 2361 2392 2444 <posueram
2445 2362 2716 2448 ποίσοιις,

345 2471 497 2536 ἀλλ’
562 2472 629 2537 αἱ
693 2471 806 2548 μὲν
865 2473 1111 2545 πλείους
1162 2471 1261 2537 ἐπὶ
1308 2479 1419 2548 τῆς
1460 2471 1726 2551 Ἴμβρου
1775 2470 1878 2535 καὶ
1927 2473 2178 2549 Λήμνου
2228 2470 2540 2557 διέφυγον,
2590 2473 2720 2539 κτὲ.

342 2576 470 2644 Hic
534 2580 757 2645 statim
820 2579 996 2643 subit
1056 2582 1275 2644 mirari
1322 2578 1488 2664 quod
1538 2580 1624 2643 sit
1670 2575 1866 2654 δίωξιν
1915 2577 2274 2653 ποιούμενοι.
2339 2578 2512 2643 Num
2561 2578 2724 2643 forte

346 2686 456 2768 qui
517 2704 803 2770 pugnam
868 2684 1243 2761 detractant,
1308 2684 1506 2761 δίωξιν
1570 2682 1921 2750 vocabu-rou?
1988 2683 2260 2749 Difficile
2307 2690 2424 2750 est·
2449 2684 2717 2749 credere.

341 2788 700 2855 Audiamus
748 2787 1164 2856 Classenium.
1211 2791 1558 2866 Ποιούμενοι
1581 2811 1594 2825 ·
1642 2814 1706 2854 80
1755 2793 1913 2855 lesen,
1959 2791 2081 2854 alle
2119 2790 2259 2854 Has.
2323 2788 2445 2854 Die
2499 2812 2722 2855 neuern

340 2896 749 2976 Herausyeber
795 2896 978 2959 haben
1024 2898 1293 2961 ηιεὶείειιε
1340 2899 1490 2960 nach
1538 2897 1797 2960 Dobreee
1854 2896 1913 2961 V
1905 2898 2172 2977 orschlaq
2219 2894 2572 2973 ποιουμένου
2613 2920 2718 2978 qe·

339 3003 673 3067 sehr-ichen.-
742 3003 887 3064 doch
951 3002 1030 3065 ist
1092 3004 1198 3065 der
1254 3005 1618 3083 anqelcdaqte
1683 3003 1932 3067 Genetiv
1991 3003 2180 3084 weniq
2229 3003 2492 3083 qeeiqnet
2513 3049 2528 3080 ,
2607 3004 2726 3066 den-

342 3110 745 3173 bedeutmmen
806 3107 1087 3170 Umstand
1130 3109 1610 3179 auszudrz'bcken:
1663 3110 1811 3171 auch
1845 3116 2016 3191 pacat
2059 3110 2170 3172 dae
2217 3108 2388 3177 εὐθὺς
2437 3108 2602 3171 nicht
2648 3130 2722 3171 zu

340 3215 465 3278 dem
506 3214 886 3277 Nebensatze.
938 3212 1253 3279 Concedo:
1303 3236 1413 3279 nec
1454 3216 1608 3279 satis
1650 3214 1950 3304 credibile
1991 3220 2092 3279 est
2126 3216 2193 3278 in
2235 3218 2368 3279 tam
2395 3216 2725 3298 perspicua

343 3322 652 3384 sententia
715 3319 1006 3384 librarios
1052 3340 1163 3404 pro
1212 3319 1559 3397 ποιουμένου
1608 3322 2012 3386 substituisse
2057 3320 2418 3397 ποιούμενοι.
2483 3319 2726 3386 Deinde

344 3427 398 3488 si
467 3426 689 3489 statim
760 3424 1093 3491 Mindarus
1161 3426 1575 3492 Athenienses
1640 3428 1895 3492 adortus
1958 3428 2217 3506 fuisset,
2283 3447 2482 3513 quum
2531 3426 2721 3513 longe

346 3531 649 3595 maiorem
689 3534 952 3595 navium
994 3553 1337 3597 numerum
1379 3533 1675 3610 haberet,
1717 3539 2156 3617 exspectamus
2195 3552 2315 3598 non
2360 3535 2578 3618 paucis
2615 3554 2720 3597 ex-

344 3639 541 3721 ceptis
582 3636 857 3721 reliquas
900 3659 1092 3704 naves
1134 3660 1353 3705 omnes
1390 3638 1598 3705 salvas
1645 3639 1973 3727 effugisse,
2025 3640 2133 3705 sed
2183 3642 2398 3725 paucis
2447 3643 2724 3725 exceptis

345 3740 627 3827 reliquas
694 3764 905 3809 omnes
962 3745 1154 3809 fuisse
1202 3752 1436 3830 captas,
1507 3738 1730 3810 He'rbst
1775 3754 2058 3811 ver-mutet
2105 3746 2304 3811 δίωσιν
2339 3747 2460 3833 fiir
2506 3746 2717 3823 δίωξιν.

343 3850 501 3913 Aber
550 3850 631 3911 da
679 3849 779 3913 die
824 3850 1109 3914 attisehen
1162 3851 1377 3937 SclevJffe
1412 3851 1536 3914 siclt
1572 3874 1636 3915 eo
1674 3853 1808 3916 sehr
1841 3854 1952 3917 wie
1991 3852 2238 3935 mb‘ylicb
2276 3874 2356 3916 cm
2396 3854 2501 3917 der
2527 3853 2724 3917 Nord-

342 3955 509 4019 kic‘ste
566 3956 840 4036 qehalten
900 3958 1087 4020 haben
1108 4004 1124 4033 ‚
1187 3959 1316 4020 und
1369 3958 1468 4021 die
1509 3959 2068 4041 peloponnense-hen
2111 3982 2226 4023 von
2272 3959 2467 4023 Se‘c‘den
2511 3961 2724 4022 heran-

328 4060 567 4143 fahren
591 4108 607 4137 ,
656 4062 881 4125 seboim
928 4064 1044 4125 mir
1088 4084 1199 4125 von
1248 4064 1430 4127 einem
1476 4063 1870 4131 Durebbruch
1915 4066 2077 4129 nicht
2120 4066 2220 4129 die
2266 4065 2435 4129 Rede
2477 4066 2605 4129 sein
2650 4087 2725 4128 zu

344 4167 597 4231 kdnnen.
645 4165 785 4231 Hoc
834 4188 1081 4252 quoque
1131 4169 1432 4246 concedo,
1484 4192 1598 4235 nec
1637 4173 1786 4238 novi
1823 4172 2086 4237 verbum
2127 4171 2353 4235 διωθεῖν
2394 4176 2458 4236 et
2495 4191 2724 4236 nomen

347 4271 543 4336 δίωσιν
608 4271 725 4339 hoc
787 4274 977 4339 modo
1038 4275 1348 4359 usurpari.
1420 4276 1549 4340 Sola
1599 4280 1885 4358 qec‘indert
1943 4279 2204 4355 werden,
2266 4300 2330 4341 80
2390 4278 2588 4341 wic'rde
2633 4278 2728 4341 ich

348 4376 713 4455 ποιουμένας
782 4380 1055 4445 vorziehn
1070 4409 1099 4457 ;
1160 4382 1427 4445 wodurcb
1491 4384 1590 4447 die
1661 4382 1720 4445 V
1711 4383 2029 4468 erfolyunq
2082 4383 2426 4466 weniqctens
2484 4384 2578 4447 ale
2632 4385 2730 4449 die
