3150 5000
1290 304 1611 355 nonanus.
2492 287 2618 354 421

337 470 388 529 E
445 466 608 531 151:
669 467 846 533 ἄλλα
909 472 1113 553 σφεας
1177 471 1348 558 (lege
1410 473 1563 558 σφε)
1628 470 1913 554 κρατερὸς
1970 473 2275 551 Διομήδης
2319 470 2627 554 ἐξενάριξε

763 596 992 662 nempe
1037 579 1320 643 Abantem
1367 584 1430 644 et
1476 579 1809 665 Polyidum.
1912 586 1923 595 ”

339 686 390 741 Κ
446 678 617 746 140:
674 682 740 746 ἐκ
802 684 856 747 δ’
905 680 1049 758 ἦλθε
1112 687 1348 762 κλισίης
1413 686 1521 750 καί
1575 693 1781 767 σφεας
1838 684 1981 765 πρὸς
2036 685 2203 773 (lege
2247 695 2374 770 σφε
2420 686 2620 775 προτὶ)

765 792 950 867 μῦθον
999 789 1190 857 ἔνειπε
1244 814 1472 880 nempe
1518 796 1999 875 Aqamemnonem
2051 798 2115 857 et
2158 793 2485 859 Nestorem.

336 892 551 961 Tertio
586 896 754 974 loco,
805 899 916 963 ubi
965 899 1043 966 de
1089 900 1334 966 duobus
1380 900 1719 967 adhibetur
1766 905 1970 989 σφεας
1992 947 2011 977 ,
2058 920 2181 966 non
2228 906 2435 986 potest
2480 900 2626 967 sub-

245 1002 428 1066 stitui
477 1007 604 1083 σφε
650 1002 826 1071 salvo
876 1010 1110 1083 metro,
1166 1018 1224 1073 Λ
1281 1006 1406 1072 126
1455 1028 1629 1092 sqq.:

671 1115 778 1177 τοῦ
826 1135 938 1193 περ
984 1113 1055 1188 δὴ
1101 1112 1202 1180 δύο
1252 1112 1440 1180 παῖδε
1489 1114 1679 1193 ’λάβε
1727 1115 1931 1195 κρείων
1976 1114 2397 1193 Ἀγαμέμνων

675 1219 734 1281 ἔν
783 1220 887 1284 ἐνὶ
915 1218 1103 1302 δίφρῳ
1150 1220 1346 1295 ἐόντε,
1398 1223 1548 1300 ὁμοῦ
1595 1221 1647 1286 δ’
1696 1218 1840 1301 ἔχον
1888 1221 2077 1294 ὠκέας
2125 1218 2389 1299 ἵππους,

674 1327 743 1391 ἔκ
787 1324 914 1407 γάρ
960 1334 1165 1409 σφεας
1209 1331 1426 1409 χειρῶν
1473 1328 1698 1411 ’φύγον
1747 1329 1885 1405 ἠνία
1936 1328 2338 1406 σιγαλόεντα.

333 1429 603 1497 Videtur
659 1436 868 1520 igitur
925 1441 1101 1515 σφας
1147 1456 1283 1502 esse
1335 1435 1813 1524 corrigendum,
1864 1456 1979 1500 nec
2026 1437 2235 1501 obstat
2282 1437 2624 1521 quicquam

245 1540 586 1623 quominus
632 1542 725 1604 ita
770 1540 1083 1629 leg-amus.

329 1643 520 1720 Quod
566 1644 836 1731 denique
882 1648 1048 1715 binis
1091 1649 1248 1715 locis
1292 1666 1459 1713 ΑΜΕ
1503 1665 1803 1713 vooAmffl
1842 1670 1953 1733 per
1992 1650 2307 1735 synizesin
2347 1667 2626 1733 pronun-

245 1750 545 1816 ciandum
611 1757 710 1842 est
766 1759 969 1843 σφεας
990 1804 1008 1839 ,
1057 1756 1124 1821 id
1170 1755 1355 1841 plane
1401 1754 1696 1819 abhorret
1741 1775 1778 1819 a
1826 1775 2001 1820 more
2050 1754 2393 1827 Homerico
2408 1775 2426 1833 3
2477 1774 2626 1819 cum

245 1876 390 1923 vero
442 1856 773 1924 videamus
821 1861 1155 1947 utrobique
1203 1860 1279 1926 de
1328 1861 1492 1925 binis
1540 1861 1911 1927 hominibus
1957 1863 2101 1949 agi,
2150 1861 2313 1927 nihil
2337 1864 2627 1946 superest

245 1963 425 2029 dubii
471 1965 626 2049 quin
674 1967 951 2050 corrupti
997 1967 1125 2031 sint
1171 1967 1238 2031 hi
1291 1967 1416 2032 duo
1456 1984 1684 2033 'versus
1730 1972 1794 2032 et
1842 1972 1965 2047 σφε
2016 1968 2099 2032 sit
2138 1965 2629 2044 restituendum.

243 2069 429 2145 Quod
472 2070 671 2136 altero
716 2069 854 2137 loco
899 2070 1207 2138 facillime
1253 2077 1458 2157 potest
1503 2074 1793 2149 restitui,
1844 2078 1907 2138 et
1954 2071 2057 2139 vel
2106 2074 2357 2138 restitui
2404 2071 2591 2138 debet
2608 2117 2627 2150 ,

244 2180 548 2263 quoniam
608 2179 675 2242 in
739 2180 1146 2263 sequentibus
1207 2199 1454 2265 quoque
1511 2179 1796 2246 versibus
1841 2178 2051 2245 dualis
2098 2199 2402 2244 numerus
2448 2177 2629 2244 adhi-

243 2284 465 2351 betur:

333 2393 362 2457 θ
417 2389 586 2497 3155
679 2394 745 2457 οὐ
812 2391 926 2471 μέν
988 2402 1194 2475 σφεας
1257 2393 1346 2459 ἔτ’
1406 2392 1605 2459 ἔολπα
1666 2393 1924 2472 μίνυνθα
1985 2417 2065 2473 γε
2123 2392 2381 2471 ’cendum’
2434 2388 2624 2472 οὕτω,

678 2498 784 2565 καὶ
824 2500 1012 2576 μάλα
1055 2525 1171 2584 περ
1216 2501 1539 2583 φιλέοντε·
1586 2501 1746 2582 τάχ’
1792 2503 1900 2566 οὐκ
1944 2500 2297 2575 ἐθελήσετον
2334 2498 2534 2582 ἄμφω

677 2599 899 2687 εὕδειν,
950 2608 1127 2674 ἄλλα
1174 2615 1347 2690 σφωε
1397 2607 1564 2682 δόλος
1615 2609 1721 2674 καὶ
1775 2609 1995 2687 δεσμὸς
2045 2605 2257 2689 ἐρύξει.

338 2715 462 2781 Pro
511 2712 732 2793 εὕδειν,
783 2735 907 2801 quo
953 2723 1232 2781 metrum
1282 2714 1594 2793 violetur,
1643 2735 1767 2781 non
1798 2713 2068 2790 -εὑδέμεν
2092 2734 2225 2780 esse
2248 2713 2626 2801 leg-endum,

245 2826 318 2886 ut
364 2820 554 2887 hodie
600 2819 707 2905 fit,
755 2820 862 2887 sed
909 2820 1266 2898 εὑδέμεναι,
1315 2821 1496 2886 ἄλλα
1545 2826 1709 2902 σφε,
1759 2841 1949 2907 supra
1976 2819 2150 2908 (pag.
2180 2819 2337 2907 412)
2367 2820 2629 2906 probate

242 2928 458 2992 conati
517 2946 771 3012 sumu53
826 2930 1071 3012 primus
1119 2931 1332 2992 autem
1383 2948 1639 3006 versus,
1702 2929 1771 2991 in
1819 2947 1942 3012 quo
1992 2925 2327 3014 digamma
2372 2925 2628 3014 neglec-

241 3038 385 3097 tum
457 3035 886 3098 certissimum
947 3034 1207 3120 praebet
1267 3035 1414 3099 vitii
1473 3033 1782 3098 indicium
1802 3080 1821 3116 ‚
1883 3030 2136 3097 facilem
2204 3031 2368 3098 hanc
2437 3032 2629 3098 habet

241 3137 749 3205 emendationem
770 3162 787 3206 z

621 3303 630 3308 .
676 3247 742 3313 οὐ
789 3248 903 3326 μὲν
951 3247 1041 3313 ἔτι
1089 3252 1216 3330 σφε
1262 3246 1519 3313 νὲεολπα
1565 3244 1818 3323 μίνυνθά
1866 3270 1949 3323 γε
1997 3244 2258 3324 numen*
2298 3241 2448 3310 οὕτω
2472 3293 2487 3320 ,

245 3356 308 3417 et
353 3353 591 3418 frustra
635 3359 769 3420 erat
815 3354 1144 3420 Nauckius
1191 3374 1338 3421 cum
1386 3375 1498 3438 pro
1537 3353 1624 3419 ἔτ’
1649 3351 1848 3419 ἔολπα
1891 3355 2264 3438 proponeret
2305 3376 2365 3415 τι
2394 3349 2625 3428 ἔολπα,

245 3459 320 3525 de
367 3465 575 3526 metro
621 3463 830 3548 magis
876 3481 1068 3547 quem
1117 3461 1194 3526 de
1237 3462 1550 3527 sententia
1598 3459 1913 3526 sollicitus
1931 3507 1948 3536 ,
2008 3479 2155 3524 nam
2205 3455 2295 3522 ἔτι
2340 3475 2465 3520 non
2510 3472 2623 3542 po-

244 3571 369 3632 test
431 3549 676 3645 deesse,
739 3571 793 3633 si
855 3567 1009 3653 quid
1069 3567 1276 3634 video,
1345 3567 1564 3632 Etiam
1612 3571 1678 3632 in
1723 3568 1936 3632 vicino
1981 3585 2167 3632 versu
2220 3560 2345 3629 2¹71
2401 3563 2477 3628 de
2522 3565 2631 3628 iis-

246 3671 394 3737 dem
459 3673 692 3758 (Marte
738 3679 802 3739 et
859 3673 1108 3744 Venere)
1170 3672 1415 3739 dictum
1477 3671 1720 3760 legitur
1782 3679 1908 3754 σφε
1929 3719 1946 3750 ,
1996 3677 2071 3736 ut
2110 3689 2300 3755 supra
2345 3667 2631 3735 vidimus

243 3781 418 3866 (pag.
449 3777 625 3865 401).

337 3885 520 3953 Alter
562 3887 740 3954 locus
788 3909 974 3974 quem
1027 3888 1212 3954 modo
1259 3888 1545 3953 dicebam
1596 3891 1771 3952 exte-t
1814 3911 1843 3966 ρ
1888 3883 2058 3951 2122

679 3993 818 4058 ἔνθα
857 4000 1061 4076 σφεας
1103 3995 1348 4076 ἐκίχαν’
1375 3992 1507 4080 (vel
1536 3992 1773 4077 ἔκιχεν)
1816 3993 1938 4064 υἱὸς
1966 3989 2205 4056 Δολίοιο
2229 3989 2627 4068 Μελανθεύς,

249 4119 474 4184 nempe
519 4099 836 4164 Eumaeum
883 4107 946 4165 et
1005 4101 1260 4182 Ulyxem.
1311 4099 1641 4166 Nauckius
1682 4099 1931 4166 mavult
1979 4097 2305 4179 ἐκίχανεν,
2354 4101 2417 4162 et
2465 4100 2631 4162 recte

244 4205 556 4290 profecto,
623 4209 680 4270 si
737 4213 940 4295 σφεας
987 4227 1214 4271 sanum
1259 4211 1354 4272 est
1401 4211 1464 4271 et
1516 4206 1671 4271 bene
1718 4205 1910 4271 habet
1953 4205 2403 4290 imperfectum
2452 4203 2630 4270 verbi

249 4331 359 4394 pro
405 4315 668 4394 aoriet03
720 4313 818 4376 sin
866 4316 1112 4390 minue,
1165 4313 1311 4378 vide
1365 4333 1440 4378 en
1490 4312 1647 4376 haec
1696 4317 1971 4396 praestet
2016 4310 2239 4378 lectio:

676 4415 793 4482 ἔνθ’
845 4415 965 4497 ἄρα
1015 4419 1083 4492 δὴ
1135 4417 1315 4499 ἕκίχη
1365 4425 1491 4496 σφε
1539 4418 1661 4490 υἱὸς
1714 4427 1793 4484 Δ.
1845 4423 1936 4483 Μ.
