3150 5000
523 202 657 268 280
1541 219 1876 268 Ammvs

522 385 692 454 male
752 386 999 452 editum
1063 392 1169 452 est'
1219 391 1764 473 perterrente.
1837 385 2456 452 Proterrentem
2518 405 2783 470 quoque
2826 381 2910 449 le-

520 493 802 582 gendum
874 499 971 559 est
1029 493 1198 579 apud
1262 492 1400 560 Val.
1466 493 1644 560 Max.
1696 493 1750 558 Ι.
1804 490 1864 558 7.
1915 491 1975 557 8.
2029 491 2207 558 Extr.
2258 486 2301 554 2
2356 489 2742 568 „Hannibal
2789 492 2915 554 ani-

498 665 501 668 ,
521 599 870 665 maduertit
915 601 1265 666 immensae
1312 598 1777 687 magnitudinis
1823 604 2179 684 serpentem
2197 645 2214 676 ,
2266 599 2582 663 concitato
2624 599 2913 682 impetu,

454 715 461 722 ’
521 705 832 792 quidquid
879 705 1141 771 obuium
1190 705 1396 770 fuerat
1435 725 1476 790 p
1490 726 1524 769 r
1541 724 1577 770 6
1597 709 1672 770 te
1687 726 1720 770 r
1734 725 1769 772 e
1785 727 1828 770 n
1849 711 1877 770 t
1895 725 1930 770 e
1947 703 2083 769 m.”

621 922 677 983 1.
742 918 850 983 14.
934 918 1090 984 Post
1172 919 1285 984 hos
1353 918 1772 985 elefantorum
1844 919 2370 1007 fulgentium
2441 914 2922 984 formidandam

522 1027 799 1110 speciem
844 1031 909 1090 et
955 1023 1347 1091 truculentos
1386 1025 1673 1092 hiatus
1713 1028 1827 1091 uix
1867 1031 2111 1091 mentes
2149 1025 2422 1111 pauidae
2447 1020 2922 1110 perferebant.”

614 1129 757 1196 Non
816 1131 1123 1219 intellego
1172 1130 1711 1218 fulgentium.
1765 1131 2040 1196 Minime
2089 1132 2442 1197 audiendus
2488 1137 2582 1196 est
2635 1127 2926 1214 Wagne-

523 1257 632 1302 rus
653 1284 670 1315 ,
734 1239 845 1322 qui
906 1235 1225 1323 fulgentes
1286 1236 1652 1322 elephantes
1714 1237 1916 1303 dictos
1977 1258 2114 1302 esse
2175 1236 2499 1302 contendit
2563 1236 2648 1301 ob
2705 1239 2926 1300 cutem

522 1341 835 1428 glabram.
907 1339 1369 1430 corrigendum
1432 1350 1588 1429 puto
1633 1344 1718 1407 in
1737 1365 1784 1431 g
1800 1363 1834 1407 e
1850 1365 1893 1407 n
1909 1345 2041 1408 tiu
2059 1363 2149 1408 m.
2199 1343 2393 1409 Porro
2442 1362 2567 1408 non
2615 1342 2792 1406 satis
2837 1340 2932 1400 in·

520 1448 759 1535 tellego
818 1450 1133 1534 quomodo
1178 1448 1395 1514 hiatus
1440 1448 1861 1514 elefantorum
1904 1448 2227 1515 militibus
2272 1467 2579 1535 pauorem
2625 1450 2928 1512 incutere

523 1557 822 1641 potuerit.
886 1553 1239 1642 Wagner-us
1260 1602 1276 1634 ,
1324 1557 1437 1640 qui
1480 1557 1694 1621 omnia
1738 1565 2122 1640 concoquere
2171 1553 2386 1635 solet‚.
2414 1557 2923 1641 interpretatur:

524 1659 1035 1747 „proboscidas”
1081 1660 1309 1727 Nescio
1356 1683 1437 1726 an
1482 1663 1805 1748 scripserit
1848 1663 1925 1726 A.
1977 1661 2373 1728 barritus.

616 1874 680 1941 2.
730 1873 791 1941 3.
843 1871 1179 1953 „Iulianus
1224 1873 1304 1940 ad
1350 1873 1692 1940 sollicitam
1737 1895 2230 1960 suspensamque
2272 1877 2555 1960 quietem
2591 1872 2929 1960 paulisper

525 1987 1037 2068 protractus,
1094 2001 1240 2046 cum
1290 2001 1513 2047 somno
1532 2028 1548 2058 ‚
1599 1986 1672 2046 ut
1716 1979 1993 2059 solebat,
2036 1979 2297 2068 depulso
2325 2032 2340 2048 .
2369 2031 2384 2046 .
2417 2032 2433 2048 .
2463 1979 2790 2066 quaedam
2819 2028 2836 2043 .
2865 2026 2880 2041 .
2909 2021 2924 2037 .

524 2089 802 2154 scribens
869 2087 1133 2153 obscuro
1202 2088 1409 2152 noctis
1470 2085 1812 2153 altitudine
1869 2108 2087 2153 sensus
2150 2087 2485 2153 cuiusdam
2548 2081 2924 2172 philosophi

525 2200 862 2271 teneretur,
912 2193 1082 2259 uidit
1131 2241 1147 2256 .
1176 2241 1191 2256 .
1219 2243 1235 2260 .
1284 2195 1561 2278 speciem
1611 2241 1626 2256 .
1658 2242 1674 2257 .
1703 2240 1719 2259 .
1770 2196 1947 2281 genii
1995 2193 2304 2279 publici.'’

615 2299 797 2366 Nihil
844 2306 939 2366 est
984 2306 1496 2386 protractus.
1546 2297 1812 2388 Corrige
1860 2306 2358 2386 prostratus.

618 2512 683 2580 3.
729 2514 837 2580 21.
912 2512 1245 2593 „Iulianus
1306 2513 1679 2580 Anatolium
1744 2518 2063 2599 quaesiuit
2126 2516 2474 2582 officiorum
2525 2517 2920 2601 magistrum

525 2641 714 2707 quem
764 2642 911 2686 cum
958 2621 1218 2687 beatum
1264 2621 1459 2687 fuisse
1517 2619 1864 2687 Sallustius
1913 2622 2335 2707 respondisset
2379 2622 2740 2707 praefectus
2759 2666 2776 2699 ,
2825 2618 2922 2681 in-

524 2726 776 2794 tellexit
822 2730 1102 2794 occisum
1151 2731 1501 2813 acriterque
1547 2729 1743 2793 amici
1791 2748 2008 2794 casum
2057 2718 2377 2817 ingemuit
2394 2775 2412 2807 ,
2461 2729 2572 2813 qui
2622 2726 2720 2793 ad
2740 2747 2788 2791 u
2805 2744 2922 2790 en-

524 2841 849 2902 tantem
899 2840 1364 2920 contempserat
1412 2834 1673 2899 suum.''

615 2940 959 3007 Reicienda
1023 2947 1118 3006 est
1177 2942 1581 3026 ineptissima
1637 2943 1996 3008 coniectura
2055 2940 2540 3028 Eyssenhardtii
2564 2990 2580 3017 ‚
2633 2942 2752 3025 qui
2802 2957 2840 3004 a
2855 2934 2920 3001 d-

527 3052 1017 3113 uentantem
1068 3044 1270 3112 effecit
1307 3067 1384 3111 ex
1427 3048 1740 3133 scriptura
1778 3044 1932 3113 Ood.
1972 3045 2049 3113 V.
2084 3046 2573 3114 eletantem.
2620 3044 2922 3133 Suspicor

527 3154 721 3220 fuisse
767 3153 1001 3220 elata
1046 3159 1341 3219 mente.

622 3366 684 3429 4.
732 3364 795 3430 2.
872 3364 999 3444 „Et
1057 3366 1340 3453 primum
1388 3364 1675 3431 Iulianus
1720 3367 1816 3431 ita
1857 3366 2171 3432 inuiolata
2217 3368 2511 3432 castitate
2561 3367 2801 3432 enituit
2845 3364 2915 3426 ut

527 3477 671 3558 post
708 3474 1006 3537 amissam
1048 3473 1387 3559 coniugem
1434 3470 1600 3537 nihil
1647 3493 1957 3558 umquam
2006 3474 2337 3552 uenerium
2385 3466 2912 3559 aucupa-ret.'¹

620 3577 681 3643 N
684 3598 762 3643 on
822 3577 1066 3644 felicior
1121 3576 1657 3664 Eyssenhardtius
1719 3579 1846 3644 fuit
1905 3581 1974 3643 in
2019 3578 2138 3645 hoc
2185 3579 2323 3645 loco
2371 3579 2786 3646 emendando.
2843 3572 2912 3639 In

527 3683 602 3751 V.
670 3684 914 3772 legitur
985 3686 1235 3772 augis
1300 3684 1606 3764 larens,
1678 3684 1873 3751 Haud
1942 3687 2071 3751 scio
2137 3706 2215 3750 an
2282 3705 2433 3752 uera
2475 3688 2564 3751 sit
2605 3687 2912 3771 scriptura

530 3796 649 3870 „ut
690 3838 705 3853 .
733 3837 749 3854 .
778 3840 793 3856 .
832 3789 998 3855 nihil
1043 3810 1357 3875 umquam
1405 3794 1738 3857 uenerium
1786 3793 2291 3879 attigis<se>
2333 3793 2828 3862 fateretur.''

625 4005 687 4071 4.
742 4003 847 4069 14.
916 4002 1259 4080 „Felicitas
1314 4004 1409 4069 ita
1454 4004 1726 4071 eminuit
1770 4010 1846 4069 ut
1893 4006 2048 4090 ipsis
2097 4006 2371 4091 quodam
2419 4006 2610 4073 modo
2657 4006 2909 4073 ceruici·

529 4113 649 4177 bus
714 4110 1032 4175 Fortunae
1089 4156 1105 4175 .
1134 4158 1151 4175 .
1181 4160 1197 4176 .
1258 4114 1520 4176 euectus
1582 4112 1941 4177 uictoriosis
2000 4113 2292 4178 cursibus
2340 4112 2750 4181 difficultates
2799 4136 2829 4179 s
2846 4132 2909 4177 u-

530 4220 960 4303 perstaret
1006 4217 1393 4282 inmensas.'’

620 4322 978 4409 Sententia,
1022 4324 1092 4389 ni
1136 4322 1344 4411 fallor,
1389 4322 1674 4412 postulat
1719 4330 2193 4413 superaret.
