3150 5000
1242 268 1610 316 musa-omn.
2494 251 2625 318 309

244 431 514 515 rustico,
560 433 686 495 nisi
732 433 800 496 in
847 437 1104 498 externo
1150 432 1395 498 habitu.
1445 432 1800 498 Dicendum
1852 411 1987 524 eret
2035 457 2104 498 ea·
2138 457 2469 520 praecone,
2511 442 2625 501 aut

242 558 315 600 ee·
370 535 626 602 Vulteio.

334 637 513 708 Vm.
580 644 641 709 5.
711 653 927 710 aestus.
996 645 1475 730 Exspectassem
1544 649 1756 731 potius
1814 647 2046 734 frique.
2117 649 2349 716 Aestus
2412 651 2622 736 magis

240 755 442 814 torret.
496 751 596 814 An
642 751 846 815 Eurus
894 790 975 801 —
1026 749 1286 817 Amter?

334 855 439 920 12.
501 865 789 923 ventosne.
852 867 1135 924 venturae
1181 857 1377 944 (quod
1422 859 1486 923 in
1534 858 1835 944 plurimis
1881 859 2073 926 MSS.
2123 862 2476 946 invenitur)
2523 881 2620 926 os-

240 961 449 1027 tendit
495 963 737 1048 aliquid
778 973 1166 1051 corruptum.
1214 964 1589 1050 Requiritur
1625 964 1979 1051 instabilis,
2017 970 2378 1033 inconstans
2395 1015 2412 1045 ,
2439 967 2622 1033 levis.

334 1067 421 1132 X.
494 1068 593 1133 16.
666 1079 951 1136 momenta
1010 1092 1122 1156 pro
1182 1071 1499 1135 horribiles
1554 1080 1744 1136 motus
1803 1071 1920 1155 (sic
1967 1071 2241 1158 explicat
2287 1073 2625 1159 Baxterus)

237 1170 446 1238 levius
494 1181 607 1240 est.
670 1175 1046 1262 Requiritur
1091 1176 1265 1242 aliud
1285 1224 1303 1252 ‚
1349 1179 1560 1264 magis
1607 1179 2016 1242 coniunctum
2068 1200 2214 1245 cum
2266 1179 2433 1243 rabie
2477 1201 2540 1245 v.
2567 1201 2622 1246 c.

240 1300 391 1345 cum
438 1281 567 1348 Leo
612 1284 795 1348 iubas
841 1285 1107 1349 caudam
1156 1287 1392 1350 movet.

331 1385 435 1452 19.
488 1389 623 1452 olet.
674 1389 911 1475 Lapilli
955 1410 1081 1455 non
1126 1389 1317 1457 olent.
1366 1388 1773 1474 Requiritur:
1818 1391 2013 1457 herba
2059 1391 2276 1458 durior
2322 1397 2434 1457 est.
2489 1389 2624 1458 Scr.

229 1494 426 1579 fovet.

327 1600 438 1665 24.
524 1603 825 1669 Naturam
894 1603 1155 1687 expellas
1201 1604 1422 1688 furca.
1493 1601 1565 1666 P.
1636 1607 1938 1670 correxit:
2005 1607 2251 1671 Natura
2278 1655 2296 1684 ,
2365 1607 2626 1690 expellas

276 1731 443 1771 mea.

218 1709 283 1808 f
326 1813 436 1880 37.
484 1815 674 1881 vietor
716 1817 959 1881 violem.
1029 1817 1173 1882 Non
1220 1823 1315 1882 est
1362 1817 1618 1893 violem,
1666 1819 1779 1902 qui
1823 1817 2066 1883 auxilio
2117 1818 2383 1884 alterius
2437 1820 2622 1884 vicit.

250 1920 454 1986 Victor
497 1923 649 1986 vieto
698 1920 857 1989 Gun.
907 1922 1247 2010 eleganter.

328 2026 439 2092 40.
500 2029 813 2111 improbus.
878 2027 1003 2108 Qui
1064 2035 1250 2094 antes
1308 2029 1434 2094 fuit
1492 2029 1858 2115 improbus,
1921 2051 2122 2109 nunc,
2188 2051 2442 2109 servus,
2494 2032 2622 2097 dici

236 2153 362 2201 non
411 2139 619 2218 potest
666 2135 1019 2220 improbus.
2663 2133 2666 2141 ’

326 2239 445 2306 XI.
499 2242 555 2306 1.
605 2249 857 2326 notaque
902 2242 1133 2306 Lesbos.
1180 2240 1491 2327 Displicet
1538 2243 1879 2328 epitheton.
1931 2242 2166 2309 Lesbos
2210 2264 2333 2309 non
2380 2244 2618 2310 nobilis

236 2355 407 2430 erat,
456 2349 579 2412 nisi
626 2355 881 2435 propter
926 2347 1329 2434 Sapphonem
1379 2357 1445 2414 et
1488 2348 1818 2434 Erinnsm.
1867 2349 2111 2430 Quaere
2159 2350 2336 2417 aliud
2381 2351 2623 2436 epithe-

238 2459 347 2518 ton
397 2452 600 2520 Lesbo
644 2461 889 2540 aptum.
940 2457 1041 2521 An
1086 2451 1301 2520 docta?

326 2558 575 2626 8-10,
623 2568 817 2625 tamen
866 2588 971 2609 —·
978 2562 1317 2645 furentem.
1364 2560 1541 2627 Haec
1588 2563 1781 2627 verba
1824 2570 1975 2627 sunt
2022 2562 2315 2629 Bullatii.

330 2664 439 2731 10.
474 2669 694 2749 procul
738 2690 771 2731 e
815 2676 999 2733 terra.
1048 2690 1087 2731 a
1135 2667 1387 2733 meliuS.

326 2769 438 2837 27.
511 2772 583 2837 Ρ.
642 2785 785 2859 post
831 2782 1080 2838 currunt
1126 2775 1303 2859 ponit
1349 2772 1694 2841 semicolon
1738 2780 1804 2838 et
1847 2775 2016 2840 hunc
2063 2775 2348 2840 ordinem
2400 2784 2621 2863 putat:

238 2880 293 2941 si
338 2878 593 2944 coelum
641 2916 723 2927 -
774 2886 1067 2954 currunt,
1116 2892 1373 2945 strenua
1418 2901 1531 2945 nos
1578 2887 1827 2945 exercet
1871 2883 2124 2946 inertis.

326 2984 475 3049 XII.
542 2985 646 3052 10.
716 2986 965 3051 Natura
1023 2971 1360 3051 hominum
1426 2989 1692 3071 pecunia
1740 3007 1884 3053 vere
1933 2994 2248 3053 mutatur.
2321 2988 2625 3053 Naturam

237 3091 443 3177 igitur
490 3099 673 3156 vocat
710 3100 871 3155 tuam
906 3099 1218 3169 naturam,
1261 3099 1551 3157 naturam
1600 3092 1772 3157 Iccii.
1820 3092 2132 3158 Horatius
2169 3114 2319 3159 eum
2360 3097 2620 3180 excipit.

236 3194 441 3261 Iccius
499 3219 575 3263 ex
621 3197 995 3284 philosopho
1041 3218 1165 3263 non
1216 3198 1391 3264 fieret
1437 3200 1823 3265 luxuriosus.
1873 3200 2154 3266 Pecunia
2199 3221 2350 3267 eum
2403 3222 2440 3267 a
2486 3204 2624 3268 vita

237 3301 476 3390 frugali
520 3304 600 3368 ad
645 3303 1043 3370 luxuriosam
1085 3324 1211 3369 non
1257 3304 1612 3370 deduceret.

326 3406 438 3473 24.
501 3410 643 3473 vilis
703 3410 1021 3474 amicorum
1080 3417 1164 3474 eet
1225 3433 1465 3475 annona
1524 3410 1872 3499 significet:
1941 3414 2135 3477 amici
2198 3413 2383 3479 facile
2429 3435 2625 3500 parvo

239 3518 438 3597 pretio
500 3522 820 3581 emuntur.
867 3514 1035 3581 Vult
1080 3535 1266 3603 ergo:
1332 3518 1387 3581 si
1434 3517 1617 3582 bonis
1664 3518 1820 3603 quid
1865 3518 2072 3595 deest,
2123 3540 2228 3585 eos
2275 3520 2464 3587 facile
2512 3542 2625 3606 pa-

236 3622 405 3686 rebis
452 3622 574 3686 tibi
619 3624 858 3688 amicos
896 3621 1305 3688 sublevando.
1357 3623 1517 3689 Boni
1562 3626 1760 3690 amici
1810 3624 1998 3690 facile
2045 3632 2347 3710 parantur
2391 3626 2626 3693 libera-

243 3724 444 3793 litate.

329 3832 438 3899 29.
485 3834 745 3919 defudit.
797 3833 1006 3901 Bentl.
1054 3835 1364 3918 defundit.
1415 3835 1569 3923 Leg.
1619 3836 1932 3923 defundet.
1981 3835 2126 3902 Fiet
2173 3858 2436 3904 aureum
2487 3860 2624 3905 sae-

243 3939 476 4005 culum.
531 3939 629 4007 Cf.
676 3940 916 4006 similia
962 3962 1061 4027 ap.
1107 3941 1335 4007 Horat.
1387 3949 1452 4007 et
1500 3942 1732 4029 virgil.

330 4046 498 4112 XIV.
564 4048 627 4113 5.
690 4048 897 4113 melior
946 4085 1030 4097 --
1078 4070 1191 4113 ree.
1240 4046 1473 4113 Utrum
1522 4053 1777 4115 animus
1822 4049 2080 4117 Horatii
2129 4054 2346 4117 minus
2394 4052 2625 4118 hebeat

244 4156 565 4237 spinarum
580 4202 597 4232 ‚
649 4174 842 4239 quam
889 4174 989 4221 res
1034 4152 1213 4218 illius
1240 4202 1256 4232 ‚
1304 4175 1475 4242 ager.

330 4259 467 4325 XV.
515 4258 575 4325 3.
622 4282 1035 4345 eupervacuae.
1079 4259 1143 4326 N
1143 4280 1223 4325 on
1269 4268 1439 4327 recte
1484 4264 1662 4327 abest
1709 4263 1980 4329 verbum
2007 4313 2026 4348 ,
2064 4284 2180 4330 nec
2212 4270 2381 4330 recte
2417 4266 2628 4348 sequi-

244 4369 345 4430 tur
410 4376 622 4433 tamen.
693 4369 817 4433 Pro
879 4376 937 4433 et
997 4376 1191 4433 tamen
1251 4368 1517 4434 mallem
1579 4369 1852 4435 verbum
1897 4370 2292 4437 medicorum
2337 4370 2593 4455 imperat
2606 4416 2624 4449 ,
