3150 5000
1243 272 1663 328 monimus.
2304 298 2312 308 ·
2560 250 2649 327 93

261 445 663 530 προηγόρευε,
714 447 824 514 sed
870 446 1323 533 interpolatum
1376 466 1669 532 praeseus
1715 447 1974 529 ἀφίησιν
2020 446 2484 513 eliminandum
2532 454 2649 514 est.

259 555 583 643 Agrorum
647 574 906 621 suorum
973 552 1448 619 usumfructum
1513 552 1749 639 populo
1802 551 2107 639 relinquit
2153 553 2287 619 καὶ
2338 552 2653 630 μηδεμίαν

260 663 314 727 οἱ
367 662 636 741 ὑποψίαν
685 662 854 727 κατὰ
903 664 1114 725 ταῦτα
1162 661 1530 740 γίγνεσθαι,
1589 661 1697 725 ubi
1748 658 2105 746 reponenda
2151 664 2247 726 est
2292 661 2652 747 conjunctio

260 771 355 840 ὥς
424 768 738 847 μηδεμίαν
799 788 1106 855 saepeque
1168 765 1318 832 illae
1383 766 1733 853 particulae
1796 766 2089 833 confusae
2153 771 2321 832 sunt.
2410 765 2653 833 Deinde

262 894 476 940 sermo
535 873 608 939 fit
672 873 748 940 de
812 872 965 940 belli
1024 873 1325 939 subsidiis
1385 874 1703 961 congestis
1751 875 1817 937 iu
1866 892 2069 939 arcem
2096 920 2113 951 ‚
2163 874 2282 953 αφ’
2334 866 2409 937 ὦν
2457 870 2533 942 ἔς
2580 896 2654 937 τε

259 980 348 1045 τὰ
413 979 776 1061 προπύλαια
839 988 951 1056 τῆς
1013 979 1398 1060 ἀκροπόλεως
1463 979 1568 1045 καὶ
1634 978 1849 1045 τᾶλλα
1913 958 2374 1056 οἰκοδομήματα
2438 979 2542 1043 καὶ
2594 979 2653 1050 ἐς

261 1086 637 1153 Ποτείδαιαν
697 1086 1104 1171 ἀπανήλωθη,
1168 1085 1277 1151 sed
1323 1085 1730 1151 inserendum
1777 1090 1909 1151 est:
1958 1110 1996 1151 τ
2017 1085 2061 1151 α
2110 1082 2170 1159 ἔς
2217 1109 2290 1150 τε
2335 1085 2423 1151 τὰ
2470 1108 2653 1167 προπ.

357 1302 512 1369 'Pria
557 1302 724 1369 mibi
769 1302 1328 1370 animadvertenda
1378 1323 1512 1369 esse
1560 1302 1746 1368 video
1794 1302 1873 1368 de
1920 1304 2125 1388 capite
2172 1303 2276 1367 15.
2326 1302 2657 1369 Primumz

267 1410 402 1476 ἐπὶ
451 1411 580 1489 γὰρ
627 1408 925 1491 Κέκροπος
978 1410 1082 1474 καὶ
1131 1416 1247 1475 τῶν
1299 1411 1543 1490 πρώτων
1594 1408 1906 1485 βασιλέων
1954 1411 1989 1484 ἦ
2039 1409 2300 1484 Ἀττικὴ
2342 1409 2400 1482 ἒς
2444 1408 2659 1483 Θησέα

268 1516 370 1581 ἀεὶ
436 1516 608 1581 κατὰ
671 1515 879 1587 πόλεις
929 1516 1144 1599 ᾠκεῖτο
1165 1566 1180 1592 ,
1249 1514 1532 1580 multum
1581 1526 1899 1601 praestare
1947 1517 2246 1581 existimo
2292 1515 2447 1581 απὸ
2496 1514 2662 1601 quod

265 1642 461 1688 nemo
510 1624 816 1689 coniicere
862 1642 1054 1689 ausus
1099 1627 1230 1700 est,
1276 1642 1423 1687 cum
1471 1624 1631 1687 forte
1676 1621 1842 1707 quod
1889 1641 2073 1709 saepe
2113 1616 2370 1688 veritati
2411 1624 2664 1701 nocuit,

265 1730 332 1795 in
397 1728 564 1795 libro
625 1728 902 1816 quodam
966 1749 1090 1795 non
1144 1730 1590 1815 antiquissimo
1635 1748 1854 1794 revera
1898 1730 2314 1796 inveniretur.
2384 1726 2625 1794 Deinde
2642 1750 2669 1801 t,

267 1832 460 1901 ὁπότε
521 1834 611 1913 μή
673 1861 730 1902 τι
788 1835 1192 1914 δείσειαν,
1241 1837 1306 1900 οὖ
1354 1834 1622 1916 ξυνῇσαν
1669 1834 2175 1913 βουλευσόμενοι,
2226 1856 2418 1921 quam
2465 1836 2665 1901 incre-

270 1940 473 2008 dibile
537 1940 658 2009 boc
722 1938 854 2008 est!
926 1942 1102 2009 Num
1165 1948 1350 2006 metus
1393 1946 1645 2006 tantum
1696 1943 1867 2007 cives
1913 1942 1979 2007 in
2029 1944 2269 2008 curiam
2322 1938 2664 2027 compelle-

269 2044 426 2113 bat?
513 2046 738 2115 Variae
807 2050 1145 2114 etiamtum
1167 2095 1184 2126 ‚
1249 2049 1503 2133 opinor,
1569 2066 1795 2112 causae
1837 2047 2211 2113 *incidebant
2273 2068 2386 2113 cur
2444 2068 2665 2135 reg-em

273 2153 544 2219 adirent.
607 2153 926 2221 Emenda:
993 2153 1176 2220 ὁπότε
1236 2156 1324 2230 μή
1390 2176 1449 2219 τι
1514 2153 1929 2228 δεήσειεν·
1987 2153 2167 2224 vide.
2220 2156 2275 2219 si
2322 2156 2485 2220 tanti
2533 2161 2665 2232 est,

275 2280 428 2325 eum
479 2261 786 2326 aoristum
837 2259 1138 2326 similiter
1182 2264 1562 2346 usurpatum
1614 2258 1720 2325 VI.
1772 2259 1880 2323 41.
1954 2258 2239 2346 Denique
2285 2281 2398 2347 pro
2445 2267 2667 2341 φανε-

277 2372 416 2445 ρῶν
468 2370 585 2431 τῶν
632 2373 848 2446 πηγῶν
871 2412 888 2444 ,
935 2366 1464 2433 Hemeterhusius
1512 2386 1703 2452 quem
1744 2364 2205 2432 Herwerdenus
2242 2368 2562 2452 sequitur,
2590 2387 2667 2433 ex

277 2470 531 2539 Thomu
575 2470 894 2562 Magistro
941 2475 1219 2559 reposuit
1265 2474 1552 2555 λαμυρῶν
1573 2492 1591 2512 ·
1640 2477 1843 2550 recte,
1910 2475 2009 2538 uti
2051 2471 2215 2538 mihi
2260 2472 2519 2559 quidem
2568 2476 2668 2540 vi-

277 2577 468 2645 detur
488 2624 505 2656 ‚
552 2578 919 2665 obloquitur
964 2577 1241 2645 Cobetus
1289 2580 1512 2644 Mnem.
1563 2578 1722 2643 XIX
1770 2577 1891 2644 992
1940 2578 2048 2645 sed
2094 2579 2263 2644 unde
2286 2579 2475 2645 lectio
2500 2579 2669 2666 apud

279 2683 598 2752 Thomam
643 2693 793 2751 nata
845 2683 980 2751 est?
1050 2685 1416 2762 invenerat,
1465 2685 1649 2751 credo
1670 2732 1687 2764 ‚
1744 2687 1812 2750 in
1860 2685 2072 2751 codice
2119 2705 2233 2751 suo
2280 2699 2319 2750 λ
2340 2708 2557 2764 αμπρ
2578 2691 2619 2750 ῶ
2639 2711 2667 2749 ν

278 2797 396 2856 τῶν
461 2797 679 2868 πηγῶν
740 2811 1002 2877 eamque
1064 2791 1396 2857 lectionem
1462 2793 1724 2858 fortasse
1772 2791 1943 2857 haud
1988 2790 2487 2878 posthabendam
2537 2812 2670 2858 esse

277 2896 620 2964 iudicabis.
677 2895 989 2963 Thomam
1041 2903 1388 2985 utrumque
1433 2898 1821 2965 adiectivum
1871 2896 2068 2964 stulte
2116 2897 2470 2964 confudisse
2505 2897 2674 2964 nibil

282 3006 527 3069 mirum
592 3009 719 3090 est3
785 3007 876 3069 sic
940 3006 1134 3070 etiam
1195 3002 1383 3069 hodie
1432 3003 1601 3091 apud
1647 3002 1913 3070 Dionem
1964 3001 2259 3070 Cassium
2310 3003 2509 3071 XLII.
2562 3001 2668 3070 34.

283 3105 622 3195 Cleopatra
667 3109 862 3175 fuisse
909 3109 1142 3176 dicitur
1189 3125 1469 3191 λαμπρ
1489 3109 1532 3174 ὰ
1582 3108 1727 3174 ἰδεῖν
1773 3110 1875 3174 καὶ
1928 3111 2323 3189 ἀκουσθῆναι,
2376 3130 2538 3197 quae
2579 3132 2673 3176 re·

283 3235 434 3282 vera
483 3229 584 3281 λα
603 3215 812 3296 μυρα
861 3216 1003 3282 fuit.
1076 3216 1301 3282 Dionis
1347 3216 1717 3302 aequalibus
1763 3215 2019 3297 λαμυριέ
2068 3215 2286 3282 eadem
2339 3221 2471 3283 erat
2513 3237 2675 3302 quae

289 3320 614 3402 ἐπίχαρις,
665 3323 744 3387 cf.
791 3321 1036 3409 Phryn.
1083 3321 1219 3388 Ecl.
1266 3343 1327 3408 p.
1377 3321 1532 3388 291.

378 3524 471 3589 Τὸ
520 3523 956 3604 Πελασγικόν,
1002 3531 1077 3591 ut
1123 3531 1220 3592 est
1266 3524 1346 3592 II.
1401 3524 1519 3600 17,
1591 3527 1705 3593 ὑπὸ
1769 3535 1878 3602 τῆς
1944 3535 2342 3608 παραχρῆμα
2390 3523 2671 3605 ἀνάγκης

291 3628 678 3714 ἑξῳκήθη,
741 3629 849 3696 sed
912 3629 1167 3697 difficile
1225 3638 1322 3698 est
1367 3652 1489 3698 non
1537 3634 1843 3698 coniicere
1890 3633 2465 3714 ἐξῳκοδομήθη.
2521 3633 2677 3699 Mox
2778 3629 2785 3636 ’

291 3733 372 3799 II.
425 3735 547 3801 18:
614 3736 992 3816 ἐνδιέτριψαν
1055 3735 1263 3818 χρόνον
1327 3738 1459 3816 περὶ
1523 3739 1755 3820 αὐτήν,
1820 3743 1885 3804 et
1946 3760 2057 3824 per
2119 3760 2185 3804 se
2240 3745 2500 3824 apparet
2545 3760 2679 3804 esse

291 3841 712 3927 supplendum
761 3843 1044 3922 χρόνον
1097 3842 1338 3930 (τινα)
1378 3849 1442 3909 et
1480 3846 1572 3909 ita
1610 3844 1843 3931 legisse
1881 3845 2065 3910 video
2088 3843 2357 3911 Dionem
2382 3844 2676 3912 Cassium

291 3965 353 4030 p.
403 3948 510 4012 25.
561 3947 648 4012 68
697 3947 902 4014 Reim.
955 3949 1162 4016 Nemo
1209 3948 1397 4015 hodie
1445 3949 1630 4015 facile
1678 3950 1801 4014 sibi
1841 3950 2249 4035 persuadebit
2281 3957 2448 4018 recte
2488 3953 2680 4017 scribi

294 4049 373 4115 II.
423 4053 546 4119 20:
596 4055 736 4126 τοὺς
782 4054 908 4136 γὰρ
959 4055 1309 4131 Ἀθηναίους
1358 4055 1612 4137 ἤλπιζεν
1656 4091 1737 4104 --
1788 4059 1897 4128 τὴν
1946 4063 2065 4134 γῆν
2116 4059 2223 4122 οὐκ
2272 4055 2347 4123 ἂν
2398 4059 2680 4137 περιιδεῖν

298 4161 728 4238 τμηθῆναι,
777 4161 884 4226 sed
933 4161 1086 4247 quid
1133 4163 1560 4248 reponendum
1612 4159 1749 4227 est?
1793 4157 2101 4228 Codicum
2149 4170 2317 4229 certe
2342 4183 2678 4229 consensus

298 4260 482 4342 fucit,
532 4276 604 4333 ut
647 4287 772 4332 non
819 4269 906 4332 sit
942 4271 1098 4333 satis
1137 4270 1542 4353 participium
1590 4269 1973 4334 substituere
2012 4289 2124 4354 pro
2162 4267 2499 4335 infinitivo.
2526 4269 2680 4334 Pro·

306 4367 516 4438 barino
553 4373 815 4440 fortasse
853 4377 1118 4460 poterit:
1162 4375 1270 4439 οὐκ
1307 4373 1384 4440 ἂν
1409 4375 1691 4456 περιιδεῖν
1716 4373 1983 4462 τμηθ(ε
1999 4383 2175 4438 ἴσαν
2218 4371 2683 4458 πεισθῆναιῗ
