3150 5000
1195 289 1622 338 mmmm.
2464 271 2596 338 315

224 453 386 520 Mihi
453 456 712 540 quidem
785 455 1005 521 odium
1066 457 1483 522 manifestum
1546 461 1646 520 est
1662 503 1680 534 ,
1745 455 1854 522 sed
1915 475 2042 524 non
2085 456 2252 521 mihi
2297 461 2599 542 proposui

224 581 506 646 quaerere
523 609 541 640 ,
628 583 742 628 cur
810 561 1217 650 Thucydides
1282 568 1419 628 tam
1488 563 1784 648 iniquum
1849 559 1927 628 de
1988 559 2222 630 Cleone
2279 564 2595 630 iudicium

223 665 473 746 tulerit,
534 674 599 733 et
658 671 857 734 satius
921 676 1017 735 est
1079 669 1584 736 animadvertere
1629 669 1920 735 veritatis
1963 689 2247 735 amorem
2291 673 2358 736 in
2405 673 2600 757 scrip-

221 777 377 851 tore,
445 776 553 860 qui
616 774 797 840 letali
857 775 1002 842 odio
1046 781 1444 852 occaecatus,
1492 777 1561 841 in
1607 775 1766 841 facie
1812 795 2002 861 quem
2051 775 2470 864 depingebat,
2518 777 2597 843 li-

220 887 550 947 neamenta
611 886 827 947 tamen
890 881 1163 949 fideliter
1216 884 1487 949 servarit
1530 903 1734 967 neque
1779 902 2089 968 umquam
2141 882 2474 949 delabatur
2518 883 2597 950 ad

219 987 572 1065 mendacia,
622 990 873 1055 etiamsi
911 988 1105 1055 falsos
1144 989 1380 1055 colores
1422 989 1499 1054 de
1546 1009 1661 1054 suo
1701 987 2018 1076 addiderit
2049 989 2395 1075 feceritque
2430 989 2598 1057 livor

215 1099 287 1158 ut
333 1097 548 1160 omnia
586 1097 645 1160 ei
683 1094 883 1162 livida
920 1116 1054 1162 esse
1090 1095 1472 1162 viderentur.
1526 1093 1696 1170 Quid
1737 1100 1954 1160 autem
1979 1093 2340 1182 significant
2365 1096 2594 1161 verba:

216 1200 314 1264 καὶ
364 1202 431 1266 οὐ
479 1199 849 1278 βουλόμενος
896 1203 1118 1272 αὐτοὺς
1168 1201 1271 1267 διὰ
1309 1201 1379 1265 τὸ
1419 1203 1481 1265 έν
1520 1203 1730 1283 ταύτῷ
1771 1200 2142 1278 καθημένους
2183 1201 2592 1286 βαρύνεσθαι,

213 1303 551 1383 ἀναλαβὼν
619 1305 779 1384 ἦγεῖ
850 1307 1029 1374 Duae
1073 1310 1484 1393 potissimum
1533 1309 1881 1394 sententiae
1929 1314 2117 1392 sunt,
2166 1326 2328 1392 quae
2373 1307 2479 1373 hic
2526 1311 2594 1372 in

211 1432 467 1478 censum
516 1415 801 1478 veniunt.
850 1412 1138 1480 Stahlius
1173 1415 1371 1480 verba
1415 1413 1518 1478 καὶ
1566 1415 1634 1478 οὔ
1682 1412 2052 1490 βουλόμενος
2099 1415 2590 1500 interpretatur:

210 1539 554 1604 quamquam
616 1519 881 1596 invitum
926 1521 1153 1586 deinde
1198 1520 1423 1591 αὐτοὺς
1472 1521 1807 1608 coniungit
1851 1541 2002 1585 cum
2048 1520 2394 1598 ἀναλαβὼν
2440 1516 2557 1598 ἦγε
2576 1571 2592 1603 ,

208 1644 365 1708 quae
428 1624 830 1692 incommoda
886 1629 1047 1692 ratio
1095 1632 1192 1693 est
1209 1673 1227 1704 ,
1274 1647 1424 1692 nam
1475 1626 1645 1712 quod
1691 1624 2056 1692 Classenius
2109 1627 2262 1691 bene
2310 1627 2596 1694 observor

207 1732 333 1815 vit,
404 1731 523 1796 hoc
584 1732 772 1796 modo
836 1735 901 1798 οὐ
965 1732 1336 1809 βουλόμενος
1400 1721 1641 1800 Graece
1703 1753 1829 1797 non
1875 1731 2036 1798 solet
2083 1735 2398 1818 usurpari.
2471 1731 2597 1798 Sed

208 1838 419 1924 magis
453 1838 649 1902 etiam
689 1839 1092 1905 incommoda
1126 1840 1329 1924 ipsius
1368 1836 1677 1904 Classenii
1715 1840 1878 1904 ratio
1919 1843 2050 1917 est,
2091 1839 2201 1923 qui
2226 1827 2595 1925 coniungit:

207 1944 271 2006 οὐ
340 1941 719 2020 βουλόμενος
794 1945 1019 2017 αὐτοὺς
1074 1983 1155 1994 -
1207 1945 1619 2025 βαρύνεσθαι,
1695 1944 1922 2010 deinde
1992 1946 2186 2010 verba·
2250 1944 2352 2009 διὰ
2416 1945 2486 2008 τὸ
2535 1947 2596 2009 ἕν

207 2049 417 2129 ταύτῷ
482 2049 852 2128 καθημένους
916 2051 1280 2136 accipienda
1340 2072 1473 2118 esse
1535 2051 1898 2135 contendit,
1962 2053 2145 2136 quasi
2190 2049 2598 2138 Thucydides

205 2157 590 2241 scripsisset:
638 2156 741 2221 διὰ,
788 2157 857 2221 τὸ
906 2159 967 2221 ἐν
1018 2159 1229 2238 ταύτῷ
1276 2159 1575 2233 καθῆσθαι
1623 2157 1816 2244 idque
1864 2158 2060 2222 etiam
2102 2156 2248 2222 aliis
2287 2157 2598 2242 exemplis

206 2261 373 2345 apud
439 2260 886 2350 Thucydidem
934 2262 1293 2331 confirmari
1338 2285 1520 2350 posse
1567 2263 1827 2330 clamat.
1879 2263 2121 2329 Deinde
2167 2270 2470 2349 provocat
2517 2263 2596 2329 ad

205 2364 309 2430 IV.
381 2366 490 2432 63.
557 2370 590 2432 1
663 2377 726 2435 et
788 2368 868 2435 ad
930 2370 1435 2448 adnotationem,
1501 2391 1627 2456 qua
1688 2391 1838 2436 eum
1896 2369 2110 2435 locum
2157 2373 2440 2450 ornavit,
2489 2371 2598 2437 sed

204 2473 372 2539 mihi
436 2474 698 2560 quidem
758 2483 893 2541 tam
952 2483 1237 2545 contorta
1282 2481 1446 2544 ratio
1484 2478 1738 2566 probari
1787 2497 1908 2543 non
1955 2479 2186 2563 potuit.
2235 2480 2597 2564 Antequam

204 2583 336 2645 tam
402 2581 842 2648 incredibilem
903 2604 1039 2649 rem
1098 2584 1467 2670 amplectar,
1515 2588 1591 2648 ut
1639 2585 1897 2669 probem
1953 2583 2054 2649 διὰ
2101 2585 2173 2649 τὸ
2221 2586 2596 2663 καθημένους

202 2706 315 2771 pro
384 2686 492 2751 διὰ
565 2688 635 2751 τὸ
684 2690 981 2762 καθῆσθαι
1030 2690 1275 2756 dictum
1298 2741 1315 2775 ,
1364 2689 1491 2756 alia
1539 2693 1756 2755 omnia
1801 2692 1981 2777 prius
2028 2692 2328 2757 tentanda
2373 2700 2596 2777 erunt,

202 2790 432 2859 deinde
494 2800 637 2860 tum
697 2796 959 2860 demum
1009 2796 1113 2860 καὶ
1161 2799 1227 2861 οὐ
1275 2795 1692 2873 βουλόμενος,
1743 2804 1817 2860 ut
1863 2817 2010 2861 cum
2059 2795 2310 2863 Stahlio
2353 2797 2596 2884 loquar,

202 2920 435 2965 manus
494 2900 655 2967 dabo
675 2948 690 2979 ‚
755 2906 809 2966 si
873 2901 1051 2967 nulla
1111 2902 1272 2967 lenis
1330 2912 1394 2969 et
1458 2901 1830 2968 verisimilis
1891 2902 2208 2969 medicina
2252 2924 2385 2969 sese
2432 2905 2597 2969 mihi

202 3006 531 3072 obtulerit.
608 3007 775 3087 Quid
844 3014 1062 3075 autem
1132 3014 1346 3075 narrat
1407 3005 1861 3095 Thucydides?
1927 3006 2200 3075 Coactus
2257 3010 2385 3075 fuit
2445 3008 2598 3077 Cleo

203 3113 428 3176 castris
490 3116 690 3191 exire,
741 3115 1103 3193 ἠναγκάσθη
1157 3122 1404 3190 ποιῆσαι
1454 3112 1600 3195 ὅπερ
1650 3115 1680 3179 ὃ
1725 3115 2030 3194 Βρασίδας
2077 3118 2484 3199 προσεδέχετο
2533 3129 2638 3207 et·

201 3218 523 3301 profectus
585 3224 681 3284 est
727 3221 1125 3304 speculatum
1144 3270 1160 3299 ,
1213 3242 1337 3287 non
1385 3226 1457 3286 ut
1505 3220 1718 3287 hostes
1767 3221 1848 3286 ad
1894 3242 2180 3309 pugnam
2225 3222 2592 3302 lacesseret,

202 3328 377 3389 κατὰ
426 3326 567 3389 θέσιν
613 3327 677 3391 δὲ
725 3331 973 3403 aazias·
1021 3329 1143 3407 ἔφη
1196 3328 1559 3405 ἀναβαίνειν
1607 3332 1714 3392 τοῦ
1761 3328 2006 3407 χωρίου.
2081 3327 2332 3395 Milites
2378 3336 2595 3395 autem

202 3452 595 3517 quamquam
660 3434 865 3517 perosi
926 3435 1105 3499 ducis
1168 3436 1499 3521 ignaviam
1519 3481 1535 3510 ,
1589 3454 1803 3499 morae
1849 3434 2263 3525 impatientes
2307 3441 2486 3501 erant
2532 3443 2598 3501 et

203 3536 461 3617 ἤχθοντο
530 3548 606 3620 τῇ
672 3536 813 3622 ἕδρᾳ
876 3547 940 3605 et
1008 3540 1387 3605 iamdudum
1452 3542 1511 3604 ἐν
1579 3541 1790 3619 ταύτῷ
1838 3540 2164 3618 καθήμενοι
2213 3539 2596 3620 ἐβαρύνοντο.

204 3644 376 3725 Quid
436 3650 576 3710 tum
642 3642 835 3711 Cleo?
890 3646 1139 3711 Morem
1188 3648 1271 3711 iis
1316 3648 1549 3733 gessit,
1606 3646 1960 3722 αἷσθόμενος
2009 3646 2112 3710 τὸν
2158 3648 2323 3726 θροῦν
2371 3660 2472 3727 et,
2519 3670 2598 3716 ne

200 3752 407 3816 animi
455 3751 696 3817 desidia
737 3750 1014 3817 ulterius
1062 3760 1650 3838 corrumperentur,
1699 3752 1766 3817 id
1806 3752 1973 3839 quod
2015 3754 2238 3839 opinor
2275 3757 2596 3841 optimum

200 3857 377 3924 factu
439 3858 601 3933 fuit,
647 3878 727 3923 ne
774 3860 944 3943 ipsos
993 3858 1251 3944 quidem
1300 3860 1543 3926 invitos
1592 3862 1814 3926 castris
1865 3860 2090 3926 eduxit
2139 3860 2219 3925 ad
2265 3860 2596 3946 speculan-

190 3966 382 4032 ·dum.
444 3964 519 4029 Id
582 3970 798 4031 autem
866 3962 1107 4031 Graece
1158 3967 1473 4050 quomodo
1523 3970 1762 4053 poterit
1810 3963 2180 4032 enunciari?
2229 3967 2594 4044 Αἲσθόμενος

201 4072 307 4137 τὸν
349 4073 549 4150 θροῦν,
598 4070 793 4136 οὕτω
843 4070 1406 4149 βουλομένους
1458 4074 1720 4151 αὐτοὺς,
1769 4072 1874 4137 διὸ,
1919 4074 1988 4137 τὸ
2039 4073 2098 4135 ἑν
2147 4074 2360 4153 ’1-οοῦτῷ
2406 4078 2595 4148 καθη-

205 4179 421 4255 μένους
492 4177 899 4259 βοιρύνεσθοοι,
967 4179 1310 4255 ἀναλαβὼν
1377 4173 1514 4255 ἦγε.
1585 4177 1688 4243 Sic
1752 4176 1913 4244 lenis
1960 4181 2236 4243 mutatio
2284 4179 2475 4244 faciet
2523 4187 2596 4244 ut

206 4284 603 4350 difficultatis
662 4282 755 4349 nil
818 4284 1166 4371 quidquam
1235 4286 1541 4369 supersit;
1595 4292 1975 4370 usurpatum
2025 4290 2121 4351 est
2167 4281 2318 4349 οὕτω
2336 4334 2354 4369 ,
2404 4285 2596 4350 sicuti

206 4392 359 4477 poni
420 4389 581 4457 solet
632 4393 701 4455 in
766 4390 1055 4478 longiore
1116 4393 1428 4458 sententia
1445 4438 1463 4469 ,
1525 4391 1640 4457 ubi
1701 4390 1930 4457 incidit
1976 4391 2282 4476 spodosis.
2350 4388 2596 4459 Deinde
