3150 5000
1337 236 1574 286 comm.
2537 215 2665 282 177

370 402 546 470 Idem
591 402 667 468 fr.
716 400 878 482 230,
928 400 968 467 5

1774 511 1873 577 ἀεὶ
1922 513 1973 577 θ’
2018 509 2271 593 ὡσπερεὶ

730 617 1132 694 Ὀλυμπίασί
1175 624 1339 700 φασι
1387 626 1528 692 ταῖς
1576 619 1863 697 μυίαις
1912 625 2103 706 ποιεῖν

725 724 877 802 βοῦν
922 731 1047 795 τοῖς
1095 724 1386 798 ἀκλήτοις
1437 725 1969 806 προκατακόπτειν
2017 727 2373 804 πανταχοῦ.

272 830 458 896 Iocus
515 850 589 895 eo
633 828 889 906 salsior,
940 829 1107 915 quod
1153 853 1404 895 muscam
1452 835 1877 917 parasitorum
1929 829 2422 916 appellationem
2470 828 2664 894 fuisse

273 935 508 1003 efficias
576 957 654 1002 ex
723 935 1048 1002 ALBXIDIS
1107 937 1178 1001 fr.
1253 937 1400 1014 195,
1473 935 1512 1002 '7
1578 937 1840 1004 δειπνεῖν
1905 937 2175 1013 ἄκλητος
2222 942 2420 1014 μυῖα,
2469 956 2662 1021 quem

271 1042 489 1109 locum
537 1041 834 1108 Meineke
880 1047 945 1109 et
991 1042 1176 1109 Koek
1226 1043 1442 1110 afferre
1487 1043 1928 1133 neglexerunt.

363 1261 544 1328 Idem
603 1262 680 1326 fr.
741 1259 896 1339 236,
957 1259 1022 1326 2.
1092 1262 1190 1328 Ex
1253 1263 1463 1329 titulis
1508 1267 1743 1330 Atticis
1790 1265 2146 1352 reponenda
2194 1265 2402 1331 fuerat
2456 1264 2661 1330 forma

275 1366 724 1439 Φλειάσιος
773 1388 885 1452 pro
937 1366 1256 1441 Φλιάσιος.

366 1572 546 1638 Idem
596 1571 672 1637 fr.
721 1569 877 1647 245,
929 1569 970 1636 4

642 1675 793 1744 οὕτω
843 1676 1164 1758 στερεόν
1212 1704 1270 1743 τι
1319 1683 1596 1759 πρᾶγμα
1645 1678 1854 1758 θερμόν
1903 1679 2022 1745 ἐσθ’
2071 1678 2283 1759 ὕδωρ..

272 1785 446 1852 Vere
503 1783 686 1851 Koek
738 1784 1018 1864 ,,στερεο’ν
1063 1785 1500 1873 corruptum”.
1552 1784 1720 1854 Cum
1766 1785 2139 1852 Athenaeus
2186 1807 2379 1872 supra
2429 1784 2664 1852 dixerit

273 1892 420 1978 (τῶν
482 1891 862 1979 βαλανείων)
922 1891 992 1956 τὸ
1055 1891 1536 1970 βλαπτικὸν
1597 1893 1807 1970 δηλοῖ,
1866 1894 1977 1959 vix
2042 1890 2216 1958 aliud
2261 1891 2423 1959 latet
2468 1913 2663 1978 quam

273 1997 718 2079 βλαβερόν.

366 2102 714 2182 Athenaei,
777 2124 902 2170 non
963 2109 1180 2189 poetae
1199 2152 1215 2182 ,
1279 2105 1476 2171 verba
1520 2125 1653 2170 esse
1702 2100 1854 2170 οὕτω
1894 2143 1956 2154 --
1990 2101 2139 2185 ὕδωρ
2186 2107 2489 2172 assentire
2535 2126 2659 2172 non

272 2231 398 2278 non
463 2230 720 2296 possum
781 2209 1030 2276 Koskio
1084 2217 1337 2297 propter
1382 2210 1830 2299 rhythmicum
1879 2213 2218 2278 verborum
2265 2211 2549 2279 ordinem
2599 2217 2665 2278 et

273 2319 820 2403 compositionem.
890 2316 1031 2382 Nisi
1101 2317 1321 2403 fallor,
1384 2317 1568 2384 alteri
1625 2338 1925 2406 personae
1989 2319 2321 2385 tribuenda
2385 2322 2536 2385 suut
2601 2321 2666 2384 et

275 2422 664 2490 enuntianda
707 2445 820 2511 per
863 2423 1428 2514 interrogationem
1457 2444 1473 2489 ε

642 2533 702 2605 ἐς
749 2530 1067 2609 μακαρίαν
1112 2530 1182 2596 τὸ
1231 2531 1510 2610 λουτρόν,
1559 2534 1637 2605 ὦς
1690 2529 1921 2607 διέθηκέ
1969 2557 2077 2610 με.

645 2636 825 2717 ἑφθὸν
873 2636 1084 2719 κομιδῇ
1134 2638 1494 2722 πεποίηκεν,
1545 2638 1974 2705 ἀποκναίσειεν
2018 2638 2096 2705 ἂν

642 2743 758 2810 κᾶν
806 2744 1077 2808 ὁστισοῦν
1125 2768 1244 2823 μου
1291 2744 1645 2823 λαβόμενος
1698 2748 1806 2809 ’τοῦ
1853 2742 2175 2824 δέρματος.

527 2862 592 2919 Β.
639 2848 792 2917 οὕτω
838 2850 1260 2932 βλαβερόν
1308 2875 1365 2916 τι
1416 2853 1695 2931 πρᾶγμα
1743 2848 1953 2930 θερμόν
2000 2851 2120 2917 ἐσθ’
2169 2846 2356 2933 ὅδωρ;

367 3054 550 3121 Idem
596 3053 673 3122 fr.
723 3051 856 3119 262

599 3157 815 3234 ὅστις
865 3162 1021 3242 γὰρ
1065 3159 1470 3238 ὅμόλογόν
1517 3184 1591 3224 τι
1640 3162 1743 3237 μὴ
1792 3168 2031 3226 ποιεῖ
2070 3160 2371 3246 πατρί,

597 3266 842 3333 πάντων
889 3266 966 3334 ἂν
1011 3264 1180 3341 οὗτος
1228 3266 1649 3349 κατεφρόνησε
1693 3268 1812 3332 τῶν
1860 3268 2025 3333 θεῶν.

277 3374 595 3443 Invidiose
659 3380 723 3440 et
783 3374 1188 3460 superciliose
1237 3375 1476 3441 editor:
1533 3373 1995 3453 „insanabilem
2044 3392 2177 3439 esse
2227 3372 2441 3439 locum
2489 3374 2671 3439 edicit

280 3478 499 3547 Cobet.
571 3482 954 3545 Scribendum
1019 3488 1104 3547 est
1165 3476 1332 3553 ὅστις
1399 3481 1452 3545 δ’
1504 3480 1581 3546 ἂν
1630 3476 1695 3546 εὖ
1744 3480 1987 3560 λέγοντι
2037 3480 2125 3557 μὴ
2175 3482 2388 3561 πεισθῇ·
2438 3481 2668 3567 πατρί,

281 3587 440 3653 eonl.
507 3585 698 3673 Soph.
765 3590 914 3653 Ant.
972 3585 1124 3654 723.
1177 3586 1328 3654 725.
1383 3585 1534 3654 771.
1594 3586 1761 3652 1031
1816 3608 1908 3673 sq.
1960 3584 2195 3652 1255.”
2242 3584 2668 3654 Insanabilem

278 3694 488 3760 locum
555 3693 768 3760 dicens
829 3691 1031 3761 Gob'et
1095 3698 1266 3759 certa
1327 3696 1568 3759 ratione
1616 3691 1964 3759 sanabilem
2017 3712 2151 3759 esse
2198 3694 2336 3759 iure
2382 3695 2666 3780 negavit.

281 3798 456 3865 Num
506 3819 654 3865 vero
702 3805 872 3865 certa
918 3806 1012 3865 est
1059 3798 1523 3867 violentissima
1566 3799 1721 3865 haec
1769 3798 2005 3865 Koskii
2053 3796 2369 3866 mutatio?
2415 3798 2667 3885 Imm0,

281 3910 356 3970 ut
399 3906 563 3971 mihi
611 3904 871 3991 quidem
919 3904 1205 3990 videtur,
1263 3904 1640 3983 falsissima,
1695 3905 2007 3991 siquidem
2059 3906 2275 3991 inepta
2321 3926 2665 3995 exaggera-

283 4014 450 4079 tione
519 4015 806 4080 omnium
881 4012 1145 4078 deorum
1210 4018 1607 4098 contemptor
1667 4018 1933 4079 vocatur
1986 4012 2041 4077 is
2105 4014 2218 4099 qui
2279 4016 2445 4099 patri
2508 4012 2665 4078 bene

286 4121 566 4185 monenti
611 4139 734 4185 non
783 4119 1334 4203 obtemperaverit.
1387 4117 1528 4184 Non
1573 4120 1783 4204 potuit
1821 4117 2269 4184 inclementius
2311 4116 2439 4184 diei
2477 4117 2554 4183 de
2594 4137 2667 4185 eo

285 4224 390 4305 qui
436 4227 682 4310 parenti
729 4224 950 4313 gulam
992 4224 1276 4313 fregerit.
1327 4224 1654 4311 Quidquid
1692 4226 1900 4311 priore
1940 4246 2129 4291 versu
2168 4230 2356 4311 poeta
2392 4226 2661 4310 scripsit,

288 4326 352 4390 id
408 4331 724 4414 piaculare
782 4331 1039 4418 aliquod
1088 4332 1292 4400 scelus
1338 4328 1730 4419 significasse
1778 4330 2049 4397 videtur.
2105 4329 2242 4411 Quo
2293 4350 2443 4397 vero
2488 4334 2673 4415 paeto
