3150 5000
565 241 693 306 144
1539 256 1967 307 rnuornmu.

560 426 730 507 αὑτῷ
803 424 1103 499 Φαίνεται
1176 424 1282 492 καὶ
1354 426 1492 505 ὀρῶν
1560 426 1747 491 αὐτὸν
1808 426 2263 502 ἐπιτιρίῶντ
2288 446 2367 506 α,
2426 424 2568 499 cet„
2632 421 2925 487 ultimum

559 544 725 599 certe
771 532 1154 600 vocabulum
1205 541 1572 620 corruptum
1624 539 1756 617 est,
1804 532 1911 598 sed
1961 530 2089 597 alia
2128 538 2272 597 ante
2310 529 2733 596 examinanda
2772 536 2927 593 sunt.

557 639 854 705 Primum
925 638 1391 705 Herwerdenus
1461 642 1724 706 fortasse
1793 639 1872 705 de
1935 638 2253 703 industria
2319 633 2546 702 Cobeti
2607 655 2731 700 non
2792 636 2929 701 fecit

558 746 944 811 mentionem
1009 749 1120 831 qui
1183 746 1337 811 olim
1403 746 1483 812 ad
1529 746 1925 835 Hyperidem
1975 764 2035 830 p.
2090 742 2176 810 '70
2223 742 2670 810 conmendavit
2719 740 2836 806 ὑπό
2876 766 2929 807 τι

556 851 1050 937 θορυβησάντων,
1122 854 1231 919 sed
1301 862 1376 919 ut
1443 852 1571 919 alia
1634 862 1917 929 taceam,
1985 853 2251 917 verbnm
2318 848 2707 927 ὑποθορυβεῒν
2778 856 2929 915 certe

555 959 725 1045 apud
781 959 1223 1047 Thucydidem
1273 962 1520 1025 invenit
1567 958 1691 1025 Dio
1738 956 1994 1025 Cassius
2042 956 2350 1023 LXXVII
2398 956 2460 1021 4.
2510 956 2677 1037 Quid
2726 960 2931 1022 autem

553 1065 675 1131 hoc
745 1072 877 1143 est,
950 1067 1118 1152 qnod
1180 1066 1604 1132 Athenienses
1664 1069 1947 1153 rogitant
2009 1062 2310 1131 Cleonem
2374 1059 2425 1135 ὅ,
2465 1087 2526 1128 τι
2572 1066 2639 1129 οὗ
2688 1062 2797 1127 καὶ
2844 1066 2930 1127 νῦν

555 1170 749 1239 πλεῒῖ
796 1168 1059 1261 L'egerit
1105 1172 1222 1237 hoc
1267 1176 1516 1258 ipsum,
1565 1172 1731 1258 quod
1777 1175 1933 1237 satis
1979 1170 2331 1238 verisimile
2376 1176 2511 1254 est,
2560 1166 2937 1234 Plutarchus

553 1282 622 1347 in
684 1278 875 1345 Nicia
939 1278 1009 1359 73
1075 1278 1185 1346 sed
1245 1282 1376 1346 iam
1425 1300 1609 1366 saepe
1660 1279 1941 1346 vidimus
1988 1299 2180 1364 quam
2230 1279 2541 1363 corruptis
2589 1275 2777 1341 libris
2820 1278 2936 1360 ipsi

553 1391 797 1453 veteres
841 1390 1170 1452 uterentur
1216 1391 1280 1452 et
1325 1407 1516 1472 quam
1567 1389 1653 1452 sit
1694 1387 2100 1452 incommoda
2156 1386 2427 1473 vulgata
2487 1383 2714 1461 lecti0,
2778 1381 2935 1467 apud

552 1495 767 1579 ipsum
809 1492 1229 1558 Plutarchum
1271 1492 1630 1560 luculenter
1668 1500 1949 1579 apparet.
2002 1490 2203 1561 Credo
2235 1491 2701 1559 succlamatum
2727 1491 2933 1564 fuisse,

553 1594 592 1663 δ’
647 1624 709 1664 τι
774 1601 837 1666 οὐ
886 1600 991 1664 καὶ
1039 1607 1447 1685 συμπλεῖ,
1495 1600 1546 1665 εἰ
1597 1598 1794 1683 ῥαδιδν
1843 1624 1922 1678 γε
1971 1600 2139 1682 αὐτῷ
2186 1600 2505 1681 φαίνεται.
2554 1598 2715 1665 Mox
2761 1602 2937 1684 putat

554 1701 752 1772 Cleon
819 1704 1077 1772 Niciam
1146 1704 1314 1788 λόγῳ
1383 1707 1562 1784 μόνον
1630 1705 1997 1787 ἀφιέναι,
2060 1707 2173 1772 sed
2216 1711 2533 1791 praestat,
2582 1706 2711 1771 nisi
2758 1704 2936 1771 fallor
3027 1662 3074 1726 Ἰ

557 1810 898 1893 ἐφιέναι.
965 1812 1210 1879 Deinde
1271 1814 1438 1899 qnod
1486 1814 1564 1879 ad
1612 1810 2045 1893 ἑξαπαλλαγῇ
2096 1815 2365 1899 attinet,
2414 1815 2685 1879 minime
2732 1810 2938 1901 negle-

554 1919 837 2008 gendum
887 1924 982 1985 est
1001 1967 1018 2000 ‚
1065 1918 1247 1985 illam
1295 1924 1504 2006 ipsam
1553 1922 1825 1986 formam
1874 1920 1955 1985 ab
1993 1920 2321 2008 Hesychio
2362 1920 2557 1987 fuisse
2595 1928 2934 1995 enotatam,

555 2027 711 2093 adeo
760 2031 834 2092 nt
879 2026 958 2094 de
1003 2025 1293 2093 lectionis
1335 2028 1697 2095 sinceritate
1743 2030 1854 2095 vix
1898 2029 2099 2114 possit
2146 2027 2445 2093 dubitari.
2506 2026 2679 2107 Quid
2726 2032 2935 2091 autem

552 2132 713 2200 latet
782 2134 902 2199 sub
963 2132 1117 2200 illo:
1169 2134 1308 2212 ,δρῶν
1354 2133 1542 2199 αὐτὸν
1590 2130 2147 2212 ἐπιτιμῶνταῗ
2194 2133 2336 2199 Non
2384 2154 2603 2200 vereor
2651 2140 2825 2199 certe
2866 2152 2939 2196 ne

552 2242 696 2326 quis
761 2239 879 2305 hoc
943 2240 1355 2325 participium
1414 2242 1584 2305 serio
1648 2237 1946 2305 tueatur?
2015 2236 2146 2305 Cur
2190 2238 2405 2305 locum
2451 2237 2673 2304 Nicias
2720 2236 2939 2305 Cleoni

552 2342 788 2412 cessit?
837 2344 980 2420 Quo
1026 2349 1240 2413 animo
1288 2352 1440 2410 tunc
1486 2346 1612 2410 fuit
1660 2344 1893 2431 Cleon,
1940 2367 2141 2431 quum
2184 2345 2458 2432 populus
2509 2366 2660 2411 eum
2706 2346 2791 2411 ad
2830 2346 2943 2408 im·

549 2453 801 2539 perium
867 2450 1160 2520 vocaret?
1207 2452 1566 2520 Audiamus
1612 2455 1985 2540 scriptorem
2027 2455 2277 2540 ipsum:
2331 2454 2358 2519 ὃ
2405 2452 2468 2520 δὲ
2514 2451 2585 2518 τὸ
2630 2452 2747 2530 μὲν
2798 2455 2943 2533 πρῶ-

547 2583 651 2626 τον
714 2557 977 2636 οἰόμενος
1045 2560 1230 2624 αὐτὸν
1294 2558 1461 2642 λόγῳ
1525 2560 1703 2638 μόνον
1768 2559 2007 2642 ἐφιέναι
2069 2561 2308 2638 ἑτοῖμος
2371 2555 2477 2634 ἦν,
2527 2560 2711 2637 γνοὺς
2752 2559 2817 2624 δὲ
2864 2557 2941 2636 τῷ

549 2665 672 2734 ὄντι
745 2667 1250 2747 παραδωσείοντα
1321 2669 1655 2748 ἀνεχώρει,
1728 2667 1832 2731 καὶ
1901 2669 2005 2732 οὐκ
2075 2665 2211 2748 ἔφη,
2266 2667 2453 2740 αὐτὸς
2518 2663 2673 2731 ἀλλ’
2728 2666 2943 2732 ἐκεῖνον

549 2781 918 2855 ςρατηγεῖν,
991 2783 1334 2840 ΔΕΔῙΩΣ
1385 2774 1492 2850 ἤδη
1544 2775 1649 2840 καῖ
1698 2776 1805 2840 οὐκ
1856 2772 1932 2840 ἂν
1980 2774 2246 2852 οἰόμενός
2294 2777 2345 2839 οἱ
2397 2771 2584 2839 αὐτὸν
2630 2779 2940 2850 τολμῆσαι

550 2881 970 2964 ὑποχωρῆσαι.
1020 2880 1161 2947 Hoc
1209 2891 1304 2946 est
1349 2880 1549 2947 illud:
1599 2883 1929 2947 metuebat
1978 2879 2174 2947 Cleon
2216 2886 2281 2946 et
2318 2881 2713 2948 detractabat
2754 2880 2943 2946 hono-

547 3009 684 3055 rem
747 2987 1018 3074 periculi
1084 2987 1369 3073 plenum.
1431 2987 1888 3054 Adversarium
1948 2994 2023 3053 ut
2067 2988 2397 3074 perderet,
2450 2987 2684 3054 detulit
2730 2987 2795 3054 N
2798 2989 2943 3054 icias

546 3097 899 3182 imperium
947 3094 1084 3174 δρῶν
1133 3093 1318 3158 αὑτὸν
1365 3093 2001 3161 ἀποδειλιῶντα.
2106 3131 2113 3140 ·

639 3308 965 3395 Impedita
1028 3310 1412 3374 constructio
1473 3312 1568 3374 est
1629 3307 1729 3374 IV
1778 3307 1887 3394 29,
1955 3310 2067 3375 ubi
2114 3309 2571 3376 Demosthenes
2617 3312 2690 3374 in
2738 3307 2943 3375 insula

547 3415 918 3503 Sphacteria
966 3423 1112 3482 ante
1161 3415 1719 3502 conflagrationem
1773 3419 2003 3480 metuit
2053 3416 2338 3481 hostium
2387 3415 2685 3482 insidias:
2738 3415 2941 3496 πολλῷ

546 3523 672 3602 γάρ
724 3521 799 3586 ἂν
846 3519 1196 3604 ςρατοπέδῳ
1243 3520 1657 3600 ἀποβάντι
1711 3521 1779 3598 ἐξ
1826 3523 2106 3602 ἀφανοῦς
2155 3521 2378 3601 χωρίου
2427 3521 2941 3602 προσβάλλοντας

544 3629 772 3701 αὐτοὺς
825 3627 1163 3707 βλάπτειν.
1204 3629 1450 3715 Nempe
1491 3629 1840 3694 secundum
1865 3629 2235 3695 Haackium
2262 3629 2519 3694 brevius
2542 3628 2661 3694 hoc
2688 3628 2933 3695 dictum

544 3742 640 3803 est
677 3757 823 3822 pro:
851 3735 1074 3808 αὐτοὺς
1100 3734 1225 3815 γὰρ
1251 3735 1641 3818 στρατοπέδῳ
1668 3737 2024 3822 ἀποβάντι,
2053 3739 2103 3802 εἰ
2131 3737 2236 3802 καὶ
2266 3736 2426 3802 πολὺ
2455 3733 2541 3813 ἦν,
2568 3733 2732 3815 ὅμως
2758 3759 2939 3816 προσ·

550 3842 921 3922 βάλλοντας
967 3842 1045 3919 ἐξ
1065 3843 1342 3925 ἀφανοῦς
1382 3843 1607 3924 χωρίου
1648 3843 1967 3922 βλάπτειν
1993 3843 2069 3910 ἂν
2095 3843 2271 3909 αὐτό.
2312 3841 2439 3910 Sed
2464 3849 2729 3930 apparet
2752 3863 2938 3930 quam

549 3955 831 4016 contorte
868 3950 1022 4017 haec
1055 3953 1392 4018 enunciata
1431 3953 1557 4016 sint
1598 3957 1664 4016 et
1711 3955 1751 4016 ά
1772 3975 1864 4015 πο
1881 3953 1929 4030 β
1949 3949 1992 4015 ά
2010 3975 2038 4014 ν
2055 3974 2153 4016 τα
2196 3949 2373 4016 nullo
2414 3953 2673 4038 negotio
2708 3949 2941 4016 intelli-

550 4063 756 4145 getur.
805 4055 1088 4141 Reputat
1135 4057 1351 4123 autem
1399 4077 1615 4124 secum
1664 4063 1771 4123 τοῦ
1824 4059 2023 4122 αὑτῶν
2064 4056 2438 4137 ςρατοπέδου
2480 4061 2827 4138 καταφανῆ
2868 4054 2939 4122 ἃν

545 4158 699 4228 εἶναι
767 4162 983 4228 πάντα
1041 4163 1142 4228 τά
1207 4163 1825 4250 άμαρτιὶριατα,
1891 4166 2001 4232 sed
2066 4166 2192 4232 duo
2254 4169 2575 4251 postrema
2636 4159 2937 4230 vocabula

533 4273 817 4337 insiticia
893 4276 1042 4336 sunt
1111 4275 1179 4336 et
1247 4274 1338 4337 ita
1399 4272 1663 4339 demum
1729 4271 2059 4338 commode
2126 4274 2482 4358 potuissent
2541 4270 2729 4348 addi,
2778 4271 2830 4336 si
2874 4269 2937 4331 in

529 4376 681 4443 fatis
741 4377 966 4444 fuisset
1012 4379 1462 4464 imperatorem
1511 4381 1861 4446 necessario
1910 4378 2155 4465 aliquid
2201 4381 2486 4467 graviter
2537 4369 2939 4458 άμαρτάνεινέ
