3150 5000
1193 307 1593 358 mono-rus.
2500 283 2588 352 68

327 470 456 537 Non
507 477 590 538 est
650 491 877 557 operae
939 473 1220 556 pretium
1285 493 1359 538 ea
1407 478 1689 557 repetere
1737 491 1899 556 quae
1944 473 2139 536 etiam
2189 470 2378 534 hodie
2424 468 2591 533 mihi

247 587 394 642 recte
439 578 832 663 disputavisse
883 578 1100 643 videor
1145 581 1214 642 in
1265 577 1721 663 Mnemosyncs
1762 578 1997 644 veteris
2037 579 2226 641 tertio
2264 583 2329 640 et
2368 580 2593 660 quarto

247 682 556 760 volumine,
607 684 720 750 sed
767 705 890 750 non
929 682 1346 749 dissimulabo
1388 705 1492 750 me
1531 703 1657 748 non
1696 682 2091 770 intelligere,
2134 702 2247 746 cur
2270 679 2589 764 Steinius,

249 789 340 870 qui
378 790 512 854 inde
551 789 786 874 pusilla
831 788 1138 872 quaedam
1192 810 1264 855 ac
1309 789 1440 854 fere
1484 791 1737 854 minuta
1782 789 2077 873 probavit
2123 796 2187 852 et
2232 789 2302 852 in
2352 789 2591 874 margi-

249 914 370 958 nem
415 897 652 979 majoris
698 897 996 962 editionis
1043 894 1409 973 transtulit,
1457 894 1756 980 pleraque
1803 896 2126 971 omiserit,
2168 913 2329 978 quae
2376 901 2589 960 tamen

247 1007 340 1061 sut
379 1008 532 1064 certa
575 1021 710 1065 esse
757 1001 992 1066 dixeris
1039 1010 1152 1065 aut
1200 1002 1546 1064 minimum
1595 999 2065 1085 improbabilia.
2116 998 2330 1064 Veluti
2370 999 2585 1066 11161

249 1105 438 1187 Apries
499 1106 731 1171 dicitur
799 1115 938 1191 post
987 1106 1541 1172 Psammetichum
1593 1093 1786 1171 fuisse
1834 1105 2585 1182 εὐδαιμονέστατος

248 1212 340 1274 τῶν
382 1212 642 1291 πρότερον
687 1213 1022 1291 Rumakan.
1092 1212 1215 1278 llle
1261 1218 1476 1278 tamen
1513 1233 1624 1278 rex
1658 1218 1755 1278 est
1789 1212 1901 1298 qui
1938 1211 2379 1299 strangulatus
2412 1213 2589 1278 diem

246 1317 380 1381 obiit
431 1322 678 1404 ipseque
737 1319 1254 1385 Psammetichus
1303 1323 1549 1385 variam
1596 1320 1920 1385 fortunam
1968 1321 2022 1383 si
2071 1323 2212 1403 quis
2258 1319 2425 1384 alius
2472 1337 2588 1386 ex-

245 1429 428 1504 pertus
484 1435 596 1490 est.
691 1425 859 1489 Mihi
927 1433 1142 1490 autem
1216 1426 1552 1490 videbatur
1622 1433 1695 1490 et
1755 1425 1943 1490 hodie
2012 1444 2261 1510 quoque
2333 1426 2591 1492 videtur

245 1531 486 1594 omnium
534 1552 765 1618 regum
813 1539 955 1616 post
1002 1530 1554 1597 Psammetichum
1601 1532 1832 1616 Apries
1870 1531 2066 1596 fuisse
2107 1531 2589 1607 δαημονέςα-

242 1657 368 1705 τος.
427 1636 749 1701 Nimirum
798 1645 915 1702 τῶν
956 1637 1232 1715 πρότερον
1273 1637 1621 1720 βασιλέων,
1659 1658 1807 1702 nam
1850 1636 2130 1722 palmam
2176 1639 2271 1702 uti
2311 1658 2585 1723 aequum

241 1747 320 1804 est
357 1762 559 1807 omnes
607 1746 830 1807 Amasi
877 1744 1131 1809 dabant.
1199 1743 1432 1808 Addidi
1473 1752 1798 1828 praeterea
1842 1742 2305 1828 superlativum
2360 1745 2587 1822 δαημο-

241 1847 453 1918 νέςατος
511 1849 644 1936 legi
700 1852 767 1913 in
831 1849 992 1914 Xen.
1067 1847 1296 1936 Cyrop.
1361 1849 1392 1913 l
1454 1849 1516 1914 2.
1594 1849 1675 1914 12
1738 1855 1803 1914 et
1865 1870 2011 1913 cum
2076 1849 2583 1925 εὐδαιμονέςατος

241 1956 410 2035 reperi
451 1955 778 2018 confusum
829 1954 1024 2019 fuisse
1071 1955 1524 2030 δαημονέςατος
1575 1955 1733 2020 Xen.
1788 1955 1991 2020 Anab.
2038 1953 2071 2019 I
2122 1953 2184 2018 9.
2238 1955 2299 2019 5.
2366 1955 2589 2040 Itaque

239 2077 304 2120 ne
333 2058 500 2124 hodie
538 2059 798 2144 quidem
836 2067 978 2145 post
1017 2066 1114 2125 tot
1148 2081 1454 2126 annorum
1493 2059 1907 2126 intervallum
1950 2060 2136 2126 video
2176 2061 2329 2144 quid
2370 2068 2588 2126 contra

240 2161 344 2226 dici
397 2168 604 2248 possit.
691 2164 871 2246 Quod
927 2165 1210 2232 Steinius
1256 2165 1548 2234 laudavit
1596 2165 1716 2232 VII
1766 2165 1931 2252 164,
1979 2166 2048 2231 id
2096 2185 2397 2253 quorsum
2447 2188 2585 2252 per-

241 2271 440 2346 tineat,
482 2273 591 2336 vix
641 2279 918 2356 apparet.

311 2481 396 2549 De
439 2487 653 2551 Amasi
696 2485 978 2574 legimus
1016 2485 1078 2552 II
1121 2485 1283 2553 162:
1327 2485 1561 2568 ἐπάρας
1610 2487 1776 2573 (add.
1804 2487 1873 2553 τὸ
1900 2487 2113 2559 σκέλος
2140 2508 2287 2555 oum
2314 2483 2583 2574 Cobeto)

239 2588 604 2665 α’τεματαϊσε
680 2596 782 2658 καὶ
855 2594 1036 2658 τοῦτο’
1103 2620 1212 2672 μιν
1283 2594 1525 2660 ἐκέλευε
1603 2594 1827 2677 Ἀπρίῃ
1900 2598 2289 2673 ἀπάγειν.
2362 2591 2585 2660 Itane?

232 2694 533 2776 jubeturne
593 2698 995 2764 Patarbemis
1049 2700 1327 2779 ἀπάγειν
1386 2704 1697 2786 crepitum
1763 2699 2047 2767 ventris?
2132 2700 2273 2766 Hoc
2322 2699 2582 2785 quidem

239 2806 316 2863 est
367 2804 428 2867 ἐκ
485 2810 598 2869 τῶν
663 2803 1000 2871 ἀδυνάτων.
1087 2804 1214 2871 Sed
1257 2808 1425 2892 quod
1473 2807 1877 2891 responderat
1922 2806 2229 2892 peculiari
2276 2806 2463 2871 modo
2511 2826 2585 2871 ao

239 2908 620 2976 contumeliae
679 2910 889 2995 plene,
953 2912 1020 2976 id
1076 2913 1334 2977 Amasis
1385 2916 1581 3000 jussit
1642 2915 1778 3000 regi
1845 2913 2258 2978 Patarbemin
2326 2915 2583 2990 ἀπαγ-

240 3012 549 3085 γέλλειν.
622 3015 764 3081 Hoc
810 3016 1127 3104 intelligo.

308 3230 592 3318 Aegyptii
651 3232 766 3317 qui
823 3231 1154 3317 Memphin
1217 3235 1548 3317 tenebant,
1614 3240 1690 3300 ut
1736 3240 1831 3299 est
1878 3233 1983 3298 ΙΙΙ
2036 3232 2154 3310 13,
2205 3234 2585 3297 obtruncant

237 3328 445 3417 legatos
503 3336 868 3403 Persarum:
937 3338 1078 3411 τοὺς
1142 3336 1365 3415 ἄνδρας
1428 3340 1819 3419 κρεουργηδὸν
1882 3340 2345 3410 διασπάσαντες
2415 3339 2586 3418 ἐφό·

237 3458 363 3511 ρεον
419 3442 488 3513 ἐς
553 3444 622 3506 τὸ
688 3452 921 3523 τεῖχος.
1007 3442 1150 3509 Hoc
1197 3444 1456 3528 quidem
1504 3448 1703 3509 nimis
1746 3444 2113 3511 ridiculum.
2161 3444 2583 3529 Reliquorunt

237 3548 420 3627 opinor
481 3548 784 3614 mutilata
845 3552 1134 3615 membra
1191 3553 1269 3621 ὡς
1323 3546 1414 3615 ὅτι
1464 3552 1902 3631 Φοβερώτατον
1947 3560 2072 3624 τοῖς
2123 3552 2435 3629 πολεμίοις
2490 3550 2579 3626 εἴη

237 3646 379 3735 δρᾶν,
439 3662 515 3719 ut
571 3662 716 3720 utar
777 3654 1218 3741 Xenophontis
1279 3658 1490 3723 verbis
1553 3658 1760 3723 Anab.
1822 3656 1913 3722 111
1964 3659 2024 3722 4.
2077 3657 2134 3722 5.
2210 3656 2321 3722 Illi
2366 3663 2583 3721 autem

236 3756 562 3843 inexpiabili
627 3762 903 3827 facinore
952 3762 1228 3827 admisso
1279 3763 1694 3842 ἐφρούρεον
1744 3766 1813 3829 τὸ
1860 3771 2095 3842 τεῖχος.
2168 3762 2412 3827 Deinde
2459 3767 2584 3826 sta-

235 3862 332 3925 tim
373 3870 656 3951 sequitur
705 3867 1026 3933 obsessam
1075 3868 1298 3933 urbem
1347 3876 1412 3933 et
1459 3876 1887 3957 expugnatam
1938 3868 2151 3933 fuisse.

303 4072 526 4163 Supple
575 4079 681 4145 III
736 4078 856 4143 14:
901 4080 1018 4161 βοῇ
1067 4104 1136 4144 τε
1187 4079 1292 4145 καὶ
1344 4081 1638 4159 κλαυθμῷ
1692 4078 2061 4164 (ἀφθόνῳ)
2114 4080 2453 4158 παρήισαν,
2502 4080 2586 4144 cf.

237 4176 316 4247 m
365 4184 444 4251 66
509 4192 574 4251 et
633 4184 810 4252 alibi.
870 4185 1026 4252 Mox
1086 4186 1156 4251 in
1215 4186 1430 4252 eodem
1500 4186 1741 4272 capite:
1796 4189 1913 4251 τῶν
1964 4184 2170 4249 ἄλλων
2223 4187 2583 4263 Αἰγυπτίων

238 4290 330 4351 τῶν
379 4293 870 4371 περικατημένων
926 4294 1169 4358 αὐτὸν
1231 4290 1701 4370 κλαιόντων,
1751 4292 1920 4357 malo
1965 4291 2582 4377 ὥνακλαιόντων,

239 4396 384 4463 euius
427 4401 766 4485 compositi
813 4399 880 4463 in
928 4398 1044 4464 hoc
1091 4406 1475 4486 argumento
1520 4399 1925 4485 perfrequens
1972 4418 2123 4463 usus
2170 4404 2281 4464 est.
