3150 5000
540 285 672 355 162
955 290 961 297 ’
1524 303 1922 368 mono-rue.

536 469 781 558 τάξιος]
804 515 823 551 ,
882 473 975 542 ίςε
1038 469 1239 550 ἡμέας
1303 472 1705 551 ἐκλείψοντας
1769 472 1880 543 την
1944 469 2141 553 τάξιν.
2231 471 2536 538 Deleatur
2574 463 2927 537 emblema.

622 687 723 756 IX
770 689 859 756 22
902 691 1070 758 med.
1120 690 1661 757 ἐνεσκεύαστο
1706 690 1836 769 γὰρ
1877 687 2048 756 οὕτω.
2118 691 2332 756 Attice
2369 691 2461 755 sio
2501 689 2776 762 dicitur,
2813 687 2930 781 *sed

536 801 895 863 constanter
951 795 1037 861 H.
1104 817 1178 863 eo
1242 817 1429 862 sensu
1480 797 1690 862 utitur
1736 795 1930 861 verbo
1975 795 2292 881 simplici,
2337 798 2557 880 itaque
2599 797 2928 882 corrigen-

538 902 693 968 dum
740 903 921 968 ἑσκε
940 901 1033 968 ύα
1052 925 1207 967 στο.
1284 899 1565 968 Centena
1605 906 1756 966 sunt
1795 901 2106 988 exempla.
2153 939 2233 950 -
2275 901 2351 966 In
2392 906 2678 967 extremo
2717 901 2929 986 capite

534 1009 941 1094 expectabam
990 1005 1065 1082 ὥς
1112 1017 1319 1090 σφεας
1368 1006 1554 1078 οὐδεὶς
1609 1003 1675 1081 ἦν
1725 1008 1753 1071 ὃ
1802 1005 2062 1084 τοί-ξων
2108 1028 2223 1094 pro
2268 1005 2552 1082 τάσσων,
2601 1011 2679 1072 ut
2721 1005 2926 1070 Arist.

531 1113 683 1181 Pac.
735 1113 868 1180 613

830 1220 1029 1286 οὐκέτ’
1078 1218 1164 1297 ἦν
1212 1218 1484 1291 οὐδε-ις
1534 1219 1564 1284 ὃ
1615 1218 1982 1298 παύσων,
2033 1214 2133 1294 ἥδε
2180 1217 2236 1283 δ’
2286 1217 2623 1300 ἠφανίζετο

534 1331 599 1391 et
642 1326 757 1391 ubi
800 1323 972 1392 non?

626 1541 730 1610 IX
777 1543 865 1611 23
911 1542 1067 1611 οὕτω
1116 1545 1188 1620 δη
1233 1543 1433 1611 οὐκέτι
1480 1545 1531 1610 01
1581 1542 1844 1609 ἱππόται
1883 1543 2180 1622 ὑπέμενον
2209 1583 2288 1594 -
2317 1544 2495 1609 ἀλλὰ
2533 1542 2678 1624 πρὸς
2726 1543 2930 1623 ἐκείνῳ

534 1647 766 1722 ἄλλους
809 1651 1298 1731 προσαπώλεσαν
1347 1652 1488 1736 [τῶν
1522 1649 1812 1736 forn-Am}
1862 1649 2072 1736 Stipes
2112 1653 2199 1716 sit
2221 1655 2504 1736 oportet,
2529 1651 2642 1735 qui
2663 1669 2930 1715 monen-

534 1756 654 1822 dus
710 1759 799 1822 sit
856 1759 1101 1843 equites
1162 1759 1451 1822 amisisse
1512 1776 1590 1822 ex
1657 1775 1774 1822 suo
1825 1776 2093 1822 numero
2139 1759 2422 1843 equites,
2467 1776 2592 1823 non
2638 1752 2926 1840 pedites!

538 1859 723 1928 'Pelia
766 1861 1037 1929 editores
1083 1859 1385 1929 tolerare!

623 2078 727 2148 IX
793 2078 878 2145 33
938 2081 1117 2146 ἀλλὰ
1165 2079 1285 2145 δεῖν
1336 2079 1425 2146 ἔτι
1476 2079 1584 2145 καὶ
1631 2079 1734 2144 τὸν
1781 2079 2088 2161 ἀδελφεὸν
2137 2117 2213 2130 --
2270 2080 2546 2159 γίνεσθαι
2594 2079 2922 2161 Σπαρτιή-

532 2211 645 2261 την
695 2187 794 2252 ἐπὶ
846 2195 999 2252 τοῖσι
1048 2189 1286 2252 αὐτοῖσι
1328 2185 1564 2264 λόγοισι
1607 2195 1762 2251 τοῖσι
1803 2186 1908 2250 καὶ
1949 2185 2136 2258 αὐτὸς
2179 2186 2510 2270 [γίνεται].
2557 2182 2923 2272 Magistelli

531 2291 1047 2378 supplementum
1095 2292 1197 2359 vel
1242 2313 1315 2358 eo
1362 2292 1773 2377 deprenditur
1789 2339 1806 2368 ,
1857 2291 2022 2376 quod
2071 2295 2385 2358 sententia
2429 2289 2657 2358 saltem
2695 2295 2924 2376 postu-

528 2397 691 2464 laret
753 2406 908 2463 τοῖσι
968 2398 1073 2464 καὶ
1136 2397 1321 2470 αὐτὸς
1386 2397 1480 2462 ἂν
1538 2398 1875 2476 γίνοιτο.
1965 2396 2088 2463 Sed
2147 2396 2274 2463 loci
2335 2398 2556 2463 eadem
2609 2399 2782 2462 ratio
2829 2401 2923 2462 est

530 2525 692 2590 quae
738 2507 901 2571 infra
944 2525 1081 2591 cap.
1131 2504 1216 2569 55
1264 2506 1422 2570 extr.
1474 2501 1718 2585 ἐχρήιζέ
1765 2527 1835 2569 τε
1883 2510 1999 2569 τῶν
2049 2504 2383 2580 ’Δθηναίων
2407 2540 2492 2554 —-
2519 2502 2745 2568 ποιέειν
2785 2502 2918 2581 περὶ

526 2616 637 2684 τῆς
685 2610 915 2677 οὶπόδου
962 2610 1161 2691 τάπερ
1208 2608 1287 2674 ἂν
1334 2609 1439 2675 καὶ
1490 2615 1704 2691 σφεῖς.

615 2814 716 2880 IX
763 2814 848 2880 38
897 2811 1276 2893 ἐπιρρεόντων
1324 2813 1388 2879 δὲ
1430 2819 1551 2881 ,τῶν
1600 2814 1910 2887 Ἑλλήνων
1957 2813 2060 2879 καὶ
2101 2812 2432 2893 γινομένων
2468 2813 2746 2879 πλεύνων
2784 2814 2914 2879 κτὲ.

524 2919 756 2987 Misere
817 2920 1126 3007 languent
1189 2920 1385 2985 verba
1447 2918 1552 2982 καὶ
1593 2954 1656 2965 --
1696 2922 1970 2985 πλεύνων
1989 2970 2005 2994 ,
2060 2922 2186 2985 nisi
2231 2919 2487 2986 additur
2531 2918 2654 2984 αἰεί
2669 2956 2698 2993 ,-
2745 2919 2916 3005 quod

522 3023 709 3091 facile
754 3025 923 3091 elabi
960 3028 1169 3111 potuit
1215 3034 1357 3110 post
1404 3033 1565 3089 ΚΑΙ.
1619 3022 1756 3109 [Sic
1778 3025 1838 3091 Ν
1843 3027 1990 3091 aber
2021 3026 2322 3112 quoqueJ.
2353 3024 2478 3091 Sed
2503 3024 2635 3091 fieri
2661 3030 2912 3110 potest,

518 3136 595 3195 ut
653 3129 881 3197 vocula
938 3130 1055 3197 illa
1112 3131 1237 3197 huc
1300 3130 1761 3215 transponenda
1803 3133 1892 3197 sit
1939 3152 1973 3198 e
2021 3152 2156 3218 sqq.
2203 3130 2404 3208 λέγων
2449 3132 2526 3202 ὣς
2575 3130 2908 3211 ἐπιρρέουσι

518 3236 570 3299 οἱ
614 3236 914 3309 Ἕλληνες
962 3234 1124 3303 ale.)
1173 3236 1297 3303 ἄνα
1342 3241 1556 3301 πᾶσαν
1605 3236 1871 3322 ἡμέραν,
1923 3238 2036 3301 ubi
2086 3238 2302 3303 minus
2348 3242 2444 3302 est
2489 3240 2869 3307 necessaria.

605 3437 708 3503 IX
754 3436 837 3503 41
877 3437 1089 3504 τούτου
1130 3440 1243 3515 μὲν
1286 3438 1642 3526 (Artabazi)
1684 3442 1717 3516 ἦ
1764 3441 1923 3516 αὕτη
1967 3440 2203 3518 ἐγίνετο
2229 3438 2334 3503 καὶ
2363 3439 2658 3518 Θηβαίων
2681 3444 2908 3517 γνώμη

516 3545 595 3614 ὥς
655 3544 985 3624 προειδότος
1054 3549 1251 3609 πλεῦν
1312 3568 1372 3608 τι
1440 3544 1547 3609 καὶ
1607 3546 1860 3619 τούτου,
1925 3546 2265 3624 Μαρδονίου
2313 3544 2378 3610 δὲ
2423 3546 2788 3627 ἰσχυροτέρη
2841 3570 2910 3612 τε

518 3649 625 3715 καὶ
687 3652 1154 3732 ὥγνωμονεςέρη
1222 3650 1328 3715 καὶ
1395 3650 1675 3727 οὐδαμῶς
1723 3638 2464 3729 συγγινωσκομένη.
2541 3650 2682 3735 Ipse
2730 3652 2912 3720 Mar-

516 3756 743 3822 donius
791 3759 919 3823 dici
960 3762 1209 3842 poterat
1246 3757 1525 3834 οὐδαμῶς
1566 3758 2100 3835 συγγινώσκεσθαι
2119 3804 2136 3834 ,
2174 3777 2298 3823 non
2335 3756 2545 3823 hercle
2585 3759 2726 3821 eius
2768 3779 2908 3824 sen-

396 3924 399 3931 .
512 3864 733 3928 tentia.
804 3861 1179 3950 Gon-igetur
1230 3863 1824 3941 συγγινωσκομένου.
1893 3864 1992 3929 of.
2057 3862 2336 3949 plurima
2385 3862 2679 3949 exempla
2727 3864 2903 3949 apud

514 3965 1147 4055 Schweighafiserum
1210 3989 1260 4033 s.
1310 3990 1413 4053 v.‚
1460 3970 1573 4054 qui
1621 3969 1909 4056 neglexit
1953 3968 2164 4035 locum
2213 3967 2305 4034 IV
2357 3968 2484 4033 126
2531 3970 2582 4033 εἱ
2630 3970 2697 4033 ,δὲ
2745 3993 2908 4047 συγ·

512 4073 839 4153 γινώσκεαι
886 4069 1041 4139 εἶναι
1088 4068 1295 4137 ἕσσαν.
1368 4072 1636 4159 Semper
1682 4077 1951 4141 verbum
1999 4080 2342 4159 usurpatur
2387 4073 2465 4139 de
2507 4077 2814 4159 personis.

602 4178 681 4244 In
740 4177 865 4245 fine
924 4181 1153 4263 capitis
1208 4179 1409 4261 βιοὶζ
1420 4184 1548 4244 sco
1568 4205 1648 4245 αι
1713 4180 1926 4246 locum
1989 4180 2172 4247 cedat
2231 4180 2472 4247 formae
2533 4178 2784 4247 Ionicae
2829 4189 2900 4246 et

512 4284 913 4351 Herodoteae
970 4283 1346 4363 βιᾶσθαι,
1409 4288 1536 4351 nisi
1583 4288 1746 4351 forte
1789 4284 1949 4351 latet
1995 4287 2390 4358 κατῆσθαι
2437 4286 2692 4371 (otiose)
2740 4288 2900 4351 deci-

512 4392 685 4480 dere,
734 4390 903 4479 quod
948 4393 1297 4457 sententiae
1343 4393 1775 4478 aptissimum.
1849 4390 1942 4457 Of.
1989 4391 2082 4457 111
2129 4392 2273 4457 134.
2315 4391 2420 4458 IX
2461 4390 2566 4457 56.
2609 4390 2700 4457 IV
2749 4392 2902 4463 196.
