3150 5000
480 243 614 309 204
1219 243 1226 254 '
1495 265 1833 316 Lucanus.

475 427 692 494 δωκα.
757 428 855 494 Ita
923 431 1241 513 sequiores
1303 429 1408 494 hic
1470 429 1607 495 illie
1669 430 1897 498 Latine
1954 433 2165 517 potius
2212 451 2405 517 quam
2454 429 2697 498 Graece
2740 451 2857 516 pro

477 535 886 614 ἀπέδειξα,
951 542 1028 599 ut
1071 537 1238 620 apud
1286 535 1472 603 Dion.
1517 535 1731 602 Helio·
1782 560 1843 625 p.
1896 537 2066 604 431:
2118 539 2387 614 ἐπιμελῆ
2439 537 2636 612 αὐτην
2677 537 2859 602 εἰπέ·

476 641 661 709 δωκε
720 645 838 707 τῶν
898 643 1259 719 ἀναγκαίων
1327 642 1433 727 (cf.
1485 639 1639 708 Cob.
1689 644 1767 710 ad
1816 641 1894 710 D.
1944 643 2030 710 Η.
2080 665 2141 730 p.
2192 643 2280 732 9).
2334 643 2477 710 Sed·
2506 643 2677 731 apud
2726 643 2859 710 Lu-

479 751 730 816 cianum
780 749 949 815 hunc
995 769 1182 814 usum
1231 757 1552 835 praeterea
1596 771 1717 816 non
1767 751 2118 818 observavi.

570 853 720 942 Cap.
777 854 877 920 16.
943 857 1007 920 τί
1064 853 1227 935 γάρ,
1276 857 1326 920 εἰ
1377 855 1693 936 δορυφόρον
1738 854 1898 935 ἕνα,
1948 860 2013 923 τί
2058 857 2111 927 δ’
2162 859 2215 922 εἴ
2266 857 2567 938 ὑπηρέτην
2626 857 2859 946 [τινα]

476 967 584 1028 τοῦ
655 963 938 1042 τυράννου
1009 963 1385 1038 ἀπέκτεινας
1458 961 1818 1028 Insitioium
1892 965 2147 1030 videtur
2214 963 2420 1043 τινα;
2485 985 2636 1030 nam
2700 983 2863 1050 quae

475 1069 632 1136 haec
699 1091 892 1154 prava
960 1075 1057 1134 est
1127 1071 1472 1155 oppositio,
1535 1068 1640 1135 vel
1703 1070 2060 1149 distinctio,
2124 1073 2291 1137 inter
2350 1068 2486 1136 ἕνα
2535 1077 2600 1138 et
2646 1092 2720 1136 τι
2738 1067 2863 1136 vd?

475 1176 814 1243 Probabile
860 1175 1050 1259 duco,
1098 1175 1265 1260 quod
1311 1177 1659 1242 sexcenties
1707 1173 1841 1241 fieri
1888 1177 2213 1257 videmus,
2265 1172 2374 1249 εἷς
2420 1184 2486 1244 et
2532 1201 2646 1249 τις
2692 1179 2863 1242 inter

477 1306 544 1351 se
607 1283 863 1350 confusa
921 1281 1143 1359 fuisse,
1214 1287 1279 1346 et
1343 1305 1548 1359 τινα,
1601 1303 1791 1367 quam
1840 1286 2293 1350 correctionem
2340 1286 2554 1352 nescio
2600 1286 2747 1370 quis
2794 1285 2861 1348 in

403 1428 410 1444 ·
474 1392 768 1477 margine
851 1387 1300 1473 adscripscrat,
1375 1387 1585 1453 alieno
1646 1386 1783 1454 loco
1846 1392 1913 1453 in
1972 1397 2225 1456 textum
2296 1411 2431 1456 esse
2500 1395 2857 1476 receptum.

475 1493 662 1562 Certe
732 1513 874 1560 meo
942 1493 1200 1579 quidem
1265 1493 1499 1560 iudicio
1561 1493 1771 1560 multo
1832 1494 2065 1562 melius
2114 1497 2525 1578 δορυφόρον
2572 1497 2747 1563 τινά
2798 1517 2865 1562 se

471 1601 753 1667 habebit.

567 1708 730 1775 Ibid.
792 1702 888 1787 ἄρ’
951 1704 1047 1773 οὖν
1108 1709 1216 1774 οὐκ
1277 1705 1521 1787 ἄξιος,
1584 1703 1627 1770 ὦ
1689 1703 1897 1786 οὗτος,
1958 1709 2219 1786 δωρεᾶς,
2282 1711 2434 1776 ἀλλ’
2482 1707 2707 1786 ἄτιμος
2758 1708 2861 1774 ἐπὶ

475 1815 850 1890 τηλικούτοις
914 1812 1232 1893 γένωμαις
1282 1812 1404 1878 Vix
1451 1819 1514 1878 et
1557 1833 1640 1878 ne
1689 1816 1798 1879 vix
1846 1814 2105 1899 quidem
2155 1815 2316 1879 mihi
2370 1816 2715 1901 persuadeo
2768 1819 2861 1880 sic

478 1944 590 2008 pro
652 1920 855 1998 ἄξιός
921 1922 1082 1998 εἰμι
1131 1920 1236 1987 vel
1283 1920 1460 1985 δοκῶ
1511 1921 1703 1986 scribi
1748 1923 2048 2005 potuisse.
2097 1919 2459 1988 Lenissima
2504 1926 2865 1988 mutatione

452 2031 785 2095 ‘rescribet
835 2022 931 2108 ἄρ’
977 2022 1074 2092 οὖν
1121 2029 1228 2092 οὐκ
1273 2025 1554 2104 ἀξιοῖς,
1603 2021 1645 2090 ὦ
1692 2022 1898 2111 οὗτος,
1948 2025 2205 2108 δωρεᾶςς
2257 2026 2413 2094 Post
2458 2048 2659 2114 pauca
2704 2030 2866 2093 reci-

477 2136 705 2222 pien'da
769 2141 904 2200 erat
963 2132 1216 2199 Halmii
1275 2133 1641 2199 emendatio
1702 2135 2420 2215 ἁπαραιτητότερος
2466 2155 2582 2221 pro
2630 2135 2864 2214 ἀπαρ-

478 2244 818 2314 αἰτητος.

566 2345 715 2433 Cap.
773 2345 878 2411 18.
924 2343 1186 2412 ἅπαντα
1234 2347 1428 2410 τοίνυν
1474 2345 1645 2426 αὐτῷ
1686 2347 1873 2425 οὶόρόα
1912 2347 2319 2426 περιέστησα,
2358 2347 2467 2422 τὴν
2504 2346 2719 2428 Φύσιν.
2752 2395 2771 2411 .
2798 2395 2817 2410 .
2845 2396 2862 2413 .

477 2455 595 2527 τὰς
658 2453 779 2519 ἐπὶ
843 2452 1134 2539 (fortasse
1197 2451 1534 2520 delendum
1602 2472 1750 2519 cum
1802 2451 2145 2541 Jacobitio)
2193 2459 2309 2519 τῶν
2356 2453 2711 2532 μελλόντων
2766 2453 2869 2520 ἐλ-

476 2564 662 2635 πίδας
725 2559 973 2641 χρόνων.
1051 2561 1162 2624 ἐπ’
1227 2558 1457 2625 αὐτὸν
1518 2560 1974 2640 ἐχρησάμην
2036 2562 2335 2633 τούτοις
2398 2560 2863 2642 συμμάχοις

475 2670 580 2734 καὶ
643 2668 789 2749 πρὸς
851 2667 961 2740 τὴν
1024 2668 1398 2732 τελευταίαν
1461 2668 1689 2741 ἐκείνην
1734 2668 1955 2745 σκέψιν
2004 2670 2491 2747 κατηναγκασα.
2542 2666 2861 2738 τούτοις

475 2776 738 2843 debetur
781 2774 1027 2840 Pelleto
1075 2795 1186 2859 pro
1232 2772 1542 2839 librorum
1594 2776 1907 2860 scriptura
1951 2780 2136 2845 τοῖς.
2184 2772 2310 2841 Sed
2356 2780 2617 2839 mortuo
2654 2773 2864 2839 medi-

474 2864 682 2950 cinam
723 2883 872 2948 fecit
905 2884 1009 2947 vir
1046 2881 1484 2965 doctissimus;
1523 2901 1652 2945 una
1690 2879 1879 2945 litura
1918 2880 2072 2947 haec
2112 2878 2377 2947 delenda
2420 2886 2593 2958 sunt,
2625 2882 2866 2966 quippe

477 3012 636 3079 quae
681 2988 846 3053 nihil
893 2990 1254 3053 contineant
1299 2988 1424 3051 nisi
1464 2990 1731 3053 otiosam
1773 2994 1839 3051 et
1875 2986 2130 3053 futilem
2173 2986 2659 3072 explicationem
2685 3006 2862 3071 prae-

473 3098 833 3164 cedentium
883 3101 949 3158 et
993 3094 1375 3157 sententiam
1421 3103 1681 3158 onerent
1728 3098 1793 3158 et
1837 3092 2195 3159 obscurent.
2246 3087 2388 3159 Iam
2436 3093 2539 3159 his
2589 3093 2863 3159 abiectis

475 3205 690 3271 omnia
736 3200 924 3287 plana
969 3198 1134 3263 fiunt
1179 3205 1243 3263 et
1289 3199 1606 3283 expedita.

565 3306 718 3394 Gap.
786 3304 889 3371 19.
950 3303 1375 3370 Praetulerim
1439 3304 1688 3385 ἀνόπλῳ
1753 3304 1889 3370 ὑπὸ
1954 3309 2061 3368 τοῦ
2125 3309 2331 3383 καιροῦ
2379 3305 2862 3386 κατειλημμένῳ

473 3436 587 3503 pro
643 3414 789 3479 ε’πΙ.
849 3411 923 3476 In
980 3408 1132 3497 Cap.
1184 3410 1270 3474 20
1332 3409 1792 3497 supplendum:
1842 3406 1941 3477 οἶα
1988 3411 2178 3497 (μὲν)
2230 3412 2627 3487 πεποιηκέναι
2652 3460 2858 3477 .....

473 3518 570 3589 οἶα
634 3520 706 3584 δὲ
770 3518 1080 3600 εἰρηκέναι.
1144 3516 1502 3584 Delendum
1563 3524 1781 3583 contra
1841 3516 2098 3585 videtur
2154 3517 2189 3592 ἥ
2252 3523 2397 3604 post
2450 3542 2861 3600 προανῃρη-

363 3714 378 3729 ·
474 3630 717 3706 μένον.

565 3730 719 3819 Gap.
782 3728 890 3794 21.
955 3729 1253 3796 ἀπέθανον
1312 3729 1425 3808 ἄν,
1474 3730 1624 3795 ἀλλ’
1672 3732 1748 3801 ὥς
1775 3730 2076 3809 ,τύραννος
2128 3729 2378 3811 μόνον,
2426 3732 2579 3795 ἀλλ’
2630 3729 2719 3795 ἔτι
2770 3753 2861 3797 νο·-

471 3840 661 3923 μίζων
733 3836 884 3915 ἕξειν
952 3836 1210 3901 ἔκδικον·
1278 3840 1380 3900 νῦν
1443 3836 1503 3901 δὲ
1565 3838 1641 3908 ὥς
1701 3836 1957 3909 ἄτεκνος
1991 3887 2006 3911 ,
2068 3842 2167 3901 νῦν
2209 3836 2273 3901 δὲ
2318 3837 2396 3911 ὡς
2446 3836 2577 3901 οὐδὲ
2626 3836 2855 3917 φονέως

468 3950 745 4028 εὐπορῶν.
795 3942 1062 4007 Prorsus
1107 3945 1400 4027 ineptum
1449 3942 1613 4006 mihi
1658 3942 1777 4009 hoc
1824 3943 2117 4009 videtur:
2170 3940 2458 4008 “mortuus
2504 3964 2715 4027 essem,
2754 3942 2861 4005 sed

471 4064 700 4123 tantum
757 4057 822 4113 ut
875 4054 1199 4133 tyr-annun
1247 4070 1406 4111 nunc
1451 4070 1588 4112 vero
1639 4056 1705 4113 ut
1746 4049 1982 4125 orba-³⁹5
2034 4052 2075 4113 i.
2112 4070 2185 4115 ·e.
2234 4046 2424 4115 cnunc
2468 4070 2595 4113 non
2642 4048 2851 4113 solum

467 4168 776 4249 tyrannus
837 4175 1010 4233 sum,
1067 4155 1174 4219 sed
1222 4157 1416 4220 etiam
1463 4154 1695 4219 orbus’.
1744 4154 2124 4221 Emendatio
2175 4163 2389 4221 tamen
2437 4156 2504 4220 in
2552 4160 2851 4239 promptu

467 4276 584 4336 est.
645 4264 975 4331 Rescribe:
1026 4260 1323 4325 ἀπέθανον
1373 4258 1476 4340 ἄν,
1526 4260 1693 4339 ἀλλ’,
1742 4264 1821 4334 ὡς
1870 4262 2187 4343 τύραννος,
2237 4260 2488 4340 μόνος.
2550 4260 2851 4329 Mortuus

467 4394 704 4450 essem,
754 4368 897 4448 sed,
948 4370 1022 4433 ut
1067 4372 1406 4453 tyrannus,
1455 4368 1647 4447 solu-u
1698 4388 1832 4447 me,
1883 4376 2185 4455 tyranno,
2236 4376 2568 4455 perempto
2618 4370 2737 4433 tibi
2760 4415 2776 4447 ,
2816 4386 2852 4432 o
