3150 5000
576 216 709 284 334
1552 236 1982 288 mmmmm.

578 403 1043 482 ὑποποιούμενος
1094 403 1233 478 τοὺς
1288 404 1463 476 Χίους
1515 404 1621 470 καὶ
1672 403 2035 485 ῗΩχύρου
2081 407 2191 480 τὴν
2235 401 2416 470 πόλιν
2464 404 2549 469 τὰ
2587 427 2662 467 τε
2703 423 2942 472 ram·

576 512 730 578 κότα
794 511 1191 588 οὶνοικοδομῶν
1255 511 1358 576 καὶ
1423 511 1479 574 εἴ
1542 535 1657 576 που
1720 493 1835 576 δέοι
1896 519 2023 584 τοῖς
2073 512 2350 592 τείχεσιν
2399 507 2552 588 ὕψος
2601 509 2945 590 προστιθείς.

574 617 791 684 Vertit
858 620 1202 702 interpres:
1286 616 1576 702 Oolayrum
1647 618 1954 703 oppidum
2029 619 2448 702 instauravit3
2522 617 2747 701 itaque
2815 635 2946 680 eum

575 725 771 790 latuit
828 725 1098 790 verbum
1162 723 1493 804 ὠχύρου.
1560 721 1835 810 Legitur
1899 723 2006 791 IV.
2069 721 2111 788 2
2171 745 2235 808 p.
2287 723 2390 800 14.
2445 723 2529 786 13
2579 725 2648 787 in
2697 719 2952 808 epistula.

576 830 1049 897 Bartholomaei
1095 830 1175 895 ad
1222 851 1451 915 papam
1500 825 1899 896 Clementem
1950 829 2058 908 VI,
2107 835 2441 915 postquam
2491 827 2952 895 Cantacuzenus

574 959 789 1004 rerum
852 939 1095 1022 potitus
1156 942 1286 1002 est:
1349 936 1626 1002 οὐδέποτ’
1683 937 1799 1001 ἀπ’
1847 939 2053 1010 αἰῶνος
2099 937 2354 1012 ἤκουε-αι
2401 937 2716 1008 τοσαύτην
2763 935 2950 1012 dum„-

578 1046 799 1124 ἀρετὴν
859 1044 1218 1127 γεγονέναι,
1282 1042 1423 1108 οὔτε
1483 1043 1885 1125 Ὀκταβιανῷ
1947 1045 2030 1124 τῷ
2091 1043 2360 1121 βασιλεῖ
2416 1041 2556 1108 οὔτε
2633 1041 2954 1120 Θεοδοσίῳ.

578 1151 719 1218 οὔτε
781 1151 904 1227 μὴν
968 1150 1359 1230 Aornis-qo
1408 1153 1490 1230 τῷ
1541 1151 1842 1230 Καίσαρι,
1896 1153 1975 1222 ὦς
2025 1145 2124 1222 οὓς
2171 1149 2422 1226 ἠδυνήθη
2469 1159 2547 1230 τῇ
2599 1156 2718 1214 τῶν
2773 1144 2958 1212 ὅπλων

582 1258 835 1333 δυνάμει
899 1257 1389 1336 κατατρωννύναι
1439 1256 1523 1328 εἷς
1572 1265 1731 1334 γῆν,
1783 1257 2016 1328 τούτοις
2064 1257 2268 1322 δοῦναι
2319 1255 2420 1320 τὸν
2471 1257 2698 1320 ἑαυτοῦ
2750 1253 2960 1336 χρῇς-ὸν

582 1363 766 1430 ἔλεον.
833 1363 1055 1428 Credis
1118 1363 1379 1428 fortasse
1439 1365 1836 1449 ignoravisse
1893 1364 2276 1428 monachum
2297 1411 2313 1440 ‚
2367 1361 2802 1429 Octavianum
2847 1379 2964 1426 esse

584 1472 855 1538 eundem
920 1472 1033 1554 qui
1093 1475 1311 1555 postea
1374 1472 1711 1556 Augustus
1775 1475 2178 1555 nuncupatus
2239 1473 2345 1534 sit.
2418 1467 2544 1534 Sed
2607 1471 2794 1534 brevi
2839 1475 2968 1552 post

584 1580 807 1644 scribit
865 1576 1037 1642 idem
1100 1575 1180 1639 ad
1225 1575 1581 1640 Imbertum
1631 1575 2060 1641 Viennensem
2111 1596 2170 1660 p.
2227 1573 2327 1640 18.
2387 1575 2472 1642 10
2523 1583 2588 1640 at
2636 1574 2866 1640 laudat
2907 1573 2967 1634 τὸ

585 1691 692 1748 τοῦ
742 1668 911 1760 μετὰ
958 1681 1205 1747 Ἰούλιον
1254 1683 1541 1763 Καίσαρα
1591 1681 2120 1760 βεβασιλευκότος
2169 1681 2600 1758 Ὀκταβιανοῢ
2643 1681 2967 1762 Φιλανθρω·

587 1815 719 1855 πον.
765 1788 933 1868 Quid
973 1791 1178 1874 igitur
1200 1785 1649 1852 scribendum?
1689 1787 1962 1872 Opinor:
1987 1787 2126 1853 οὔτε
2152 1789 2276 1864 μὴν
2315 1813 2358 1852 α
2381 1789 2536 1868 ὖτῷ
2577 1790 2663 1867 τῷ
2693 1787 2972 1862 Καίσαρι.

587 1895 993 1962 Contrarium
1056 1895 1293 1958 vitium
1357 1893 1741 1978 deprehendi
1808 1895 1976 1979 apud
2025 1895 2408 1980 Procopium
2459 1892 2626 1959 Bell.
2673 1893 2852 1958 Pers.
2903 1889 2972 1954 ΙΙ.

593 2003 675 2068 12
738 2025 799 2088 p.
866 1999 1020 2066 207.
1088 1997 1162 2064 3:
1235 2000 1262 2064 5
1326 2001 1441 2076 μὲν
1506 2000 1756 2071 αὐτὸς
1821 2000 1920 2064 ἐπὶ
1987 2007 2238 2070 πλεῖς-ον
2283 2001 2368 2066 τοὶ
2417 2000 2758 2077 ποιούμενα
2807 2000 2868 2070 ἐς
2911 1995 2970 2060 τὸ

588 2107 837 2186 ἀκριβὲς
891 2105 1165 2184 ἔβλεπε,
1209 2107 1323 2171 ubi
1371 2106 1818 2192 corrigendum
1869 2112 1966 2172 est
2003 2107 2031 2171 5
2072 2107 2186 2184 μὲν
2235 2107 2688 2186 Αὔγουστος.
2739 2105 2972 2190 Inspice

586 2218 803 2282 locum
851 2221 917 2279 et
962 2235 1060 2280 res
1109 2215 1389 2280 incurret
1434 2215 1504 2278 in
1552 2211 1788 2280 oculos.

1206 2313 1217 2324 ’
1499 2335 2094 2418 (Continuabuntur).

774 2456 1416 2537 Amstelodami‚

685 2566 746 2633 d.
797 2565 836 2631 5
884 2585 976 2632 m.
1022 2563 1277 2632 Octobr.
1330 2563 1525 2631 1885.

1378 2862 1465 2909 u>
1510 2860 1845 2908 monomm
1889 2860 2187 2910 smunm.

688 2999 831 3063 Lib.
881 2996 1123 3062 XXIX.
1176 2996 1259 3061 19
1311 2994 1477 3075 (Vol.
1527 2994 1608 3061 11.
1659 3017 1718 3081 p.
1775 2994 1906 3060 480
1951 2996 2047 3061 ed.
2098 2995 2364 3083 Didot.).

690 3088 778 3154 ὅτι
848 3090 1154 3159 Φίλιππος
1219 3086 1476 3169 ὠνείδιζε
1538 3095 1664 3157 τοῖς
1718 3094 2065 3161 Θετταλοῖς
2115 3090 2190 3159 ὥς
2239 3095 2350 3161 τῆς
2399 3088 2748 3169 ἐλευθερίας
2797 3088 2969 3151 ἄνελ-

600 3184 828 3251 πίστως
903 3180 1005 3244 διὰ
1074 3178 1388 3253 Ῥωμαίων
1451 3178 1876 3256 κυριεύσαντες
1941 3179 2261 3259 λοιδοροῦσι
2327 3182 2466 3251 τοὺς
2527 3176 2968 3259 προγεγονότας

602 3274 869 3355 κυρίους,
916 3275 1024 3336 οὐκ
1068 3269 1293 3341 εἰδότες
1342 3268 1433 3333 ὅτι
1485 3269 1650 3334 οὔπω
1699 3274 1826 3341 πᾶς
1878 3270 2085 3341 αὐτοῖς
2129 3270 2157 3335 5
2199 3267 2361 3345 ἥλιος
2405 3271 2637 3335 δέδυκε.
2681 3271 2896 3336 τούτου
2919 3266 2970 3330 δὲ

600 3369 707 3428 τοῦ
759 3362 947 3439 λόγου
995 3361 1309 3444 ῥιφέντος,
1362 3360 1609 3424 ὑπόνοια
1656 3368 1781 3431 τοῖς
1830 3360 2146 3425 ἀκούουσιν
2196 3362 2510 3427 εἰσέπεσεν
2556 3364 2633 3433 ὥς
2675 3363 2968 3427 Φιλίππου

602 3457 1159 3528 διαπολεμήσοντος
1220 3454 1363 3531 πρὸς
1413 3452 1785 3528 Ῥωμαίους.
1839 3452 1942 3516 καὶ
1993 3452 2464 3529 παροξυνθέντες
2513 3452 2749 3531 ἔκριναν
2799 3452 2969 3529 μηδε-

603 3548 757 3623 μίαν
804 3546 979 3608 πόλιν
1024 3544 1063 3585 *
1110 3550 1226 3607 τῶν
1276 3542 1446 3606 κατὰ
1494 3542 1886 3607 Μακεδονίαν
1933 3546 2117 3608 οὐσῶν
2167 3542 2334 3622 ἔχειν
2384 3544 2714 3609 Φίλιππον.

696 3637 936 3721 Operae
982 3638 1262 3719 pretium
1311 3641 1407 3699 est
1454 3654 1819 3719 comparare
1863 3632 2077 3698 locum
2125 3634 2334 3711 Livii,
2375 3636 2488 3700 lib.
2529 3634 2754 3699 XXIX
2797 3658 2848 3700 c.
2875 3628 2966 3703 26,

605 3749 755 3793 nam
801 3748 961 3811 quae
1006 3726 1318 3812 Polybius
1356 3725 1433 3789 de
1472 3724 1589 3790 illa
1629 3725 2078 3809 disceptatione
2115 3729 2431 3800 narravit,
2477 3746 2550 3791 ea
2587 3728 2656 3791 in
2679 3724 2968 3808 excerptis

608 3820 684 3885 de
746 3816 1202 3903 Legationibus
1264 3816 1344 3881 ad
1404 3815 1569 3880 nihil
1631 3816 1759 3880 fere
1820 3822 2150 3882 venerunt.
2220 3816 2414 3900 Apud
2459 3816 2720 3881 Livium
2773 3830 2970 3881 versus

606 3908 796 3973 finem
834 3906 950 3973 c.l.
988 3908 1303 3995 legimus:
1350 3928 1582 3983 „causa
1623 3910 1880 3993 cognita
1903 3954 1918 3983 ,
1957 3910 2448 3989 pronuntiarunt
2482 3908 2720 3995 legati,
2747 3906 2966 3993 plaeere

702 4047 762 4063 ..
824 4002 1213 4083 antiquis
1260 3996 1802 4062 Macedoniae
1851 4000 2239 4063 terminis
2284 4020 2636 4086 regnum
2686 3988 2968 4063 finiri.”

701 4088 1108 4174 Comparatio
1177 4088 1453 4153 declarat
1522 4088 1692 4153 haud
1757 4095 1994 4153 temere
2039 4110 2146 4154 me
2193 4090 2453 4155 suadere
2501 4096 2575 4155 ut
2623 4090 2792 4175 apud
2835 4086 2964 4154 Dio-

612 4183 833 4248 dorum
885 4180 1169 4268 legatur:
1223 4180 1533 4259 μηδεμίαν
1581 4178 1762 4243 πόλιν
1802 4182 2010 4255 πλὴν
2045 4183 2380 4245 τῶνκατᾶ.
2431 4182 2821 4247 Μακεδονίαν
2854 4176 2962 4243 κτὲ.

2207 4301 2294 4367 Η.
2345 4300 2442 4368 W.
2495 4321 2557 4369 v,
2605 4321 2665 4367 n.
2715 4301 2812 4369 Μ.

1597 4422 2001 4432 ...-·————-———
