3150 5000
560 243 667 329 28,
1482 265 1729 315 romu
1773 264 2023 314 enarer.

576 483 579 495 .
652 410 1061 497 Aetrouomv‘ae
1106 431 1313 520 (Abel.
1363 453 1425 519 p.
1479 431 1640 519 142)
1690 454 1754 499 v.
1809 429 1892 500 1¹7

827 538 1121 639 σημαίνειι
1160 536 1251 605 ὅτι
1301 538 1630 617 δυσμενέες
1679 538 1886 619 βροτοὶ
1937 538 2372 619 ἔγχεσίχειρες

831 645 1123 727 ὑμετέρην
1172 647 1682 712 πελῶσουσιν
1732 645 1843 712 ἐπ’
1891 644 2120 724 ἄλγεσι
2165 655 2363 725 γαῖαν
2410 642 2690 711 ἅπασαν.

650 749 967 819 Graecum
1014 774 1140 819 non
1186 760 1283 819 est
1329 751 1624 834 πελάζειν
1671 752 1779 819 ἐπί
1825 777 1938 818 τινι
1985 774 2099 839 pro
2145 753 2284 819 τινί.
2358 751 2691 818 Edendum
2739 750 2950 815 fuerat

560 860 933 925 πελασουσιν
993 856 1115 938 ἔπ’,
1180 880 1326 925 cum
1391 860 1768 945 anastrophe
1814 861 2293 947 praepositionis
2311 910 2326 936 ,
2387 864 2464 925 ut
2512 861 2598 925 sit
2619 882 2702 908 =
2724 858 2949 921 ἐπιπε-

557 964 873 1032 λιίσουσιν.
943 966 1155 1031 Possis
1212 966 1476 1031 forsitan
1536 970 1734 1032 etiam
1797 987 1922 1032 una
1982 986 2136 1033 voce
2196 968 2470 1033 scribere
2525 966 2554 1027 ἕ
2571 960 2945 1040 παλγέσι

559 1074 667 1161 (=
689 1070 983 1159 ἄλγεσι),
1033 1072 1142 1138 sed
1188 1070 1304 1137 illa
1352 1074 1514 1139 ratio
1562 1080 1879 1161 praestare
1924 1073 2199 1139 videtur.

652 1288 729 1357 V.
777 1290 865 1357 25
2007 1290 2278 1373 ἡμερινὸς
2329 1289 2392 1356 δὲ

873 1395 1097 1479 φράζει
1146 1400 1306 1474 πῆμ’
1353 1400 1560 1470 αὐτοῖς
1613 1398 1718 1463 καὶ
1769 1399 2152 1464 ἀνάστασιν
2200 1398 2558 1463 ὠλεσίοικον.

618 1503 888 1570 ·Merito
946 1505 1107 1571 hanc
1153 1503 1422 1571 Iacobsii
1470 1506 1978 1573 emendationem
2027 1526 2139 1591 pro
2185 1504 2456 1570 απόστ
2477 1525 2662 1568 ασιν
2709 1502 2950 1587 recepit

562 1609 782 1676 editor.
855 1609 1085 1678 Nescio
1132 1617 1349 1677 autem
1397 1632 1476 1677 an
1522 1611 1821 1679 similiter
1865 1612 2278 1698 corrigendus
2323 1613 2408 1675 sit
2455 1630 2549 1675 vs.
2600 1607 2640 1676 ‘7

878 1726 1054 1797 σῆμα
1102 1720 1226 1787 τόδ’
1274 1721 1402 1784 ἐστι
1450 1720 1674 1792 πόληος
1724 1716 2106 1791 ἀπόστασις
2155 1719 2262 1783 οὐκ
2307 1716 2698 1789 ὦλαπαδνῆς.

562 1822 730 1889 Nam
783 1846 907 1911 quo
954 1832 1135 1911 pacto
1185 1831 1385 1892 terrae
1432 1833 1647 1891 motus
1685 1826 1860 1890 urbis
1901 1826 2314 1891 defectionem
2347 1821 2717 1909 portendere
2742 1819 2949 1887 videri

560 1933 761 2016 possit
821 1932 1143 1998 difficilius
1204 1933 1381 1998 dictu
1445 1937 1557 1998 est..
1633 1932 1942 1997 Brunckii
2003 1939 2218 1997 autem
2284 1932 2733 1996 correctionem
2783 1928 2946 1992 ἅλα·

564 2036 796 2110 παδνῆς
843 2058 955 2122 pro
999 2038 1335 2112 ἆλαπαδνή
1380 2042 1792 2104 necessariam
1842 2060 1974 2105 esse
2019 2038 2260 2102 dubito·

1585 2468 1927 2537 Musaue.

656 2668 753 2734 De
800 2669 1040 2735 Herone
1084 2678 1141 2736 et
1188 2671 1463 2736 Leandro
1483 2718 1499 2749 ,
1548 2693 1611 2737 v.
1664 2669 1786 2737 69:

716 2783 733 2798 ⁰
840 2775 1095 2842 Δύσατο
1144 2777 1194 2844 δ’
1250 2778 1447 2853 ἠιθέων
1496 2777 1832 2851 ἁπαλὰς
1880 2777 2113 2860 φρένας
2160 2776 2422 2865 (Κύπρις
2469 2777 2584 2863 sc.)

566 2881 667 2948 Ad
712 2902 936 2968 corpus
983 2883 1229 2956 ἁπαλός
1250 2934 1267 2961 ,
1334 2884 1414 2949 ad
1468 2887 1758 2950 animum
1807 2883 2046 2959 αἱταλός
2091 2886 2309 2950 referri
2355 2882 2516 2949 solet
2561 2903 2600 2948 a
2647 2879 2941 2959 Graecis,

567 3009 758 3074 quare
803 2990 908 3055 hic
953 2989 1224 3078 legerim
1268 2991 1626 3064 ἆταλας.

658 3202 736 3269 V.
783 3203 872 3270 80

840 3313 946 3377 οὐκ
996 3311 1073 3379 ἂν
1120 3313 1241 3391 ἐγὼ
1290 3316 1434 3378 κατ’
1470 3317 1812 3391 ’Ὄλυμπον
1859 3314 2149 3396 ἕφιμείρω
2200 3315 2323 3386 θεὸς
2374 3310 2527 3380 εἶναι

844 3421 878 3494 ἧ
897 3443 948 3498 μ
962 3444 991 3483 ε
1009 3443 1049 3483 τ
1067 3419 1096 3484 έ
1112 3443 1142 3498 ρ
1161 3444 1194 3493 n
1215 3445 1243 3484 ν
1292 3419 1651 3499 παράκοιτιν
1700 3419 1860 3503 ἔχων
1907 3422 1966 3485 ἐν
2013 3421 2283 3499 δώμασιν
2333 3423 2506 3503 Ἡρώ.

659 3524 1084 3592 Praetulerim
1133 3529 1239 3605 ἧμ
1255 3549 1283 3590 ε
1300 3525 1385 3591 τέ
1399 3552 1429 3609 ρ
1447 3550 1512 3592 οι
1533 3551 1562 3600 ς
1591 3565 1674 3576 -—
1700 3531 1764 3594 ἐν
1811 3527 2104 3606 δώμασιν.

661 3743 737 3808 V.
786 3741 920 3809 110
1012 3743 1261 3818 κατήιεν
1311 3745 1369 3817 ἐς
1423 3742 1590 3808 δύσιν
1638 3744 1814 3819 Ἠώς.

656 3847 847 3936 Apud
897 3851 1216 3935 sequiores
1264 3852 1472 3935 epicos
1520 3853 1770 3936 saepius
1817 3848 1928 3927 ἠώς
1977 3853 2258 3937 positum
2302 3851 2551 3920 videbis
2597 3871 2710 3937 pro
2756 3848 2941 3934 ἦμαρ.

570 3953 676 4022 Sic
735 3977 799 4023 v.
848 3954 979 4021 288
1040 3954 1280 4043 legitur
1342 3959 1722 4034 κατελθέμεν
1786 3959 1844 4030 ἐς
1911 3956 2075 4024 δύσιν
2101 3945 2230 4034 ’ἠῶ
2295 3964 2359 4023 et·
2401 3979 2465 4025 v.
2517 3955 2685 4022 192:
2715 3959 2843 4022 αεὶ
2895 3958 2941 4021 δ’

570 4063 719 4129 ἀνὰ
768 4062 1025 4127 νύκτα
1075 4063 1209 4127 καὶ
1262 4065 1397 4128 Ἠῶ
1445 4063 1513 4142 ἓξ
1559 4064 1712 4137 ἁλὸς
1761 4063 2115 4144 ἦνεμὸεντος
2167 4062 2488 4144 ἐπιβρέμει
2540 4063 2749 4129 οὔασιν
2797 4065 2939 4144 ἠχή.

659 4266 735 4332 V.
789 4265 916 4334 132
964 4265 1328 4346 Παρθενικῆς
1376 4265 1434 4332 δ’
1485 4267 1772 4345 εὔοδμον,
1823 4268 2070 4349 ἐύχροον
2115 4269 2359 4348 αὐχένα
2409 4267 2641 4342 κύσας

964 4379 1119 4438 τοῖον
1167 4376 1351 4452 μῦθον
1396 4372 1579 4439 ἔειπε.
