3150 5000
591 289 726 355 380
1448 310 1723 359 snmus
1766 310 2101 361 sosarnus.

589 468 667 537 ὧν
729 471 1044 556 Φερώρα
1104 480 1309 546 καλῶς
1359 470 1566 560 εἶχεν,
1618 497 1765 542 nam
1814 497 1940 542 non
1988 482 2139 543 sunt
2182 476 2443 563 quidem
2488 480 2703 543 omnia
2744 497 2935 562 usque·

590 600 840 666 quaque
884 582 1177 665 expedita
1193 632 1212 665 ,
1261 582 1370 647 sed
1419 582 1714 651 videmus
1759 589 1975 650 tamen
2021 584 2175 650 haec
2224 606 2361 651 esse
2406 583 2679 651 Herodis
2725 584 2797 649 ad
2838 583 2941 647 fra-
3073 612 3074 641 1

588 692 753 752 trem
810 688 1003 755 verba
1049 696 1115 754 et
1159 690 1228 753 in
1275 689 1514 755 directa
1558 692 1839 756 oratione
1886 694 2235 778 requiritur
2279 693 2609 760 vocativus
2658 691 2939 771 Φερώρα.
3072 658 3074 781 1

676 900 960 969 Herodes
1005 922 1116 988 per
1163 907 1482 968 tormenta
1525 904 2036 992 interrogaturus
2080 904 2395 971 Pherorae
2433 924 2692 971 uxorem
2708 950 2725 983 ,
2752 902 2941 985 Antiq.

587 1005 692 1073 17.
743 1010 805 1074 4.
854 1007 932 1088 2,
995 1012 1451 1094 impunitatem
1513 1008 1854 1095 pollicetur
1920 1013 1975 1075 si
2021 1010 2258 1076 mulier
2303 1031 2452 1076 vera
2500 1011 2759 1089 dixerit,
2805 1006 2941 1087 ‘rpi-

526 1187 532 1191 ‚
585 1120 772 1194 ψειν
819 1138 902 1193 γε
945 1116 1067 1193 μὲν
1115 1125 1326 1189 κακοῖς
1375 1123 1498 1187 τοῖς
1547 1114 1793 1189 ὑςάτοις
1835 1118 2211 1196 ἀγνωμονεῖν
2251 1116 2615 1197 προθεμένην
2654 1116 2943 1195 ὑπισχνεῖ-

582 1243 708 1285 ται.
775 1218 1105 1287 Bekkerus
1165 1222 1400 1303 τρίψειν
1463 1222 1698 1299 edidit,
1761 1226 2123 1308 scripserim
2171 1224 2467 1310 equidem
2518 1247 2612 1288 πε
2632 1223 2943 1305 ριέψειν.

581 1325 826 1393 Deinde
885 1330 954 1392 in
1015 1330 1302 1414 sequenti
1363 1329 1759 1415 paragrapho
1822 1331 1977 1395 satis
2026 1337 2122 1395 est
2167 1330 2360 1396 verbo
2406 1330 2687 1395 indicare
2732 1327 2946 1413 requiri

582 1432 930 1516 εὑρίσκεται
989 1434 1322 1516 Φάρμακον
1386 1432 1758 1516 κομίζειν
1821 1435 2081 1500 δώσων
2132 1445 2210 1517 τῇ
2273 1459 2345 1501 τε
2392 1436 2583 1501 αὐτοῦ
2630 1435 2811 1515 μητρὶ
2857 1429 2944 1497 καὶ
3073 1472 3074 1483 2

584 1540 862 1623 Φερώρᾳ,
911 1560 1040 1607 non
1087 1539 1431 1620 κομίζων
1481 1540 1743 1607 δώσων
1791 1547 1856 1608 et
1900 1541 2501 1607 ἀπαλλάσσειν
2548 1542 2809 1626 Φάσκων
2854 1539 2948 1603 αὖ·

581 1648 668 1711 τὰ
712 1646 1050 1729 μειράκια,
1095 1668 1223 1713 non
1267 1646 1835 1715 ἀπαλλάσσει.
3073 1718 3074 1729 ,

3073 1741 3074 1785 1

669 1860 743 1925 In
801 1860 1006 1927 literis
1067 1861 1147 1927 ad
1206 1861 1625 1949 Antipatrum
1690 1861 1857 1927 datis
1920 1861 2231 1947 quaedam
2294 1861 2581 1927 Herodes
2637 1862 2716 1929 de
2763 1867 2951 1927 matre
3073 1854 3074 1905 ἶ

580 1970 717 2033 eius
779 1974 1040 2053 questus
1098 1973 1226 2048 est,
1291 1969 1509 2054 Antiq.
1563 1967 1667 2036 17.
1718 1969 1777 2033 5.
1836 1968 1915 2033 l:
1978 1966 2122 2044 ἅμα
2176 1976 2286 2043 τῆς
2332 1968 2561 2047 μητρὸς
2612 1972 2950 2046 κατηγορῶν
3073 1986 3074 2019 i

576 2075 656 2146 ὥς
718 2074 961 2157 ὀλίγον,
1025 2073 1134 2139 sed
1181 2073 1354 2140 malo
1402 2074 1591 2154 πρὸς
1640 2073 1768 2139 δλί
1781 2097 1944 2153 γον.
2015 2073 2259 2141 Deinde
2307 2075 2642 2159 Antipater
2688 2074 2949 2141 Romam
3073 2130 3074 2135 ,

392 2258 398 2265 .
461 2252 464 2255 ,
577 2178 881 2265 relinquit
941 2186 1007 2246 et
1068 2186 1404 2267 postquam
1468 2178 1766 2248 Ciliciam
1830 2182 2093 2269 attigit,
2158 2186 2275 2245 τῶν
2330 2184 2531 2262 φίλων
2577 2181 2630 2246 οἱ
2677 2182 2792 2260 μὲν
2838 2177 2951 2243 ἐκέ-

579 2300 753 2351 λευον
815 2288 1000 2351 αὐτὸν
1060 2288 1322 2352 ταῦτά
1386 2312 1472 2370 πη
1537 2288 1993 2369 καραδοκοῦντα
2054 2285 2343 2368 ἐπέχειν,
2406 2288 2522 2353 ubi
2578 2286 2796 2375 legam
2856 2288 2950 2349 ἒν-

578 2393 839 2459 ταῦθά
885 2417 989 2476 πη.

668 2607 741 2674 In
800 2609 1160 2674 narratione
1198 2608 1276 2674 de
1321 2607 1660 2694 Antipatro
1707 2628 1832 2694 quo
1877 2608 2009 2674 fato
2055 2610 2315 2694 perierit
2333 2658 2351 2693 ,
2416 2629 2611 2694 quam
2660 2609 2951 2675 narratio-

574 2736 721 2782 nem
785 2721 986 2780 totam
1037 2735 1115 2780 ex
1161 2713 1426 2781 Nicolao
1470 2714 1729 2780 fluxisse
1772 2715 1960 2780 video
1982 2762 1999 2792 ,
2050 2734 2275 2799 operae
2318 2716 2599 2799 pretium
2650 2721 2750 2780 est
2792 2713 2949 2779 indi·
3073 2737 3074 2808 ζ

572 2843 714 2888 care
778 2821 996 2907 quales
1059 2821 1330 2886 editores
1390 2821 1720 2906 hucusque
1778 2821 1818 2887 J
1820 2821 2053 2907 osepho
2116 2821 2507 2886 obvenerint.
2593 2820 2803 2888 Locus
2865 2823 2951 2886 est

572 2931 790 3015 Antiq.
857 2926 962 2993 17.
1013 2927 1076 2992 5.
1124 2926 1182 2991 4.
1257 2927 1557 2993 Testatur
1617 2928 1896 2993 nefarius
1957 2925 2324 2993 adulescens
2388 2929 2679 3007 Καίσαρα
2744 2929 2947 3000 ἐπίσης
3073 2929 3074 2936 ’

571 3037 655 3118 τῷ
717 3035 824 3115 θεῷ
882 3034 1280 3108 άπατηθῆναί
1338 3035 1404 3098 οἱ
1461 3033 1630 3098 ὄντα.
1703 3033 1820 3098 Est
1867 3034 2021 3098 haec
2067 3036 2381 3118 scriptura
2426 3034 2659 3118 optimi
2708 3031 2951 3100 Codicis
3073 3055 3074 3126 3

569 3140 780 3227 Lugd.
824 3139 1089 3218 Batavi,
1151 3160 1340 3224 quem
1408 3137 1915 3224 Havercampius
1976 3159 2185 3225 presse
2246 3141 2425 3223 sequi
2471 3137 2669 3224 solet,
2710 3142 2767 3204 si
2806 3136 2951 3225 quid

567 3247 731 3312 forte
805 3246 955 3313 vitii
1029 3245 1257 3322 habet,
1319 3266 1470 3310 nam
1532 3248 1895 3330 ceteroquin
1958 3246 2151 3310 bonas
2215 3243 2517 3310 lectiones
2577 3247 2951 3310 contemtim
3073 3263 3074 3330 ᾗ

569 3353 810 3419 abiicit.
881 3352 1088 3417 Antea
1151 3356 1365 3417 tamen
1419 3357 1589 3417 recte
1632 3351 1999 3440 legebatur:
2050 3353 2444 3426 ἀπατηθῆναι
2494 3345 2609 3416 οἷόν
2657 3351 2723 3415 τ’
2772 3353 2919 3418 ὄντα
2937 3398 2951 3426 ,
3073 3355 3074 3424 ἶ

565 3459 631 3523 id
681 3455 849 3544 quod
894 3455 1290 3543 Epiphanius
1336 3461 1532 3524 vertit
1582 3469 1655 3522 ut
1701 3457 1955 3523 debuit:
1998 3479 2164 3542 quem
2202 3459 2375 3522 iuxta
2414 3481 2487 3522 ao
2518 3458 2710 3522 Deum
2724 3459 2953 3545 fallere
3073 3451 3074 3474 ¹

563 3587 726 3630 nemo
779 3575 994 3644 posset.
1065 3563 1236 3630 Aliis
1295 3565 1568 3630 scribere
1615 3563 1889 3650 placuit:
1941 3563 2039 3627 ἐπ’
2080 3561 2213 3638 ἵσης
2262 3565 2345 3645 τῷ
2396 3565 2505 3644 θεῷ
2555 3565 2948 3641 άπατηθῆναι

565 3673 671 3750 μὴ
716 3665 832 3736 οἶόν
877 3695 950 3737 τε
985 3667 1181 3736 ονε-αῖ

655 3891 869 3974 Antiq.
928 3888 1026 3954 17.
1081 3887 1141 3952 5.
1192 3886 1265 3952 6:
1333 3886 1530 3953 ὁπόσα
1563 3939 1577 3953 .
1612 3935 1627 3952 .
1659 3940 1673 3955 .
1704 3937 1719 3951 .
1769 3887 2155 3971 ’Λντιπάτρῳ
2220 3887 2529 3966 ἠσέλγητο
2582 3889 2755 3965 μετὰ
2802 3886 2949 3954 οἴνου

567 3995 671 4060 καὶ
733 3995 992 4071 λύμης
1056 3995 1372 4075 ἐρωτικῆς,
1437 3993 1734 4061 emenda:
1802 3993 2142 4068 λύσσης.
2216 3993 2361 4060 Non
2409 3996 2623 4059 minus
2668 3993 2951 4060 luculen-

567 4109 707 4166 tum
769 4103 1001 4166 vitium
1063 4106 1158 4166 est
1217 4101 1434 4186 Antiq.
1492 4098 1595 4164 17.
1648 4098 1708 4164 6.
1763 4098 1822 4164 3.
1889 4097 2121 4167 Coram
2184 4121 2336 4189 rege
2398 4100 2803 4167 adducuntur
2862 4099 2949 4164 rei

562 4206 763 4273 Judas
808 4215 873 4273 et
917 4205 1233 4273 Matthias
1281 4228 1511 4292 eosque
1560 4228 1668 4272 rex
1712 4209 2069 4295 interrogat
2117 4208 2168 4272 ei
2217 4209 2596 4284 τολμήσειαν
2633 4211 2829 4273 αὐτοῦ
2882 4205 2949 4271 τὸ

562 4313 858 4392 ἀνάθημα
908 4315 1208 4379 καθελεῖν.
1256 4312 1438 4380 Nihil
1487 4315 1680 4380 veriti
1725 4316 1891 4379 senis
1936 4317 2305 4393 saevitiam,
2336 4315 2745 4400 respondent:
2774 4313 2946 4378 ἀλλὰ

564 4420 669 4486 καὶ
718 4418 1236 4502 πεφρόνηταί
1279 4443 1358 4498 γε
1407 4421 1549 4498 ἡμῖν
1594 4419 1682 4485 τοὶ
1727 4419 2240 4503 φρονηθέντα
2298 4419 2403 4486 καὶ
2453 4421 2814 4504 πέπρακται
2862 4417 2945 4484 τὰ
3072 4515 3074 4520 .
