3150 5000
1260 250 1695 300 mmmmm.
2538 229 2667 299 131

293 416 480 480 eodem
530 417 817 501 tempore
862 414 1249 503 Mytilenaei
1297 416 1542 505 legatos
1582 415 1865 482 Athenas
1902 419 1967 483 et
2005 414 2298 501 Spartam
2336 417 2675 483 miserunt.

293 520 469 603 Quod
515 530 729 587 autem
770 522 1086 607 sequitur:
1127 525 1194 589 οὖ
1233 523 1362 605 γὰρ
1401 524 1679 594 ἔπίςευον
1718 530 1843 596 τοῖς
1885 522 2011 588 ἀπὸ
2048 528 2167 587 τῶν
2207 506 2479 597 ’Λθηνῶν
2505 546 2600 604 πρ
2619 546 2675 590 ο·

289 651 344 709 χ
359 651 401 693 ω
418 652 449 709 ρ
467 630 500 705 ἦ
520 652 558 693 ο
577 653 606 693 ε
626 652 693 694 ιν
710 679 726 711 ,
767 627 1040 695 libenter
1081 650 1446 718 expungam
1491 629 1803 697 ultimum
1839 629 2227 702 vocabulum
2245 679 2264 714 ,
2290 631 2482 695 sicuti
2504 634 2677 696 recte

287 734 527 823 legitur
581 732 676 800 ΙΙΙ
723 733 800 800 5:
849 735 977 801 οὔτ’
1025 736 1358 805 ἑπίςευσαν
1405 737 1622 819 σφίσιν
1669 738 1882 811 αὐτοῖς
1901 784 1920 816 ,
1970 735 2082 803 sed
2129 735 2285 803 licet
2329 722 2672 803 coneeden-

290 840 444 908 dum
514 843 600 906 sit
617 888 636 920 ,
701 842 867 927 quod
927 863 1052 909 non
1109 849 1321 930 potest
1381 847 1605 931 negari
1620 891 1636 922 ,
1687 841 2081 931 Thucydidis
2129 849 2227 908 tex
2238 847 2380 909 tum
2425 842 2677 931 ingenti

287 948 852 1033 interpolationum
907 970 1178 1016 numero
1236 953 1646 1037 inquinatum
1694 950 1889 1017 fuisse
1903 998 1919 1029 ‚
1968 969 2205 1038 magna
2253 954 2471 1032 tamen
2518 968 2677 1036 opus

290 1060 387 1121 est
455 1055 746 1121 cautione
817 1060 882 1121 et
945 1057 1270 1123 interdum
1339 1058 1522 1123 nobis
1594 1076 2057 1144 supervacanea
2119 1056 2449 1135 videntur,
2516 1074 2679 1141 quae

286 1166 506 1229 tamen
550 1166 720 1228 certo
765 1163 1000 1229 certius
1042 1166 1324 1250 genuina
1367 1170 1538 1230 sunt.

381 1374 608 1463 Capite
653 1396 847 1444 nono:
895 1375 960 1444 οἵ
991 1403 1064 1445 τε
1111 1376 1489 1461 α’Φις-άμενοι
1539 1379 1643 1445 καὶ
1694 1381 1830 1462 ἀφ’
1879 1376 1955 1445 ὧν
1998 1379 2386 1459 διακρίνοιντο
2406 1424 2424 1456 ,
2466 1398 2671 1445 neces·

287 1486 456 1550 sario
502 1483 928 1569 supplendum
973 1506 1108 1553 esse
1145 1486 1392 1572 judico:
1447 1487 1504 1574 (o
1521 1486 1568 1571 1)
1618 1488 1755 1569 ἀφ’
1805 1482 1915 1572 ὦν,
1960 1505 2077 1553 nec
2121 1485 2309 1553 video
2350 1506 2463 1551 cur
2502 1483 2676 1551 Thu-

289 1589 552 1677 cydides
613 1590 692 1656 ab
747 1612 820 1657 ea
863 1591 1184 1660 locutione
1228 1594 1611 1659 abstinuisse
1657 1592 1827 1659 credi
1875 1592 2119 1659 debeat.
2168 1591 2268 1659 Ita
2312 1597 2480 1658 certe
2526 1611 2673 1657 cen-

288 1698 421 1763 suit
468 1692 746 1763 Cobetus
791 1697 875 1762 ad
920 1698 1320 1785 Hyperidem
1364 1720 1426 1786 p.
1478 1698 1562 1763 55
1612 1704 1677 1765 et
1722 1698 1871 1765 vide
1907 1697 2322 1764 Herwerdeni
2362 1698 2677 1783 conjectu-

287 1822 426 1867 ram
493 1801 574 1867 ad
635 1800 731 1869 111
793 1801 942 1869 113.
1007 1801 1314 1891 Sequenti
1377 1805 1621 1891 capite:
1684 1806 1749 1870 οὐ
1807 1803 1934 1886 γὰρ
1980 1804 2141 1876 εἰκὸς
2189 1800 2257 1879 ἦν
2304 1804 2527 1877 αὐτοὺς
2575 1799 2675 1877 οὓς

286 1909 402 1988 μὲν
450 1909 589 1988 μεθ’
636 1911 803 1988 ἡμῶν
849 1909 1201 1984 ἐνσπόνδους
1249 1912 1612 1988 ἐποιήσαντο
1650 1907 2213 1993 καταςρέψαοθαι,
2252 1910 2392 1983 τοὺς
2433 1911 2485 1977 δ’
2526 1911 2675 1977 ὑπο-

290 2017 575 2101 λοίπους,
623 2014 819 2082 εἵπετ’
880 2014 1003 2099 ἄρα
1067 2016 1400 2099 δυνηθεῖεν,
1455 2020 1546 2098 μὴ
1617 2018 1918 2099 δρᾶσαι
1978 2022 2194 2103 τοῦτο,
2242 2019 2371 2085 seio
2416 2017 2677 2104 quidem

287 2121 670 2190 Hei-betium
741 2126 810 2189 in
881 2121 1108 2192 Cobeti
1184 2146 1448 2193 censura
1514 2147 1578 2213 p.
1646 2124 1729 2191 16
1799 2124 2022 2193 docere
2035 2140 2067 2204 ‚·
2124 2145 2252 2191 non
2311 2122 2451 2191 dari
2508 2123 2679 2211 apud

290 2230 738 2317 Thucydidem
784 2229 952 2297 locos
971 2280 987 2311 ,
1034 2231 1148 2299 ubi
1195 2232 1355 2305 εἰκός
1405 2253 1554 2299 cum
1599 2230 1917 2298 infinitivo
1955 2232 2160 2297 futuri
2198 2232 2503 2317 temporis
2529 2233 2677 2317 jun-

287 2342 484 2423 gatur
502 2383 518 2414 ‚
581 2356 784 2421 neque
847 2358 952 2403 me
1019 2337 1178 2405 latet
1233 2339 1737 2405 Herwerdenum
1799 2338 2063 2404 eandem
2110 2339 2492 2405 sententiam
2543 2357 2677 2404 am-

287 2442 552 2530 plexum
615 2442 810 2509 fuisse
829 2492 847 2528 ‚
909 2444 1017 2510 sed
1078 2447 1149 2510 in
1209 2444 1552 2512 bimembri
1612 2448 1927 2512 sententia
1972 2447 2154 2511 iuxta
2199 2445 2507 2511 aoristum
2556 2466 2676 2510 κα-

287 2546 740 2632 caepionem
829 2557 1084 2616 tantum
1168 2571 1292 2617 non
1361 2553 1785 2622 necessarium
1856 2545 2025 2617 esse'
2059 2551 2316 2618 videtur
2384 2551 2677 2617 futurum

290 2655 570 2737 δράσει
591 2681 654 2732 ν,
717 2677 920 2742 neque
980 2657 1153 2724 ullus
1214 2657 1649 2744 exemplorum
1713 2679 2019 2724 numerus
2080 2678 2299 2722 sanam
2362 2659 2671 2724 rationem

289 2764 544 2828 vincere
580 2764 866 2846 poterit.
935 2762 1288 2830 Undecimo
1359 2766 1601 2850 capite:
1666 2763 1736 2828 τὸ
1798 2764 1852 2830 δ’
1906 2763 2250 2829 ἀντίπαλον
2310 2761 2437 2834 δέος
2496 2763 2675 2839 μόνον

289 2867 469 2937 πιςὸν
533 2869 592 2940 ἐς
657 2867 1077 2949 ξυμμαχίαν·
1146 2869 1174 2934 ὁ
1232 2869 1359 2948 γᾶρ
1424 2869 1838 2951 παραβαίνειν
1901 2892 1960 2934 ’τι
2024 2869 2393 2948 βουλόμενος
2456 2870 2542 2950 τῷ
2588 2867 2676 2945 μὴ

289 2975 656 3055 προέχων
705 2975 781 3040 ἂν
828 2973 1219 3041 ἐπελθεῖν
1266 2975 1727 3061 οὶποτρέπεται,
1762 2976 1973 3043 multo
1998 2976 2251 3042 facilius
2272 2973 2675 3062 intelligam:

289 3083 374 3164 τῷ
439 3083 528 3161 μὴ
591 3081 976 3164 προέχειν
1025 3081 1102 3149 ἂν
1149 3085 1498 3150 ἐπελθών
1546 3091 1612 3149 et
1656 3085 1693 3169 ξ
1740 3083 1818 3150 4.·.
1867 3091 2137 3164 παρεῖχε
2182 3079 2387 3165 φόβον
2430 3083 2674 3161 μήποτε
2748 3137 2758 3142 .

293 3225 378 3239 --
425 3187 686 3256 κίνδυνον
732 3191 912 3272 σφίσι
960 3214 1068 3256 πα
1085 3187 1232 3272 poio
1247 3213 1299 3271 χ
1318 3216 1354 3275 ῃ
1371 3238 1390 3271 ,
1439 3192 1767 3278 optativus
1811 3192 2176 3277 requiritur.

380 3407 500 3480 Τίς
564 3399 699 3490 οὖν,
760 3404 1076 3472 exclamat
1136 3408 1346 3471 orator
1403 3403 1492 3470 ΠΙ
1553 3402 1662 3490 12,
1724 3403 1817 3477 τίς
1867 3397 1967 3469 οὖν
2014 3403 2174 3478 αὕτη
2225 3403 2259 3478 ἦ
2305 3401 2498 3486 φιλία
2545 3403 2677 3482 ey!-

291 3537 475 3592 γνετο
513 3513 547 3588 ἢ
589 3513 896 3593 ἐλευθερία
933 3536 1074 3580 πις·
1096 3512 1130 3588 ἦ
1154 3560 1170 3591 ,
1208 3512 1270 3576 ἐν
1316 3507 1355 3594 ᾗ
1393 3511 1568 3593 παρὰ
1603 3511 1851 3590 γνώμην
1892 3510 2205 3586 ἀλλήλους
2233 3511 2675 3592 ὑπηρχόμεθας

291 3620 418 3686 Hic
464 3619 706 3705 aliquid
755 3619 1146 3686 desideratur
1192 3618 1273 3684 ad
1310 3621 1663 3686 sententiae
1698 3620 2136 3705 integritatem
2177 3620 2393 3703 itaque
2427 3619 2680 3704 scripsit

291 3724 656 3792 Dindorfius
701 3723 860 3801 αὕτη
909 3725 942 3800 ἢ
993 3725 1216 3810 φιλία,
1269 3722 1547 3792 Cobetus
1596 3731 1811 3790 autem
1860 3726 2007 3799 πιςῆ
2048 3725 2373 3809 expunxit.
2424 3723 2519 3790 De
2558 3725 2677 3790 hoc

291 3832 552 3898 fortasse
599 3834 933 3906 assentior.
985 3830 1151 3897 illud
1193 3851 1320 3898 non
1365 3834 1559 3909 item,
1610 3851 1759 3896 nam
1808 3851 1967 3916 quae
2012 3850 2163 3896 vera
2209 3831 2522 3915 scriptura
2560 3832 2678 3909 sit,

293 3937 438 4004 elici
484 3937 672 4004 debet
718 3958 795 4003 ex
841 3937 1136 4024 Dionysii
1181 3935 1757 4004 Halicarnassensis
1799 3937 2162 4003 imitatione
2182 3986 2199 4012 .
2248 3939 2360 4022 qui
2406 3958 2469 4022 p.
2520 3935 2676 4004 401.

297 4042 379 4108 39
425 4043 518 4108 ita
563 4045 852 4129 scripsit:
900 4044 994 4115 τίς
1040 4039 1139 4108 οὖν
1187 4046 1222 4120 ἢ
1269 4044 1611 4118 τοιαύτη
1663 4043 1852 4125 φιλία
1902 4041 2037 4108 καὶ
2079 4042 2282 4120 πίςις,
2326 4043 2385 4107 ἐν
2430 4039 2467 4124 ᾗ
2501 4042 2674 4123 παρὰ

293 4147 537 4227 γνώμην
587 4147 902 4226 ἶλλήλους
955 4147 1324 4231 θεραπεύειν
1371 4146 2037 4230 ἀναγκασθησόμεθα.
2088 4148 2330 4216 Deinde
2376 4151 2531 4214 satis
2578 4155 2675 4214 est

297 4255 462 4340 quod
521 4259 843 4343 sequitur:
908 4258 958 4323 οἱ
1022 4257 1136 4336 μὲν
1200 4259 1366 4334 ἡμᾶς
1433 4259 1493 4322 ἐν
1543 4260 1627 4336 τῷ
1676 4255 1928 4336 πολέμῳ
1975 4253 2233 4328 δεδιότες
2282 4253 2637 4335 ἐθεράπευον
2656 4301 2674 4334 ,

299 4363 471 4440 ἡμεῖς
532 4363 588 4428 δ’
639 4363 894 4437 ἐκείνους
946 4365 1007 4429 ἐν
1053 4372 1132 4447 τῇ
1181 4363 1418 4446 ἡσυχία
1467 4368 1531 4429 et
1575 4364 1771 4428 nimis
1817 4361 2083 4450 languet
2131 4360 2297 4446 quod
2337 4360 2672 4427 adhaeret:
