3150 5000
1158 339 1424 392 osssrus
1463 341 1597 392 mo.
2440 313 2577 388 341

213 505 430 571 damno
484 503 783 571 foliorum
845 504 1092 591 aliquot
1151 509 1218 571 in
1274 505 1510 572 Veneto
1555 507 1723 572 inter
1774 505 1880 592 57,
1932 506 1994 590 7,
2043 507 2088 571 2
2133 511 2197 572 et
2248 504 2374 588 58,
2428 505 2493 583 7,
2542 504 2585 568 2

215 617 273 676 et
335 609 452 690 59,
531 609 656 695 25,
726 611 780 676 1-
827 615 895 676 et
955 609 1044 676 60
1061 658 1078 690 ,
1144 608 1222 690 2,
1295 613 1330 677 1
1397 615 1747 698 intercepta
1810 618 2018 678 essent
2042 663 2056 689 ,
2124 613 2273 677 inde
2340 612 2587 676 iactum

213 735 332 782 esse
365 723 462 782 —ut
503 718 572 781 in
615 715 908 782 Mediceo
953 728 999 781 B
1048 716 1209 784 liber
1257 713 1341 783 57
1391 738 1534 785 cum
1588 717 1706 796 58,
1754 719 2107 804 itidemque
2158 716 2242 783 59
2294 738 2442 784 cum
2494 716 2581 782 60

207 824 645 910 coniungatur,
696 821 1090 908 ultimusque
1138 822 1300 889 liber
1345 828 1785 911 sexagesimus
1834 823 1919 890 58
1968 824 2175 890 factus
2221 827 2329 890 sit.

284 928 580 1014 Superest
637 933 712 994 ut
772 928 996 994 dicam*
1033 929 1112 1001 d'e
1159 930 1478 1015 capitibus
1525 928 1794 996 17-28
1842 931 1991 996 libri
2040 929 2164 1014 60,
2214 952 2291 996 ex
2340 931 2576 1016 quibus

205 1055 356 1101 nune
385 1036 646 1121 quidem
683 1037 748 1099 in
799 1033 1040 1101 Veneto
1085 1033 1286 1121 (foliis
1334 1034 1468 1100 250
1518 1042 1584 1101 et
1633 1036 1793 1123 251)
1844 1042 2180 1122 supersunt
2224 1042 2477 1102 tantum
2520 1057 2572 1102 c.

207 1139 314 1221 20,
361 1140 620 1226 2-22,
671 1140 714 1206 2
753 1147 818 1206 et
862 1137 985 1218 26,
1035 1139 1294 1218 2-28,
1349 1142 1410 1206 3.
1461 1139 1723 1208 Certum
1773 1147 2110 1207 tamenest
2134 1142 2504 1208 Mediceum
2530 1151 2573 1205 Β

207 1267 348 1333 quae
390 1248 587 1314 habet
631 1269 687 1313 c.
739 1245 844 1331 17,
895 1245 1152 1324 8-20,
1205 1245 1246 1310 2
1293 1251 1358 1314 et
1396 1247 1520 1326 22,
1563 1245 1827 1322 2-26,
1872 1245 1915 1312 2
1956 1269 2034 1314 ex
2076 1246 2409 1333 Xiphilino
2451 1268 2577 1313 non

207 1353 470 1420 hausisse
531 1355 645 1439 qui
695 1373 757 1439 p.
827 1351 978 1431 177,
1027 1350 1376 1432 30-178,
1434 1352 1516 1419 18
1564 1359 1631 1419 et
1682 1375 1741 1439 p.
1794 1352 1966 1432 178,
2015 1351 2373 1431 ’24-179,
2420 1356 2463 1418 8
2509 1356 2579 1418 in

209 1459 442 1525 brevius
497 1459 658 1525 haec
713 1461 1112 1529 contraxerit.
1200 1457 1344 1525 Imo
1406 1481 1552 1526 cum
1617 1481 1777 1546 quae
1842 1460 1946 1525 his
2008 1459 2325 1545 capitibus
2378 1459 2577 1524 conti-

203 1571 456 1632 neantur
499 1564 578 1632 ad
625 1567 936 1631 amussim
981 1567 1190 1651 priora
1235 1565 1390 1632 folio
1435 1586 1564 1631 uno
1586 1614 1601 1643 ‚
1651 1569 1995 1652 posteriora
2042 1566 2291 1630 duobus
2340 1566 2574 1630 codicis

205 1671 410 1739 Veneti
469 1671 890 1757 respondeant
933 1691 1140 1757 neque
1183 1673 1524 1757 quicquam
1572 1675 1643 1737 in
1686 1673 1769 1736 iis
1816 1675 2184 1737 inveniatur
2230 1670 2397 1756 quod
2446 1688 2569 1735 non

76 1767 78 1770 ’
204 1797 436 1862 prorsus
493 1777 810 1844 Dioneum
874 1780 962 1844 sit
978 1827 996 1863 ‚
1057 1777 1162 1843 his
1213 1779 1424 1844 tribus
1482 1777 1656 1844 foliis
1718 1778 2047 1844 Venetum
2110 1797 2237 1863 quo
2288 1782 2575 1862 tempore

202 1883 509 1952 Mediceus
549 1897 594 1950 Β
635 1907 713 1952 ex
759 1903 836 1952 eo
880 1886 1232 1970 descriptus
1281 1891 1376 1950 est
1399 1885 1681 1951 nondum
1710 1887 1985 1950 caruisse
2014 1884 2424 1949 manifestum
2454 1888 2571 1948 est.

277 1990 493 2059 'Palem
531 1993 740 2079 igitur
775 2011 922 2057 cum
969 2009 1042 2056 se
1086 1989 1364 2056 Medicei
1384 2003 1446 2055 -B
1487 1990 1789 2056 librarius
1830 1993 1899 2055 in
1933 1991 2179 2055 lacunis
2222 2009 2300 2054 ex
2338 1989 2573 2075 Xiphi-

201 2095 318 2164 lino
357 2096 690 2183 explendis
733 2097 1160 2182 praestiterit,
1204 2097 1272 2160 in
1313 2097 1492 2162 vitiis
1533 2097 1921 2184 corrigendis
1965 2115 2113 2161 eum
2137 2096 2277 2180 pari
2305 2095 2569 2159 audacia

76 2205 78 2292 [
202 2209 256 2268 et
293 2203 554 2271 levitate
600 2223 792 2268 usum
839 2221 974 2269 esse
1016 2223 1141 2268 non
1189 2203 1587 2268 mirabimur.
1649 2202 1939 2279 Quarum
1979 2199 2565 2266 infelicissimarum

199 2308 527 2376 lectionum
571 2307 937 2375 Dindorfius
981 2309 1051 2373 in
1095 2309 1483 2394 praefatione
1528 2313 1777 2374 tantam
1828 2310 2077 2393 copiam
2124 2308 2445 2392 congessit
2493 2311 2567 2369 ut

200 2415 342 2481 alias
381 2419 645 2502 insuper
687 2414 916 2480 addere
957 2414 1090 2480 vix·
1115 2433 1276 2501 opus
1319 2415 1405 2479 sit
1421 2463 1440 2498 ,
1489 2434 1605 2480 nec
1653 2419 1869 2480 tamen
1913 2414 2033 2478 hoc
2082 2431 2339 2478 monere
2376 2414 2569 2476 omit-

76 2548 78 2555 ·
199 2529 320 2589 tam
361 2523 648 2601 eiusdem
694 2523 976 2588 hominis
1019 2521 1319 2587 futilitati
1363 2526 1430 2587 et
1475 2521 1833 2609 corrigendi
1882 2520 2201 2606 prurigini
2240 2540 2313 2584 ea
2354 2518 2567 2584 deberi

198 2648 346 2715 quae·
400 2632 540 2696 sine
583 2627 735 2694 ulla
793 2647 983 2693 causa
1003 2674 1018 2697 .
1080 2628 1403 2693 interdum
1477 2630 1675 2694 etiam
1740 2646 1887 2693 cum
1959 2629 2181 2713 gravi.
2218 2627 2568 2691 sententiae

198 2734 567 2801 detrimento
626 2738 696 2799 in
754 2734 1048 2800 Mediceo
1105 2738 1359 2799 mutata
1416 2735 1859 2800 inveniuntur.
1944 2730 2144 2799 Cuius
2204 2734 2299 2798 rei
2345 2734 2563 2797 statim

195 2839 329 2907 libri
387 2840 476 2907 42
533 2842 721 2907 initio
783 2842 1120 2925 conspicua
1177 2846 1329 2905 suut
1385 2839 1701 2925 exempla.
1801 2837 2027 2925 Capite
2082 2837 2117 2903 1
2146 2884 2163 2917 ,
2212 2838 2255 2903 2
2316 2838 2459 2904 τότε
2508 2839 2571 2903 δὲ

197 2949 390 3029 πολλᾷ
449 2952 592 3013 τοῦ.
621 2945 925 3027 Καίσαρος
988 2946 1383 3028 περισχῆσειν
1447 2946 1830 3034 ἐλπίσαις
1872 2945 1930 3032 (ὃ
1994 2942 2349 3030 Πομπήιος)
2404 2945 2570 3009 οὐδὲν

199 3054 520 3135 προείδετο,
586 3052 851 3126 ἐλπίσαις
914 3055 1196 3119 mutavit
1252 3054 1321 3117 in
1368 3052 1549 3117 δοκῶν
1568 3072 1587 3130 ;
1637 3057 1782 3137 post
1831 3072 2038 3137 pauca
2086 3052 2123 3135 ς
2176 3049 2216 3115 3
2258 3070 2373 3137 pro
2418 3058 2571 3132 τρῖ-

196 3162 334 3237 aa!
371 3184 466 3225 ste
528 3158 789 3233 δυνηθεὶς
851 3154 931 3223 ἂν
981 3158 1068 3223 τὰ
1111 3154 1473 3237 πράγματα
1519 3158 1869 3224 absurdum
1924 3156 2081 3235 πέψ
2100 3181 2181 3222 ae
2230 3158 2569 3223 substituit

197 3266 375 3351 (quod
429 3266 500 3331 in
559 3264 826 3351 reliquis
884 3263 1206 3330 codicibus
1270 3282 1454 3349 porro
1515 3266 1585 3328 in
1647 3262 1902 3343 πέμψαι
1978 3268 2348 3349 corruptum
2424 3264 2568 3351 est).

195 3368 322 3438 Non
377 3370 626 3457 placuit
679 3369 992 3436 ultimum
1052 3368 1437 3436 vocabulum
1507 3392 1562 3434 o.
1626 3367 1672 3434 2
1690 3415 1707 3446 ,
1778 3370 1813 3435 l
1881 3368 1983 3434 διὰ
2040 3370 2155 3447 μὲν
2220 3369 2289 3442 δὴ
2355 3374 2568 3433 ταῦτα

197 3478 284 3543 u>
345 3476 378 3541 6
441 3477 758 3555 Πομπήιος
795 3508 860 3523 -·
897 3474 1002 3539 καὶ
1063 3475 1298 3552 γυμνὸς
1360 3474 1466 3540 καὶ
1529 3472 1860 3555 ἄφρακτος
1918 3499 1952 3538 -ε
1972 3475 2095 3555 ὑρέ
2119 3475 2146 3538 θ
2166 3500 2238 3558 η,
2287 3476 2570 3559 reposuit
2652 3476 2657 3481 ’

195 3582 550 3662 ἐγένετο,
595 3588 660 3649 et
706 3581 927 3648 eodem
970 3580 1162 3647 modo
1207 3602 1264 3645 c.
1316 3579 1437 3659 10,
1485 3579 1530 3645 2
1581 3590 1979 3662 παραχρῆμω
2028 3600 2143 3665 pro
2206 3581 2567 3661 παραυτίκα

195 3691 342 3775 quod
401 3708 656 3776 prorsus
715 3688 890 3754 idem
951 3683 1290 3774 significat.
1376 3686 1449 3751 L.
1517 3685 1605 3751 44
1628 3734 1645 3765 ,
1703 3686 1746 3751 4
1772 3736 1787 3763 ,
1844 3684 2125 3754 8'verba
2176 3684 2277 3749 ἐπὶ
2328 3686 2567 3760 κέλητα

195 3794 430 3879 (leviter
474 3796 892 3881 depravatum
937 3812 1014 3859 ex
1055 3791 1159 3857 ἐπὶ
1209 3788 1494 3876 κέλητος)
1545 3813 1709 3877 quae
1758 3812 1883 3858 non
1934 3790 2355 3879 intellegebat
2372 3842 2390 3876 ‚
2438 3812 2569 3858 cor-

195 3908 334 3969 rexit
380 3902 628 3969 scilicet
670 3903 742 3966 in
785 3899 1107 3974 ἔπίκλησιν
1152 3897 1538 3965 vocabulum
1586 3900 1743 3964 bene
1792 3897 2109 3965 Graecum
2166 3898 2276 3964 sed
2321 3900 2403 3962 ab
2447 3898 2566 3964 hoc

195 4004 310 4076 loco
371 4008 675 4075 alienum.
763 4006 1012 4071 Ultimo
1072 4004 1238 4069 mihi
1300 4004 1591 4090 exemplo
1622 4012 1627 4017 ’
1658 4008 1788 4071 sint
1854 4006 2049 4071 verba
2100 4004 2225 4084 42,
2260 4003 2365 4071 ,30
2384 4056 2400 4089 ,
2454 4005 2485 4070 l
2539 3999 2566 4070 ὃ

198 4115 515 4187 μηπώποτε
572 4114 716 4194 πρὸς
777 4112 1104 4192 ἱππάρχου
1169 4110 1444 4188 ἐγεγόνει
1493 4112 1736 4197 (narrat
1778 4110 1907 4175 Dio
1959 4112 2309 4177 Antonium
2358 4115 2563 4199 magi·

197 4222 378 4286 strum
418 4221 718 4306 equitum
763 4218 838 4283 L.
889 4215 1222 4284 Gaesarem
1261 4216 1408 4281 urbi
1450 4214 1890 4307 praefecisse),
1932 4222 2226 4303 corrupta
2270 4219 2338 4282 in
2378 4213 2405 4281 ὃ
2445 4242 2569 4297 μη-

76 4384 78 4405 ,
200 4324 444 4391 πώποτε.
461 4326 553 4409 τῷ
599 4322 900 4405 ίππάρχφ
948 4320 1194 4401 ἐξουσία
1242 4329 1431 4388 ποιεῖν
1479 4319 1566 4397 ἦν.

271 4429 444 4499 Haec
501 4433 618 4517 qui
671 4428 1112 4516 perpenderit,
1169 4428 1402 4514 quibus
1451 4432 1748 4494 sexcenta
1794 4426 1920 4494 alia
1968 4428 2118 4494 addi
2162 4433 2460 4514 possunt,
2507 4432 2569 4493 ei

1542 4580 1545 4583 -
2201 4548 2267 4597 aa
