3150 5000
1285 304 1608 355 nomes.
2506 282 2639 351 403

277 478 552 557 apparet,
613 493 764 539 mox
825 473 1242 541 tractabimus
1269 470 1341 558 1).
1411 472 1597 537 Nunc
1658 490 1807 539 vero
1869 470 2047 537 aliud
2108 476 2207 537 est
2233 472 2631 559 rogandum.

275 576 560 645 Vidimus
607 580 784 645 δυῖκά
835 597 968 645 esse
1016 580 1198 657 ἄμμε
1237 578 1410 656 ὔμμε
1449 586 1610 663 eqo-53
1652 578 1763 643 sed
1799 598 1925 645 non
1960 580 2081 643 nisi
2125 580 2472 646 accusativi
2494 576 2633 643 loco

268 688 683 770 reperiuntur:
723 688 1062 753 fueruntne
1106 688 1304 752 etiam
1349 688 1420 751 in
1464 687 1861 751 nominativo
1907 706 2056 751 casu
2096 682 2424 751 adhibita?
2472 680 2633 751 Con-

267 798 492 858 stanter
553 797 724 859 enim
743 840 760 871 ‚
825 802 902 859 ut
944 813 1134 859 nemo
1178 795 1413 871 nescit,
1461 795 1530 858 in
1575 812 1841 859 numero
1888 791 2065 858 duali
2112 812 2239 857 una
2286 790 2633 876 eademque

265 906 352 963 est
391 898 597 965 forma
641 899 1023 966 nominativi
1068 914 1132 965 et
1179 902 1546 967 accusativi.

347 1004 528 1087 Quod
587 1009 643 1072 si
703 1007 1066 1095 negandum
1140 1012 1303 1073 esset
1367 1008 1752 1073 nominativi
1810 1026 2056 1092 quoque
2100 1006 2236 1072 vim
2285 1005 2633 1070 obtinuisse

260 1108 429 1189 ἄμμε
479 1112 656 1191 ὔμμε
704 1124 862 1194 σφε,
927 1134 1052 1179 non
1097 1118 1311 1181 tamen
1355 1113 1504 1179 inde
1551 1119 1917 1198 sequeretur
1962 1111 2119 1177 falso
2166 1132 2270 1177 eas
2316 1110 2551 1177 formas
2598 1129 2635 1176 a

257 1219 430 1284 nobis
479 1218 658 1285 duali
702 1240 967 1285 numero
1015 1222 1324 1307 assignari
1340 1240 1358 1298 ς
1400 1240 1550 1285 nam
1592 1221 1787 1286 etiam
1828 1219 2034 1285 forma
2067 1218 2273 1299 σφωέ,
2298 1237 2459 1303 quae
2482 1219 2635 1303 quin

257 1324 328 1389 ad
373 1324 633 1391 dualem
678 1330 992 1412 pertineat
1039 1347 1226 1392 nemo
1273 1329 1494 1412 opinor
1540 1326 1953 1391 >dubitaturus
1998 1334 2093 1391 est
2113 1373 2129 1404 ‚
2180 1325 2349 1411 apud
2395 1324 2636 1390 Home-

255 1452 392 1497 rum
453 1453 582 1499 non
643 1433 766 1499 nisi
830 1436 1190 1500 accusativo
1254 1454 1403 1500 casu
1459 1432 1748 1499 adhibita
1794 1436 2126 1518 reperitur.
2196 1430 2320 1499 Sed
2368 1433 2635 1497 minime

256 1547 344 1603 est
394 1538 802 1627 negandum;
864 1542 1252 1607 contrarium
1315 1542 1488 1605 enim
1535 1546 1707 1605 certo
1752 1547 1827 1604 ut
1873 1539 2167 1624 equidem
2217 1539 2489 1604 arbitror
2534 1542 2635 1602 in-

254 1643 412 1711 dicio
473 1652 686 1731 potest
751 1644 914 1711 effici
961 1666 1038 1710 ex
1084 1646 1524 1713 theomachiae
1569 1645 1845 1731 quodam
1893 1646 2059 1724 1000,
2113 1654 2167 1709 Φ
2213 1642 2345 1709 432
2392 1664 2485 1729 sq.
2534 1642 2637 1711 Ibi

253 1749 543 1820 Minerva
591 1750 669 1817 de
715 1773 782 1817 se
826 1755 966 1837 ipsa
1010 1758 1076 1818 et
1119 1752 1358 1819 Iunone
1403 1755 1496 1819 ita
1540 1752 1860 1839 loquitur:

679 1861 764 1939 τῷ
813 1883 914 1924 κεν
965 1856 1038 1935 33,
1087 1860 1291 1925 πάλαι
1341 1857 1555 1937 ἄμμες
1605 1859 2018 1937 ἐπαυσάμεθα
2066 1857 2395 1937 πτολέμοιο
2454 1868 2465 1877 “

679 1966 886 2033 Penios
933 1966 1342 2047 ἐκπέρσαντες
1391 1966 1456 2032 ἐῢ
1504 1968 1788 2045 κτίμενον
1835 1966 2202 2046 πτολίεθρον.

333 2070 586 2140 Siccine
624 2093 774 2139 vero
810 2073 926 2139 dea
945 2121 961 2149 ,
1011 2073 1089 2139 de
1126 2076 1552 2161 grammatica
1590 2070 1852 2139 secura?
1898 2071 2305 2155 ἐκπέρσαντες
2354 2071 2512 2137 dicit
2558 2069 2635 2137 de

250 2179 492 2247 duabus
539 2177 834 2246 feminis?
904 2181 1048 2247 Non
1107 2181 1480 2248 crediderim
1545 2180 1882 2268 Olympios
1900 2229 1915 2260 ,
1972 2183 2085 2266 qui
2133 2180 2356 2246 πάντα·
2395 2179 2595 2245 ficam
2613 2228 2631 2263 ,

247 2289 540 2375 ignorare
599 2286 939 2353 discrimen
1001 2291 1254 2376 generis
1312 2288 1649 2355 masculini
1698 2297 1762 2354 et
1806 2288 2101 2355 feminini
2119 2336 2134 2365 ‚
2188 2294 2253 2353 et
2300 2267 2634 2352 commode

247 2396 418 2459 venit
457 2397 528 2459 in
566 2406 850 2460 mentem
905 2394 1328 2480 Euripideum
1372 2394 1539 2461 illud
1590 2397 1640 2460 εἰ
1690 2394 1810 2461 θεοΙ
1853 2419 1913 2459 τι
1962 2394 2169 2475 δρῶσιν
2218 2392 2477 2475 αἰσχρὸν
2524 2392 2633 2458 οὐκ

247 2503 388 2568 εἰσὶν
438 2504 579 2567 θεοί.
627 2501 798 2577 Quid
842 2504 1047 2590 igitur
1093 2500 1392 2591 agimus?
1455 2502 1786 2588 Numquid
1828 2504 2167 2568 scribimus
2216 2497 2633 2583 ἕκπέρσασαιῖ

245 2609 521 2676 Minime
538 2657 555 2686 ,
604 2629 755 2674 nam
804 2611 861 2674 si
904 2610 1306 2675 recordamur
1349 2611 1418 2674 in
1462 2629 1720 2676 caesura
1765 2609 2019 2674 hiatum
2060 2628 2425 2675 concessum
2467 2627 2631 2686 esse,

245 2714 432 2804 longe
479 2713 730 2780 facilior
772 2719 838 2780 et
881 2714 1267 2801 probabilior
1313 2735 1380 2780 se
1427 2713 1606 2781 offert
1651 2716 1953 2780 correctio
1970 2762 1987 2791 ,
2038 2735 2230 2799 quam
2272 2717 2328 2778 si
2368 2715 2510 2800 quis
2549 2717 2633 2780 sit

245 2829 724 2907 aspernaturus,
773 2820 970 2888 velim
1018 2822 1195 2907 prius
1241 2843 1457 2887 secum
1505 2827 1757 2906 reputet
1797 2823 2003 2906 ipsam
2030 2820 2303 2886 formam
2329 2819 2543 2899 ἄμμες
2564 2823 2633 2885 in

245 2925 442 2994 Iliade
487 2947 614 2993 non
659 2931 784 2994 nisi
828 2928 948 2993 hoc
995 2948 1122 2993 uno
1169 2947 1357 2994 versu
1404 2948 1756 3012 superesse:

674 3036 759 3116 τῷ
809 3058 911 3098 κεν
958 3034 1030 3110 δὴ
1077 3035 1286 3098 παλαι
1334 3032 1559 3112 ἄμμε
1608 3032 2025 3112 ἐπαυσάμεθα
2074 3034 2403 3112 πτολέμοιο

673 3141 882 3208 Ἠλίου
930 3140 1448 3220 ἕκπέρσαντε
1503 3139 1567 3206 ἐῢ
1620 3141 1902 3218 κτίμενον
1950 3142 2313 3221 πτολίεθρον.

328 3247 554 3325 Patet,
603 3245 860 3312 dualem
907 3253 974 3312 et
1019 3251 1255 3333 requiri
1305 3253 1370 3312 et
1415 3269 1454 3313 a
1502 3251 1953 3336 vetere-{poeta
1998 3249 2193 3314 fuisse
2234 3247 2629 3326 adhibitum,

243 3363 302 3418 et
349 3355 534 3432 ἄμμε
585 3357 784 3419 etiam
828 3357 1214 3421 nominativi
1261 3355 1476 3421 locum
1500 3355 1718 3444 {obire}
1744 3355 2180 3442 possefssquod
2219 3356 2376 3421 dum
2401 3358 2635 3442 posteri

240 3463 548 3527 vitiosum
615 3471 870 3526 censent
935 3468 1000 3528 et
1047 3462 1264 3527 hiatus
1307 3481 1510 3547 usque
1555 3483 1805 3548 quaque
1853 3449 2127 3548 explere}
2148 3460 2407 3527 student
2426 3509 2441 3536 ,
2490 3468 2631 3526 tur-

241 3569 402 3650 piter
452 3567 968 3633 deformaverunt
1016 3571 1420 3632 sententiam.
1449 3569 1546 3632 bis
1571 3571 1835 3654 ⁹inserta
1873 3567 2060 3632 litera
2099 3570 2344 3654 sigma,
2372 3570 2477 3632 cui
2498 3569 2629 3633 iam

241 3691 362 3737 non
426 3683 562 3739 erat
624 3672 801 3738 locus
825 3670 902 3759 ²).
974 3671 1090 3738 Sin
1136 3674 1278 3759 quis
1328 3673 1538 3738 adhuc
1584 3674 1872 3752 dubitat,
1903 3671 2111 3760 [adeat
2157 3673 2322 3738 mihi
2368 3671 2633 3740 Hesiodi

301 3945 356 4008 1)
395 3945 457 3996 In
489 3945 653 4011 paucis
687 3945 910 3994 notabilis
945 3951 1017 3996 est
1035 3944 1082 4012 εδ
1118 3945 1240 4006 178,
1282 3949 1338 3996 de
1371 3963 1466 4012 quo
1503 3965 1607 4013 pag.
1643 3949 1741 3998 420
1773 3947 1971 3998 dicetur.

299 4027 554 4078 Praeterea
588 4027 862 4078 videantur:
900 4035 944 4077 A
979 4031 1010 4078 8
1045 4029 1172 4094 (pag.
1211 4031 1364 4094 412),
1402 4037 1446 4079 Α
1469 4031 1564 4083 574
1601 4031 1729 4096 (pag.
1754 4031 1907 4094 413),
1944 4037 1980 4079 Ε
2002 4031 2094 4080 151
2132 4031 2261 4097 (pag.
2281 4031 2431 4096 421),
2474 4033 2631 4082 x14o

241 4111 362 4176 (pag.
383 4113 534 4176 421),
573 4117 614 4159 K
635 4113 730 4160 546
767 4109 894 4176 (pag.
915 4111 1058 4170 412).
1100 4118 1140 4159 Ο
1163 4113 1258 4160 146
1293 4113 1425 4178 (pag.
1447 4114 1598 4177 413).
1638 4119 1678 4160 Ο
1701 4114 1797 4163 155
1834 4113 1961 4178 (pag.
1982 4115 2135 4174 413).
2174 4113 2311 4164 ⁶315
2343 4113 2473 4180 (pag.
2490 4115 2634 4179 421),

243 4186 264 4234 θ
297 4193 392 4246 317
433 4195 564 4260 (pag.
595 4194 743 4254 412),
780 4211 803 4241 ν
838 4193 936 4244 269
970 4199 1094 4259 (pag.
1133 4194 1284 4259 420),
1323 4213 1344 4255 ρ
1382 4195 1478 4245 212
1521 4199 1648 4260 (pag.
1685 4195 1838 4260 421),
1874 4201 1915 4258 φ
1950 4195 2046 4246 198
2082 4199 2216 4263 (pag.
2247 4197 2386 4261 420).

302 4277 358 4342 2)
397 4277 538 4326 Haud
571 4275 742 4326 inutile
775 4275 922 4326 fuerit
958 4276 1212 4326 contulisse
1249 4293 1438 4328 versum
1472 4283 1518 4327 Θ
1537 4277 1663 4336 878,
1700 4279 1778 4328 cui
1811 4278 2081 4344 graviorem
2109 4279 2255 4330 etiam
2286 4280 2546 4346 perniciem
2562 4283 2633 4330 at·

243 4357 352 4406 tulit
388 4359 550 4409 endem
585 4375 748 4408 causa:

664 4438 867 4502 γηθήσει
903 4441 1235 4504 προφανεΙο-ας
1271 4441 1467 4508 (ιι-»δῶν
1505 4439 1555 4500 ἔς
1591 4441 1773 4493 δοῦπον
1814 4444 2063 4503 ἀκόντων,
