3150 5000
578 269 714 337 266
1439 291 1713 342 umus
1758 248 2096 342 sosarnus,

577 456 882 528 πολλάκις
933 455 968 533 ἢ
1015 455 1436 538 καταπροδοὺς
1481 459 1595 534 τὴν
1644 457 1912 537 πατρίδα
1964 457 2070 523 καὶ
2119 458 2229 533 τήν
2274 457 2748 535 ἒμπιςευθεῖσαν
2782 459 2935 539 αὐτῷ

577 562 927 642 ςρατηγίαν
989 562 1250 644 ὑβρίσας
1270 611 1287 642 ,
1351 565 1641 644 εὐτυχεῖν
1704 564 1854 644 παρ’
1901 559 1985 638 οἷς
2033 565 2401 642 πολεμήσων
2446 563 2761 645 ἐπέμφθη.
2820 565 2937 630 Un-

577 669 807 734 denam
869 674 1170 757 cognorat
1229 669 1266 735 J
1271 671 1541 756 osephns
1598 669 1921 736 Romanos
1980 671 2102 736 sibi
2163 672 2421 739 veniam
2476 691 2611 736 esse
2658 669 2936 736 daturos?

576 774 721 841 Hoc
773 777 968 852 scire,
1015 777 1237 861 opinor
1259 823 1276 854 ‚
1320 776 1661 863 proditoris
1708 783 1825 842 est.
1896 775 2022 843 Sed
2070 775 2304 843 fidebat
2350 776 2613 844 fortasse
2660 797 2937 843 mansue·

577 881 800 947 tudine
857 887 921 946 et
979 881 1320 948 clementia
1381 882 1816 949 Romanorum
1840 931 1857 962 ,
1917 885 2031 969 qui
2088 885 2390 970 superbos
2435 883 2753 950 debellare
2794 884 2939 950 sole·

575 988 730 1054 bant
791 994 856 1054 et
915 1009 1168 1074 parcere
1229 989 1514 1056 devictis.
1606 990 1776 1055 Fieri
1837 995 2047 1075 potest
2112 996 2177 1056 et
2245 989 2491 1075 reliqna
2560 990 2935 1066 videbimus,

570 1094 738 1161 illud
799 1099 1015 1160 tamen
1070 1100 1334 1162 eventus
1380 1096 1629 1180 docuit,
1678 1094 2022 1184 magnifica
2066 1096 2259 1162 verba
2306 1095 2403 1161 ad-
2431 1095 2714 1162 nihilum
2760 1097 2937 1162 fuisse

573 1201 861 1286 redacta;
908 1221 1058 1267 nam
1107 1203 1162 1266 si
1209 1202 1364 1287 qnid
1409 1209 1657 1268 constat
1678 1251 1697 1280 ‚
1748 1202 1869 1268 hoc
1918 1207 2087 1268 certe
2133 1207 2380 1268 constat
2417 1223 2569 1268 eum
2603 1223 2717 1288 pro
2752 1205 2938 1288 patria

575 1311 845 1372 mortem
907 1311 1200 1392 oppetere
1266 1307 1564 1373 noluisse.
1660 1306 1804 1392 Ipse
1876 1307 2073 1374 tradit
2143 1308 2458 1393 quomodo
2527 1307 2937 1394 Vespasianus

572 1412 801 1477 vivum
855 1415 1092 1497 ceperit
1137 1411 1240 1476 τὸν
1287 1413 1858 1479 συνετώτατον
1906 1409 2061 1477 εἶναι
2105 1413 2397 1480 δοκοῦντα
2442 1419 2561 1478 τῶν
2606 1415 2935 1492 πολεμίων,

574 1515 736 1583 Bell.
783 1517 935 1583 Jud.
985 1517 1048 1583 3.
1102 1517 1162 1584 ¹7.
1207 1517 1270 1585 3.

663 1623 736 1688 In
786 1624 1112 1709 lotapatae
1157 1625 1482 1691 obsidione
1525 1629 1810 1712 primum
1858 1627 2093 1698 frustra
2133 1625 2355 1710 fugere
2402 1631 2667 1692 conatus
2708 1629 2932 1692 inerat:

572 1729 736 1796 Bell.
798 1728 948 1796 Jud.
1015 1730 1077 1797 3.
1138 1729 1200 1798 ’7.
1269 1731 1385 1798 15:
1449 1732 1555 1796 καὶ
1623 1733 1769 1798 τότε
1830 1733 2117 1806 Ἰώσηπος
2166 1733 2279 1810 μὲν
2326 1733 2435 1805 τήν
2483 1733 2665 1798 πόλιν
2710 1733 2813 1798 οὐκ
2857 1732 2931 1804 εἷς

573 1837 819 1918 μακρὰν
868 1835 1134 1913 ἀνθέξειν
1179 1838 1356 1918 ὁρῶν,
1406 1839 1467 1902 ἐν
1516 1837 1720 1919 ἀπόρῳ
1769 1839 1835 1904 δὲ
1880 1840 1990 1912 την
2037 1840 2258 1904 ἑαυτοῦ
2308 1839 2609 1921 σωτηρίαν
2654 1841 2707 1904 εἷ
2754 1837 2930 1915 μένοι,

573 1943 841 2023 δρασμὸν
904 1940 1050 2020 ἅμα
1111 1952 1236 2016 τοῖς
1299 1943 1576 2015 δυνατοῖς
1632 1943 2019 2022 ἐβουλεύετο.
2088 1943 2217 2011 Sed
2262 1944 2524 2011 consilio
2571 1943 2933 2030 deprehenso

572 2054 883 2114 retractus
929 2049 1135 2114 fuerat
1183 2050 1263 2114 ab
1309 2050 1644 2135 oppidanis
1689 2053 1872 2117 iratis
1920 2058 1984 2116 et
2032 2054 2110 2117 de
2156 2071 2271 2117 sua
2318 2049 2524 2118 salute
2570 2051 2931 2136 desperanti-

573 2157 712 2221 bus.
784 2153 1026 2221 Deinde
1078 2175 1301 2241 operae
1359 2160 1641 2242 pretium
1704 2165 1801 2224 est
1868 2157 2087 2224 audire
2104 2207 2122 2242 ,
2193 2157 2348 2243 quid
2418 2164 2639 2244 postea
2704 2158 2933 2223 fortiter

571 2262 809 2328 fecerit.
896 2261 1100 2348 Capta
1161 2263 1320 2332 urbe
1378 2283 1490 2348 per
1550 2263 1794 2330 medios
1853 2264 2067 2330 hostes
2131 2262 2417 2346 δαιμονίῳ
2478 2263 2596 2330 τινὶ
2660 2263 2932 2346 συνεργίᾳ

571 2365 960 2450 χρησάμενος
1007 2367 1175 2435 clam
1222 2369 1520 2435 omnibus
1563 2370 1696 2434 dux
1732 2369 1947 2436 desilit
1984 2371 2051 2435 in
2090 2375 2395 2455 puteum,
2434 2390 2710 2456 quocum
2734 2370 2933 2436 cohae-

569 2475 750 2539 rebat
803 2473 1135 2561 spelunca:
1199 2475 1286 2547 είς
1349 2498 1488 2540 τινα
1551 2475 1751 2555 βαθὺν
1816 2474 2081 2554 λάκκον,
2132 2470 2175 2559 ᾧ
2224 2475 2441 2543 πλατὺ
2488 2479 2793 2552 σπήλαιον
2837 2473 2933 2543 Bu}-

571 2580 807 2663 ζευκτο.
879 2579 1155 2647 offendit
1216 2582 1311 2646 ibi
1367 2582 1791 2669 quadraginta
1844 2582 2089 2650 nobiles
2148 2584 2355 2669 viros,
2418 2589 2535 2649 τῶν
2605 2584 2929 2661 ἐπισήμων,

567 2696 632 2754 et
677 2693 1146 2773 comportatum
1191 2688 1434 2765 fuerat,
1494 2688 1663 2773 quod
1711 2689 1792 2754 ad
1839 2692 2090 2755 victum
2138 2708 2249 2775 per
2293 2688 2769 2776 complusculos
2816 2688 2931 2752 dies

565 2794 849 2860 sufficere
887 2798 1151 2879 poterat.
1202 2791 1410 2858 Biduo
1447 2800 1590 2879 post
1627 2792 1862 2859 inclusi
1904 2796 2197 2861 homines
2235 2798 2447 2861 nescio
2490 2798 2672 2881 cujus
2713 2794 2929 2859 indicio

568 2900 1122 2985 deprehenduntur
1168 2903 1232 2964 et
1267 2898 1598 2965 Romanus
1645 2902 1992 2985 imperator
2037 2902 2247 2966 mittit
2295 2900 2455 2966 duos
2482 2902 2799 2985 tribunos,
2836 2898 2931 2983 qui

571 3005 690 3072 fide
753 3006 901 3073 data
960 3004 999 3071 J
1003 3005 1307 3091 osephum
1365 3006 1615 3091 prodire
1666 3006 1955 3090 jubeant.
2025 3006 2239 3093 Negat
2298 3004 2338 3071 J
2341 3006 2615 3092 osephus
2662 3011 2932 3071 metuens

569 3114 852 3179 hostium
919 3110 1282 3198 perfidiam,
1347 3112 1542 3178 donec
1606 3111 2026 3198 Vespasianus
2088 3112 2371 3192 tandem}-
2417 3112 2684 3179 tertium
2753 3110 2935 3175 tribu-

567 3239 724 3282 num
779 3220 987 3283 mittit
1035 3218 1450 3301 Nicanorem,
1499 3218 1795 3297 γνώριμον
1846 3220 1931 3300 τῷ
1978 3218 2249 3298 Ἰωσήπῳ
2298 3217 2403 3281 καὶ
2454 3218 2673 3294 συνήθη
2722 3214 2929 3281 πώλαι.

567 3322 715 3389 Jam
763 3326 829 3389 in
879 3344 952 3390 eo
999 3328 1094 3389 est
1139 3328 1214 3388 ut
1258 3344 1325 3388 se
1370 3322 1677 3389 Romanis
1702 3323 1935 3410 2tradat
1982 3330 2047 3389 et
2093 3323 2440 3401 ἀνάμνησις
2490 3324 2661 3405 αὐτῷ
2697 3328 2809 3389 τῶν
2842 3320 2931 3386 διὰ

571 3433 779 3502 νυκτὸς
843 3430 1070 3512 ὀνείρων
1132 3429 1520 3511 εἰσέρχεται,
1582 3431 1657 3495 δι’
1723 3426 1797 3494 ὧν
1846 3430 1875 3493 ὁ
1925 3414 2050 3502 θεὸς
2100 3428 2218 3501 τώς
2265 3454 2338 3494 τε
2382 3431 2741 3508 μελλούσας
2786 3450 2931 3505 συμ-

567 3538 764 3619 Φορδις
830 3538 998 3614 αὐτῶ
1059 3538 1499 3616 προεσήμαινεν
1563 3536 1864 3601 Ἰουδαίων
1928 3536 2033 3603 καὶ
2096 3536 2184 3602 τὰ
2250 3537 2385 3616 περὶ
2446 3535 2590 3610 τοὺς
2639 3534 2933 3613 Ῥωμαίων

569 3642 882 3721 βασιλέας
937 3640 1235 3720 ἐσόμενα·
1286 3635 1352 3714 ἦν
1400 3642 1463 3707 δὲ
1511 3641 1615 3705 καὶ
1668 3642 1801 3722 περὶ
1852 3642 2071 3721 κρίσεις
2119 3642 2349 3722 ὀνείρων
2398 3644 2603 3715 ἱκανὸς
2659 3638 2932 3720 συμβώλ·

569 3765 696 3815 λειν
760 3749 848 3813 τὰ
907 3747 1290 3828 ἀμφιβόλως
1355 3747 1472 3811 ὑπὸ
1533 3754 1641 3813 τοῦ
1705 3749 1838 3814 θεοῦ
1904 3746 2245 3826 λεγόμενα.
2299 3746 2465 3814 Sed
2533 3751 2933 3835 inopportune

568 3856 969 3921 intercedunt
1029 3854 1532 3923 commilitones:
1600 3853 1923 3936 φιλοζωεῖς
1989 3856 2247 3929 Ἰώσηπε
2296 3854 2401 3919 καὶ
2450 3860 2582 3935 Φῶς
2632 3856 2929 3932 ὑπομενεῖς

570 3962 710 4041 ὖρᾶν
771 3961 1016 4037 δοῦλος;
1074 3964 1150 4034 ὡς
1212 3959 1461 4041 ταχέως
1527 3960 1829 4028 ἕπε-λα’θου
1893 3966 2145 4027 σαυτοῦ.
2231 3961 2477 4028 Deinde
2521 3968 2666 4049 post
2710 3958 2929 4027 multas

570 4067 905 4151 ambages,
961 4086 1110 4131 nam
1171 4065 1326 4132 haec
1387 4069 1604 4135 omnia
1651 4088 1812 4153 quae
1859 4068 2139 4135 breviter
2184 4070 2437 4133 narravi
2460 4115 2476 4146 ‚
2524 4068 2693 4155 apud
2735 4067 2927 4152 ipsum

570 4171 609 4237 J
614 4170 921 4256 osephum
975 4192 1086 4257 per
1148 4171 1362 4256 plures
1406 4175 1675 4261 paginas
1722 4173 2019 4239 flebiliter
2065 4173 2507 4251 decantantur,
2565 4176 2763 4239 initur
2804 4189 2929 4236 con·

571 4277 788 4343 silium
837 4280 1156 4344 versutiae
1179 4332 1183 4335 a
1203 4280 1471 4345 minime
1521 4278 1829 4368 vulgaris.
1902 4278 2182 4346 Auctore
2226 4278 2265 4345 J
2270 4278 2535 4366 osepho,
2584 4298 2797 4345 omnes
2830 4274 2929 4360 qui

569 4384 638 4449 in
685 4388 866 4450 antro
911 4383 1143 4449 inclusi
1179 4385 1476 4472 jacebant
1518 4384 1681 4452 alter
1719 4386 1993 4463 alterum
2011 4435 2029 4470 ,
2069 4406 2257 4471 quem
2296 4406 2430 4453 sors
2468 4386 2923 4475 designaverat.
