3150 5000
1247 193 1679 245 nummu.
2526 177 2655 243 143
2768 196 2773 203 ·

267 361 379 430 καὶ
451 360 628 445 κρέας
650 384 668 401 ·
739 362 837 427 tbe
883 362 1026 451 fact
1089 361 1222 428 that
1280 362 1380 427 the
1433 365 1708 449 quantity
1766 360 1851 447 cf
1896 372 2055 427 meat
2094 365 2149 461 if
2194 372 2300 428 not
2342 363 2657 449 εροοιζίίοᾶ,

266 489 478 537 seems
538 474 607 535 to
668 466 844 535 show
909 468 1039 533 that
1101 467 1235 554 they
1279 467 1392 532 did
1433 475 1536 532 noc
1571 468 1723 556 sear
1768 468 1946 533 abusa
1990 467 2059 532 in
2102 468 2222 535 thie
2267 468 2425 534 item.
2474 465 2659 550 Quod

264 578 326 644 si
372 576 639 662 probare
687 574 994 657 ,voluisset
1039 580 1102 640 et
1148 573 1306 641 alios
1355 574 1525 641 locos
1569 572 1832 641 laudare
1876 575 2191 660 potuisset
2252 578 2317 641 et
2374 573 2493 641 hos
2546 575 2660 663 qui
2802 580 2807 587 ’

262 683 440 750 mihi
501 681 761 768 quidem
821 678 1010 749 valde
1056 680 1504 748 memorabiles
1549 701 1686 747 esse
1729 679 2031 747 videntur
2046 730 2063 764 ,
2113 685 2189 746 ut
2235 701 2381 748 vere
2426 680 2657 748 intelli-

261 812 386 881 gas
449 790 528 855 de
589 788 890 877 gustibus
947 807 1073 853 non
1135 786 1362 853 debere
1424 786 1758 874 disputari.
1808 783 2057 854 Caesar.
2103 785 2266 856 Bell.
2316 785 2488 857 Gall.
2522 784 2661 872 ¹VII

264 895 395 964 17:
444 892 820 982 Complures
868 894 1002 961 dies
1047 894 1292 960 milites
1338 893 1659 960 frumento
1706 905 2041 961 caruerunt
2086 898 2152 961 et
2188 913 2412 980 pecore
2449 914 2485 959 e
2521 892 2659 960 lon-

261 1002 720 1093 ginquioribus
783 1003 947 1069 vicis
1017 999 1239 1067 adacto
1311 1000 1553 1067 famem
1622 1006 2079 1068 sustentarunt.
2158 998 2363 1068 Tacit·
2424 999 2657 1068 Annal.

261 1109 462 1178 XIV.
526 1107 649 1174 23:
716 1105 993 1176 Corbulo
1037 1110 1478 1196 exercitusque
1522 1129 1637 1194 per
1680 1110 1960 1194 inopiam
2006 1113 2072 1175 et
2115 1107 2364 1175 labores
2409 1106 2661 1176 fatisce-

260 1217 424 1284 bant
438 1262 458 1295 ‚
506 1235 689 1282 carne
733 1215 1052 1300 pecudum
1098 1213 1466 1301 propulsare
1511 1214 1749 1280 famem
1792 1213 2035 1292 adacti3
2073 1235 2191 1280 nec
2228 1213 2540 1281 dissimile
2562 1218 2659 1282 est

263 1320 444 1409 quod
487 1324 702 1388 narrat
745 1319 1092 1407 Procopius
1138 1319 1216 1386 de
1262 1320 1431 1387 bello
1477 1317 1754 1387 Gothico
1790 1319 1853 1386 11
1890 1317 1978 1384 25
2019 1341 2082 1407 p.
2121 1318 2275 1387 249.
2325 1317 2453 1388 Sed
2488 1341 2660 1389 nunc

263 1429 534 1517 quidem
601 1447 790 1494 causa
857 1425 1336 1513 simplicissima
1399 1432 1526 1493 est:
1589 1428 1904 1493 nimirum
1963 1424 2363 1494 frumentum
2420 1428 2661 1496 servari

263 1539 520 1624 poterat
586 1533 834 1621 fuitque
903 1554 1125 1601 revera
1184 1539 1508 1600 servatum
1569 1534 1649 1601 sb
1713 1531 2043 1621 Spartanis
2057 1583 2073 1614 ,
2142 1555 2396 1604 carnem
2441 1539 2658 1604 autem

265 1662 524 1710 servare
569 1662 696 1708 non
740 1644 1052 1728 poterant.

358 1857 573 1925 Verba
615 1855 880 1923 'faciunt
938 1853 1398 1941 Spartanorum
1454 1853 1661 1942 legati
1721 1853 1822 1921 IV
1882 1852 1999 1923 1¹7:
2061 1855 2419 1937 Ἔπεμψαν
2488 1859 2660 1937 ἡμᾶς

266 1964 748 2044 Λακεδαιμόνιοι
800 2001 882 2014 --
935 1961 1283 2045 πράξοντας
1344 1958 1436 2027 ὅτι
1499 1960 1577 2028 ἂν
1627 1962 1772 2041 ὑμῖν
1819 1961 2131 2046 ὠφέλιμον
2178 1962 2239 2030 ὃν
2284 1965 2480 2031 ταύτὸ
2529 1966 2667 2033 πεί-

265 2076 467 2153 θωμεν
514 2071 620 2137 καὶ
670 2074 819 2149 ἡμῖν
869 2070 929 2144 ἐς
978 2070 1088 2147 τὴν
1138 2068 1464 2150 ξυμφορὰν
1507 2070 1587 2143 ὥς
1635 2069 1707 2135 ἐκ
1750 2075 1866 2134 τῶν
1912 2066 2225 2150 παρόντων
2272 2067 2499 2151 κόσμον
2535 2068 2665 2151 μοί-

261 2195 420 2250 λιςα
478 2176 687 2258 gabaa
704 2203 738 2261 ῃ
800 2175 1014 2263 orem,
1080 2176 1190 2243 sed
1254 2175 1421 2243 mihi
1482 2175 1741 2263 quidem
1801 2195 1929 2241 non
1991 2180 2280 2263 appetet,
2342 2178 2661 2264 quomodo

263 2287 426 2353 haec
497 2284 693 2353 verbs
757 2284 1130 2351 cohaereant
1145 2333 1165 2368 ,
1209 2284 1337 2349 nisi
1383 2303 1681 2369 reponam
1730 2308 1779 2359 μ
1798 2280 1825 2348 A
1843 2296 1884 2349 λ
1900 2297 1941 2348 λ
1957 2306 1985 2349 ο
2003 2306 2053 2350 ν.
2104 2280 2411 2371 Sequenti
2456 2287 2665 2372 capite

264 2392 574 2481 perplexa
633 2392 942 2457 sententia
1003 2398 1136 2456 est:
1201 2388 1454 2469 §adme-⁹
1517 2388 1594 2455 ἂν
1656 2389 1710 2455 01
1767 2393 2017 2455 τοιοῦτοι
2068 2389 2397 2462 πταίοντες
2443 2390 2547 2457 διὰ
2590 2392 2662 2461 τὸ

267 2501 358 2580 μὴ
423 2501 512 2580 τῷ
576 2496 902 2580 ὀρθουμένῳ
966 2497 1155 2564 αὐτοῦ
1203 2498 1553 2571 §resedam-34·
1601 2496 1961 2596 ἐπαίρεσθαι
2007 2500 2066 2562 ἐν
2114 2496 2199 2580 τῷ
2248 2497 2535 2580 εὐτυχεῖν
2584 2498 2663 2567 ἂν

267 2605 437 2686 μάλ
456 2631 476 2673 ι
496 2631 535 2675 ς
553 2630 595 2671 α
653 2603 1083 2671 καταλύοιντο.
1129 2603 1348 2692 Poppo
1394 2604 1663 2671 lectores
1708 2623 1855 2671 suos
1900 2603 2083 2670 iubet
2129 2601 2285 2671 haec
2330 2605 2526 2673 verbs
2568 2607 2665 2676 ita

267 2717 588 2801 accipere:
655 2714 852 2779 etiam
907 2713 1255 2777 minimum
1312 2709 1474 2777 tales
1518 2712 1646 2780 viri
1691 2709 1977 2777 labentes
2039 2708 2226 2797 (quod
2268 2712 2665 2797 participium

268 2822 634 2905 iunqendum
702 2842 831 2884 cum
898 2819 1068 2884 verbo
1137 2818 1565 2905 component),
1639 2821 1969 2903 propterea
2038 2816 2205 2902 quod
2272 2837 2400 2884 non
2459 2819 2662 2905 ipsius

265 2927 478 3016 (belli)
542 2927 934 2994 successibus
987 2925 1332 2992 efferuntur
1349 2974 1368 3000 ‚
1427 2926 1496 2991 in
1559 2923 1725 2990 bona
1770 2923 2182 3010 potissimum
2232 2922 2488 2992 fortuna
2532 2926 2661 2996 bel·

266 3035 412 3102 lum
483 3037 880 3120 component.
953 3031 1082 3098 Hic
1145 3036 1364 3099 autem
1426 3031 1552 3098 duo
1612 3033 1764 3097 sunt
1822 3050 1984 3118 quae
2038 3050 2147 3096 me
2191 3030 2362 3099 male
2404 3031 2663 3102 habent.

269 3140 572 3208 Primum
619 3161 956 3225 componere
1000 3139 1214 3204 bellum
1255 3138 1424 3225 apud
1463 3136 1910 3226 Thucydidem
1952 3143 2209 3204 tantum
2246 3158 2374 3205 non
2412 3160 2667 3228 semper

272 3249 545 3328 πόλεμον
594 3245 932 3314 καταλύειν
981 3245 1249 3326 dicitur,
1295 3266 1420 3312 non
1468 3241 1939 3312 καταλύεσθαι.
1983 3243 2227 3312 Deinde
2274 3265 2400 3330 quo
2434 3247 2663 3317 refero·

269 3376 420 3422 mus
459 3355 535 3422 ἂν
574 3353 958 3441 particulam
997 3356 1067 3419 in
1102 3351 1266 3420 illis:
1311 3353 1371 3418 ἐν
1411 3354 1495 3435 τῷ
1519 3354 1810 3433 εὐτυχεῖν
1834 3351 1911 3419 ἂν
1935 3354 2186 3432 μέλις-α
2213 3353 2665 3424 καταλύοιντοῗ

271 3461 699 3529 Prohibemur
743 3463 916 3527 enim
963 3463 1304 3527 verborum
1345 3459 1561 3526 ordine
1581 3507 1597 3537 ,
1633 3461 1973 3547 quominus
2009 3460 2474 3548 coniungamus
2513 3483 2661 3529 cum

273 3568 465 3636 verbo
535 3565 974 3652 καταλύοιντο,
1045 3585 1192 3632 cum
1263 3567 1715 3652 interpositum
1787 3567 1873 3631 sit
1943 3564 2318 3632 adverbium
2384 3565 2656 3643 μόλις-α.

275 3671 443 3754 Quid
499 3669 826 3759 superest?
888 3672 1136 3758 Nempe
1195 3677 1271 3738 ut
1333 3673 1712 3740 abiiciamus
1773 3674 2213 3758 importunum
2274 3675 2660 3743 vocabulum

273 3778 541 3857 μάλιστα.
609 3777 912 3859 Ἐλοὶχις’
977 3780 1052 3848 ἂν
1105 3817 1192 3830 —-
1238 3780 1300 3844 ἐν
1363 3780 1447 3862 τῷ
1514 3779 1801 3860 εὐτυχεῖν
1851 3776 1927 3845 ἂν
1976 3779 2425 3848 καταλύοιντοε
2472 3782 2658 3853 facile

275 3884 392 3951 hoc
450 3892 567 3953 est.
617 3888 851 3974 Accipe
895 3885 1168 3954 verbum
1215 3906 1339 3973 quo
1383 3906 1572 3953 sensu
1618 3885 1863 3952 dictum
1910 3890 2007 3953 est
2052 3887 2107 3952 οἱ
2153 3885 2423 3968 τύραννοι
2470 3913 2658 3958 κατε-

275 3990 543 4067 λύθησαν
561 4041 578 4074 ,
625 3992 659 4060 I
707 3992 791 4060 18
839 3993 1196 4080 itidemque
1243 3992 1431 4072 δῆμος
1479 4013 1663 4080 saepe
1713 3993 1949 4060 dicitur
1993 3992 2445 4066 καταλύεσθαι.

366 4200 592 4292 Capite
651 4205 768 4272 28:
845 4207 874 4272 ὃ
935 4205 997 4273 δὲ
1060 4205 1285 4279 Νικίας
1347 4213 1462 4273 τῶν
1524 4230 1597 4273 τε
1665 4204 2003 4282 Ἀθηναίων
2048 4231 2108 4274 τι
2156 4209 2661 4292 ὐποόορυβη-

273 4305 592 4386 ,σάντων
664 4314 725 4388 ἐς
787 4313 888 4381 τὸν
950 4311 1204 4382 Κλέωνα
1262 4309 1298 4382 δ’
1353 4337 1412 4381 τι
1474 4313 1542 4381 οὐ
1608 4312 1711 4382 καὶ
1777 4317 1909 4382 νῦν
1973 4321 2158 4398 πλεῖ,
2229 4317 2280 4384 εἶ
2330 4314 2533 4404 ῥᾴδιόν
2577 4341 2658 4401 γε
