3150 5000
1258 306 1600 356 ramnus.
2490 283 2624 354 383

512 474 723 539 Ἀλλά
770 473 958 554 δέκευ
1006 481 1272 555 μνιαροῖο
1318 474 1534 553 βαθιι
1548 497 1602 554 χ
1618 498 1649 554 ρ
1678 471 1954 538 άντοιο
2001 470 2280 605 τάπητος

600 581 839 647 ἐνδυτὸν
888 580 1130 646 εὐανθεῖ
1172 579 1451 664 πορφύρῃ
1497 577 1818 660 εἶδὸμενον.

237 688 283 753 i.
333 707 391 754 ο.
437 686 809 772 βαθυχριίου.

417 1047 549 1120 Τὴν
596 1045 885 1128 τριτάτην
931 1048 1207 1130 χαρίτων
1253 1048 1367 1112 ἆτ’
1414 1047 1567 1124 ἐμεῦ
1616 1046 1776 1113 πάλι
1820 1045 2124 1128 λάμβανε
2169 1045 2435 1126 βύβλον,

510 1161 790 1235 Καῖσαρ,
839 1154 1271 1235 ἱσηρίθμου
1319 1154 1640 1232 σύμβολον
1687 1154 2064 1240 εὖεπίης,

419 1266 642 1331 Νεῖλος
692 1255 851 1334 ὅπως
900 1261 1005 1326 καὶ
1054 1260 1232 1336 τήνδε
1278 1260 1351 1326 δι’
1392 1258 1710 1333 Ἑλλάδος
1759 1259 2074 1327 Ξθύνουσαν

510 1375 587 1448 τῇ
634 1365 804 1446 χθονὶ
854 1377 932 1448 σῇ
982 1367 1225 1445 πέμψει
1273 1366 1444 1446 δῶρον
1492 1367 1874 1432 άοιδότατον.

233 1469 405 1538 Cum
452 1474 804 1539 certissima
847 1475 936 1538 sit
980 1473 1259 1540 Heckeri
1306 1475 1608 1539 correctio
1655 1476 1774 1558 (vs.
1804 1474 1872 1558 4)
1912 1473 2080 1554 χθονὶ
2123 1483 2199 1556 σῇ
2239 1494 2353 1559 pro
2377 1473 2586 1554 χθονίη
2607 1520 2624 1546 ,

230 1576 509 1643 alterum
572 1580 1057 1645 hemistichium
1076 1627 1095 1658 ,
1157 1581 1226 1645 in
1287 1601 1411 1666 quo
1456 1579 1716 1646 nullum
1765 1587 2088 1666 praeterea
2132 1580 2436 1646 mendum
2491 1584 2622 1662 est,

231 1683 427 1750 efficit
474 1705 815 1750 numerum
866 1685 1041 1752 '7472
1058 1735 1073 1764 ,
1124 1687 1340 1771 itaque
1384 1689 1556 1752 iusto
1602 1689 1915 1754 maiorem
1936 1735 1952 1764 ‚
2002 1707 2153 1752 nam
2198 1688 2378 1774 prius
2429 1682 2622 1751 efficit

234 1810 563 1856 summam
627 1789 824 1857 7372.
890 1791 1204 1873 Quoniam
1270 1813 1418 1859 vero
1477 1795 1675 1859 etiam
1737 1795 1806 1858 in
1853 1793 1972 1858 hoe
2021 1795 2239 1858 omnia
2284 1793 2622 1858 sanissima

234 1899 397 1974 sint,-
458 1917 583 1962 non
644 1897 830 1964 video
892 1917 1017 1984 quo
1078 1898 1204 1964 alio
1249 1899 1440 1964 modo
1487 1898 1818 1964 Lnonman
1863 1898 2043 1965 lusus
2091 1905 2394 1964 constare.
2419 1899 2620 1984 possit

236 2023 433 2088 quam
480 2005 538 2068 si
582 2007 900 2070 sumimus
948 2026 1097 2071 eum
1142 2005 1396 2083 στοιβῆς
1445 2005 1613 2078 δίκην
1659 2007 1998 2072 inseruisse
2043 2005 2457 2073 Homericam
2505 2024 2622 2072 vo—

236 2108 451 2175 culam
496 2111 891 2196 saepiuscule
939 2133 976 2177 a
1022 2109 1414 2178 versificibus
1458 2112 1842 2198 pleonastice
1889 2111 2171 2178 additam
2219 2118 2283 2177 et
2335 2109 2620 2176 dedisse:

327 2216 463 2289 Την
508 2217 801 2296 τριτάτην
846 2219 1120 2298 χαρίτων
1170 2219 1351 2300 <ῤ’>
1400 2220 1515 2283 οὖν’
1564 2220 1716 2297 ε’μεῢ
1765 2217 1924 2284 πάλι
1964 2217 2266 2296 λάμβανε
2306 2217 2570 2298 βύβλον.

236 2317 648 2388 Calculorum
710 2345 978 2390 errorem
1045 2328 1439 2393 commisisse
1500 2332 1755 2411 poetam
1815 2327 1882 2390 in
1947 2327 2410 2412 epigrammate
2432 2372 2448 2403 ,
2495 2343 2622 2409 quo

235 2426 613 2515 Imperatori
652 2430 904 2496 disertis
943 2432 1153 2498 verbis
1192 2430 1535 2498 artificium
1574 2453 1764 2497 suum
1823 2434 2180 2511 annuntiat,
2219 2450 2620 2518 nequaquam

234 2535 563 2619 probabile
609 2543 725 2602 est.

1234 2818 1455 2890 Cum·
1500 2818 1640 2889 VII.

322 3041 442 3129 Ep.
490 3042 558 3121 1,
612 3043 647 3107 1

596 3148 829 3230 Ἡρώων
873 3149 977 3213 τὸν
1023 3149 1234 3215 doaso
1276 3150 1385 3230 Ἵῳ
1433 3149 1514 3216 ἔνι
1564 3150 1786 3225 παῖδες
1831 3149 2108 3234 Ὅμηρον

598 3256 859 3335 ηκαχον,
907 3257 978 3320 ἐκ
1022 3256 1289 3336 Μοιρέων
1337 3262 1561 3338 γρῖφον
1615 3257 2012 3340 ὖφηνάμενοι.

235 3328 395 3427 'Pam
456 3364 766 3428 sententia
830 3382 1021 3447 quam
1072 3382 1326 3429 caesura
1374 3363 1643 3430 suadent
1687 3370 1762 3431 ut
1807 3366 2001 3433 verba
2047 3366 2115 3430 ἐκ
2163 3364 2436 3448 Μοιρέων
2472 3368 2620 3455 jun-

234 3488 465 3554 gamus
520 3470 734 3553 potius
798 3488 944 3534 cum
1008 3470 1393 3556 praegressis
1459 3490 1652 3554 quam
1711 3492 1859 3537 cum
1908 3473 2337 3557 sequentibus.
2387 3471 2617 3539 Trans-

235 3579 504 3657 ponatur
562 3576 768 3661 igitur
812 3572 1071 3660 virgula
1115 3577 1260 3659 post
1306 3575 1571 3655 Μοιρέων
1620 3574 1725 3642 vel
1760 3578 1974 3662 potius
2013 3580 2272 3645 omnino
2309 3578 2617 3658 deleatur,

236 3680 585 3745 arctissime
647 3681 818 3745 enim
868 3682 1197 3765 sequentia
1242 3680 1762 3764 praecedentibus
1810 3682 2161 3750 cohaerent.

180 3864 187 3871 ,
323 3784 564 3851 Eadem
598 3805 784 3872 opera
822 3784 899 3852 de
940 3785 1085 3852 aliis
1125 3787 1507 3872 quibusdam
1546 3787 1705 3855 locis
1751 3788 2085 3855 videamus
2130 3810 2461 3877 perperam
2479 3839 2496 3871 ,
2545 3798 2620 3857 ut

238 3890 400 3955 mihi
463 3892 723 3977 quidem
784 3892 1059 3970 videtur,
1124 3892 1463 3959 distinctis.
1526 3896 1605 3960 A.
1653 3894 1725 3959 P.
1780 3893 1894 3974 IX,
1949 3894 2032 3961 17
2082 3902 2320 3974 σιγῶ,
2369 3898 2618 3981 φθεγ-

240 3996 531 4076 γομένη
566 3997 905 4076 ’παλάμης
974 3996 1343 4082 δελξίφρονα
1402 4000 1680 4079 παλμόν,
1733 3996 1760 4079 ΙΙ
1810 4000 2072 4078 νεύματι
2130 4002 2622 4086 φωνήεσσαν

241 4103 743 4184 ἀπαγγέλλουσα
806 4106 1129 4181 σιωπήν.
1201 4105 1359 4172 Dele
1422 4105 1745 4191 virgulam
1805 4113 1949 4194 post
2004 4110 2185 4186 σιγῶ.
2235 4110 2310 4175 Α.
2361 4108 2437 4174 Ρ.
2487 4108 2616 4189 ΙΧ,

242 4203 367 4274 ’733
412 4210 552 4276 Τᾶν
596 4212 750 4290 βοῦν
795 4211 980 4278 τάνδε
1026 4212 1279 4299 Μύρων,
1331 4212 1499 4292 ξεῖν’,
1552 4210 1854 4293 ἔπλασεν,
1904 4210 1982 4279 ἂν
2032 4210 2133 4280 ὅδε
2172 4214 2410 4295 μόσχος
2463 4210 2489 4292 ΙΙ
2538 4218 2616 4290 ὥς

242 4312 432 4395 ζῶσαν
504 4319 737 4405 σαίνει,
800 4318 1047 4400 ματέρα
1109 4317 1483 4401 δερκόμενος.
1550 4318 1856 4387 Deleatur
1903 4320 2164 4409 virgula
2207 4327 2350 4408 post
2398 4320 2616 4388 σαίνει.

240 4418 323 4503 X,
371 4422 499 4491 116
548 4429 731 4509 „Oba
778 4424 871 4491 ἔτι
917 4427 1172 4513 γήμας,
1222 4423 1386 4502 ὅστις
1428 4428 1493 4493 οὐ
1532 4426 1952 4513 χειμάζεται”
2002 4424 2027 4509 ΙΙ
2079 4426 2334 4511 λέγουσι
2360 4428 2616 4513 πάντες,
