3150 5000
2526 250 2657 320 105

277 440 404 504 nias
457 440 600 505 haec
646 462 743 505 ree
788 442 1039 506 maxime
1083 466 1210 509 cum
1253 443 1553 509 Potidaea
1602 462 1933 507 consumere
1978 440 2165 525 coepit
2212 444 2311 505 et:
2369 440 2663 524 pecuniae

275 547 456 629 ἐρίων
493 546 603 611 hoc
639 548 804 612 modo
831 550 1094 631 primum
1131 550 1328 635 (quod
1354 549 1735 616 vocabulum
1758 598 1775 631 ,
1802 542 2033 625 π’ρῶτον
2052 595 2069 623 ,
2096 546 2432 633 praecipue
2455 553 2659 613 atten-

279 654 408 739 das)
455 655 716 719 consumi
761 663 994 738 coeptae
1037 664 1196 723 sunt.
1245 657 1388 723 Hoc
1428 658 1633 745 igitur
1671 655 1903 721 diserte
1944 660 2216 720 testatur
2251 652 2660 741 Thucydides

274 758 402 824 illis
467 762 862 845 temporibus
929 764 1077 847 (non
1145 762 1428 849 loquitur
1489 763 1566 829 de
1630 760 1943 850 singulari
2006 762 2190 843 anno)
2263 760 2546 826 thesauri
2593 764 2659 825 in

275 885 410 931 arce
457 870 810 932 maximam
857 875 1120 953 partem·
1147 870 1354 935 adhuc
1394 870 1704 953 adfuisse,
1748 874 1899 933 tunc
1934 867 2195 933 demum
2220 866 2487 933 delibari
2510 867 2659 933 inde

273 977 565 1058 coeptum
631 993 786 1039 esse.
859 973 1040 1054 Quod
1101 983 1413 1061 quantum
1481 982 1791 1063 congruat
1838 994 1985 1039 cum
2032 975 2115 1039 iis
2135 1020 2151 1051 ,
2200 993 2361 1058 quae
2402 972 2663 1039 aliunde

273 1076 604 1157 docemur,
654 1081 977 1166 imprimis
1023 1102 1101 1146 ex
1146 1083 1697 1167 inscriptionibus,
1753 1079 2104 1146 videndum
2150 1084 2265 1144 est.

359 1184 458 1249 Ex
521 1185 719 1251 altero
779 1186 920 1251 loco
982 1185 1373 1270 Thucydidis
1435 1187 1560 1274 (ΙΙ,
1614 1185 1766 1273 13),
1832 1186 1946 1251 ubi
2008 1185 2287 1251 ostendit
2348 1184 2625 1251 Pericles
2643 1232 2660 1263 ,

272 1311 434 1376 quae
496 1292 780 1357 subsidia
841 1293 1338 1359 Atheniensibus
1400 1293 1480 1359 ad
1546 1292 1715 1359 bella
1772 1292 2049 1381 gerenda
2106 1298 2349 1369 essent,
2416 1312 2666 1377 compe-

269 1400 475 1464 rimus
551 1396 666 1464 illo
743 1398 1005 1484 quidem
1060 1406 1344 1486 tempore
1405 1398 1534 1485 (01.
1600 1397 1722 1476 87,
1792 1398 1833 1461 2
1898 1398 2047 1464 anni
2110 1400 2323 1485 initio)
2391 1398 2665 1465 adfuisse

267 1504 334 1569 in
381 1525 526 1571 arce
573 1502 752 1570 6000
800 1504 1074 1588 talenta,
1139 1509 1224 1571 τα
1272 1516 1551 1571 πλεῖστα
1598 1512 1814 1571 tamen
1859 1504 2059 1570 fuisse
2102 1506 2459 1584 τριακοσίων
2509 1509 2661 1571 ἀπο-

267 1610 481 1676 δέοντα
545 1610 770 1688 μύρια,
839 1612 962 1693 ἀφ’
1025 1609 1102 1677 ὧν
1163 1612 1224 1683 ἔς
1288 1637 1361 1677 τε
1412 1613 1496 1676 τα
1546 1613 1905 1691 προπύλαια
1955 1620 2065 1685 τῆς
2118 1612 2503 1690 ἀκροπόλεως
2554 1611 2659 1676 καὶ

266 1713 490 1783 τᾶλλα
533 1716 999 1795 οἰκοδομήματα
1048 1718 1151 1782 καὶ
1201 1720 1261 1791 ἐς
1311 1718 1648 1783 Ποτίδαιαν
1694 1717 2089 1791 ἀπανηλώθη.
2162 1716 2305 1782 Iam
2359 1718 2515 1784 haec
2572 1724 2667 1783 ta·

266 1824 440 1891 lenta
489 1823 670 1891 9700
715 1844 840 1909 quo
887 1832 1175 1910 tempore
1219 1828 1287 1889 in
1337 1844 1478 1889 arce
1523 1802 1876 1907 adfuerint,
1903 1822 2089 1908 plane
2112 1828 2377 1895 constat.
2430 1820 2664 1909 Super-

267 1938 414 1996 sunt
472 1932 654 1996 nobis
722 1931 848 1997 duo
908 1931 1342 2018 psephismata
1387 1931 1540 2016 (nisi
1588 1951 1790 1995 unum
1840 1932 2055 2015 potius
2101 1931 2225 2017 est)
2245 1980 2262 2011 ,
2313 1932 2547 2015 quibus
2589 1929 2667 1997 dc

266 2044 400 2103 tota
461 2038 874 2123 pecuniarum
939 2057 1260 2103 sacrarum
1324 2040 1392 2101 in
1453 2057 1595 2103 arce
1656 2036 2205 2102 administratione
2252 2038 2667 2102 constituitur

266 2142 441 2229 (0.1.
472 2146 546 2208 A.
575 2142 646 2227 1,
673 2142 810 2229 32).
860 2143 1014 2210 Post
1061 2163 1174 2227 ea,
1222 2164 1384 2229 quae
1431 2143 1749 2229 praeclare
1796 2143 1873 2209 de
1920 2146 2002 2209 iis
2041 2144 2397 2229 disputavit
2431 2143 2666 2209 Kirch·

266 2249 502 2315 hovius
549 2251 638 2335 (in
687 2246 1049 2315 Comment.
1100 2251 1297 2316 Acad.
1344 2248 1509 2336 Reg.
1559 2248 1703 2314 Bor.
1754 2247 1835 2315 cl.
1882 2248 2029 2313 hist.
2083 2247 2241 2335 phil.
2296 2246 2475 2314 1864
2514 2271 2573 2335 p.
2621 2248 2664 2314 8

267 2376 416 2442 seq„
471 2358 836 2441 iterumque
884 2358 952 2420 in
1002 2354 1364 2423 Comment.
1415 2362 1631 2421 nostra
1677 2357 1827 2420 anui
1878 2352 2053 2421 1876
2093 2357 2419 2440 imprimis
2470 2377 2529 2441 p.
2578 2354 2664 2420 43

265 2464 424 2548 seq.)
475 2462 744 2528 dubium
793 2461 1050 2528 nullum
1099 2484 1234 2530 esse
1277 2468 1521 2548 potest,
1573 2461 1729 2548 quin
1776 2462 1943 2528 facta
1987 2462 2142 2528 haec
2190 2464 2319 2528 sint
2365 2481 2529 2530 anno
2593 2462 2665 2528 2⁰

266 2568 363 2637 01.
413 2568 505 2635 86
527 2621 546 2655 ,
607 2575 681 2635 ut
737 2572 1150 2655 pecuniarum
1197 2569 1458 2636 illarum
1505 2567 2155 2650 administrandarum
2205 2571 2405 2646 rati0,
2458 2568 2667 2654 qualis

263 2683 416 2742 tunc
467 2676 549 2740 ad
595 2683 796 2742 certas
843 2696 1096 2743 normas
1143 2685 1331 2761 atque
1371 2673 1629 2762 regulas
1668 2682 1889 2740 exacta
1927 2683 2054 2751 est,
2095 2674 2419 2741 observari
2444 2681 2665 2761 coepta

265 2782 350 2847 sit
394 2783 548 2848 inde
593 2784 673 2848 ab
719 2801 911 2860 ann0,
965 2785 1075 2868 qui
1115 2804 1264 2848 eum
1305 2784 1595 2867 proxime
1620 2781 2041 2866 sequebatur,
2068 2781 2662 2848 Panathenaeorum

263 2891 588 2995 maiorum
651 2888 748 2955 01.
801 2887 890 2954 86
941 2887 1000 2954 3.
1049 2889 1208 2955 ·Iam
1273 2889 1428 2954 haec
1476 2888 1727 2954 decreta
1771 2888 2114 2963 iubebant,
2160 2894 2233 2952 ut
2273 2888 2414 2953 Diis
2452 2889 2668 2954 debita

263 2996 711 3075 redderentur,
764 2995 941 3061 3000
990 2995 1261 3075 talenta,
1303 2994 1636 3061 Minervae
1676 2993 1807 3060 200
1834 2997 2098 3060 caeteris
2122 2991 2282 3058 Diis.
2334 2993 2542 3075 Quam
2584 2983 2679 3059 oh¹

262 3107 410 3169 rem'
442 3125 595 3170 cum
632 3103 888 3169 nullum
930 3103 1202 3168 dubium
1243 3124 1376 3168 esse
1413 3105 1647 3188 possit,
1695 3103 1849 3187 quin
1891 3105 2178 3167 maxima
2214 3101 2333 3169 illa
2373 3101 2670 3187 pecunia-

263 3229 408 3276 rum
459 3229 752 3293 summa,
783 3245 866 3258 --
911 3207 1090 3276 9700
1137 3208 1555 3287 talentorum,
1592 3245 1673 3257 --
1711 3215 1854 3294 post
1900 3207 2054 3274 haec
2108 3208 2371 3273 demum
2420 3207 2669 3272 reddita

262 3317 329 3380 in
369 3336 516 3382 arce
551 3314 835 3398 affuerit,
879 3315 1134 3382 affuisse
1160 3336 1302 3381 eam
1325 3335 1577 3380 necesse
1602 3323 1699 3380 est
1722 3322 1862 3400 post
1887 3335 2122 3380 annum
2150 3313 2298 3398 2⁰¹³,
2321 3313 2427 3380 vel
2451 3316 2667 3401 potius

263 3429 407 3506 post
451 3423 714 3486 initium
767 3423 916 3487 anni
963 3422 1026 3488 31
1072 3419 1332 3502 01.,86.
1380 3425 1474 3486 Ac
1511 3423 1649 3486 sins
1688 3421 1883 3486 dubio
1926 3421 2096 3486 haud
2138 3424 2234 3486 ita
2257 3419 2467 3486 multo
2492 3433 2667 3507 post,

264 3531 450 3613 quia,
515 3527 668 3594 licet
723 3527 864 3594 Diis
912 3549 989 3594 ex
1038 3531 1266 3594 annuis
1311 3527 1625 3593 reditibus
1670 3531 1847 3618 satis·
1872 3526 2117 3592 multae
2167 3527 2503 3612 quotannis
2551 3547 2664 3613 pe·

263 3639 490 3701 cuniae
536 3641 1000 3700 succrescerent
1019 3683 1034 3714 ‚
1100 3641 1315 3700 tamen
1363 3637 1500 3720 ipso
1547 3636 1769 3700 statim
1821 3632 1891 3698 3⁰
1938 3632 2037 3700 01.
2087 3631 2233 3698 86⁸⁰
2279 3653 2442 3700 anno
2490 3639 2555 3699 et
2600 3635 2669 3700 in

264 3739 446 3806 ἄλλα
506 3742 988 3820 οἰκοδομήματα,
1036 3747 1102 3807 et
1162 3744 1231 3806 in
1291 3741 1651 3821 προπύλαια
1702 3761 1779 3805 ex
1826 3739 1999 3805 Deae
2042 3738 2376 3806 Minervae
2425 3742 2667 3806 aera'rio

263 3869 534 3933 pensum
598 3854 714 3914 est.
787 3846 1145 3933 Supersunt
1208 3850 1380 3913 enim
1428 3848 1613 3914 nobis
1659 3847 2019 3934 frag-menta
2065 3843 2436 3913 tabularum
2482 3866 2660 3912 cura-

263 3960 480 4020 torum
547 3957 753 4040 operis
814 3952 1087 4020 alicuius
1151 3955 1391 4040 publici
1456 3951 1553 4041 (C.
1597 3953 1649 4019 I.
1699 3956 1776 4019 A.
1827 3952 1891 4031 1,
1940 3951 2135 4038 301),
2203 3955 2317 4038 qui
2364 3951 2665 4038 profiten-

265 4065 372 4126 tur
436 4080 509 4127 eo
572 4081 735 4128 suno
798 4081 834 4124 a
899 4062 1293 4126 curatoribus
1358 4059 1530 4126 Deae
1577 4062 1891 4145 accepisse
1938 4080 2005 4124 se
2052 4058 2387 4125 drachmas
2437 4057 2663 4125 25000

265 4166 336 4250 (4
389 4165 498 4232 tal.
563 4165 739 4231 1000
803 4167 1151 4253 drachm.),
1213 4169 1370 4232 item
1437 4167 1801 4254 fragmenta
1867 4163 2232 4230 tabularum
2298 4173 2667 4232 curatorum

264 4272 770 4360 Propylaeorum
837 4271 932 4358 (C.
984 4273 1038 4338 Ι.
1089 4276 1164 4338 A.
1213 4272 1279 4349 Ι,
1327 4271 1482 4356 315)
1509 4319 1524 4350 ,
1593 4274 1703 4356 qui
1773 4274 2087 4356 accepisse
2158 4291 2225 4336 se
2292 4269 2670 4356 profitentur

263 4378 488 4444 eodem
532 4401 696 4446 anno
744 4380 823 4445 ab
869 4380 1100 4446 iisdem
1149 4379 1587 4457 curatoribus3
1636 4397 1929 4444 summae
1976 4385 2191 4444 tamen
2242 4377 2542 4443 indicatio
2570 4379 2673 4444 in-
