3150 5000
66 1312 77 1873 Ι

62 2276 71 2848 *w-

1249 308 1571 360 uomus.
1628 344 1631 353 .
2444 235 2599 354 '411

406 474 780 563 fragmentis
827 474 896 541 id
941 494 1065 541 non
1109 478 1319 560 potest
1361 475 1618 560 probari
1662 492 1811 539 cum
1855 474 2191 561 ignoretur
2233 474 2565 538 contextus
2581 518 2601 555 ,

403 580 573 648 malo
617 579 772 648 talia
815 581 886 647 in
931 579 1143 646 medio
1187 576 1541 666 relinquere
1559 628 1577 660 ‚
1625 601 1706 649 ne
1752 580 1858 646 cui
1902 578 2173 645 calidius
2218 596 2429 644 meam
2469 578 2603 663 opi-

399 688 653 755 nionem
703 688 1034 753 defendere
1077 687 1313 754 videar.

317 790 491 872 ἄμμε
538 793 616 860 de
660 793 951 879 pluribus
969 841 987 872 ‚
1037 794 1258 862 eodem
1303 796 1511 883 igitur
1555 815 1745 861 sensu
1791 812 1917 880 quo
1959 792 2125 870 ἥμᾶς
2144 842 2162 877 ,
2187 791 2515 880 legeretur
2534 791 2603 857 in

236 898 538 966 Simonidis
583 901 858 987 quodam
913 903 1379 988 epigrammate
1426 902 1530 986 (fr.
1562 900 1741 985 100),
1776 902 1832 965 si
1855 898 2349 966 Valckenaerius
2366 946 2382 977 ,
2410 916 2601 985 quem

231 1001 536 1094 Bergkius
581 1008 901 1092 sequitur,
948 1027 1098 1073 vera
1137 1007 1214 1073 de
1254 1007 1373 1073 hoc
1409 1006 1550 1073 loco
1588 1007 1816 1073 fuisset
1842 1008 2221 1091 suspicatus.
2247 1004 2454 1090 Atqui
2475 1024 2603 1069 non

229 1108 367 1176 licet
417 1111 733 1179 Simonidi
784 1113 862 1178 de
909 1112 1271 1178 coniectura
1307 1112 1644 1179 obtrudere
1681 1110 2068 1179 vocabulum
2094 1131 2320 1197 parum
2345 1114 2421 1176 ut
2442 1108 2603 1177 vidi-

230 1236 362 1281 mus
405 1225 697 1285 accurate
736 1218 1139 1295 adhibitum;
1180 1226 1559 1305 quapropter
1600 1219 1805 1286 denuo
1828 1219 2260 1306 inspiciendus
2284 1224 2380 1282 est
2402 1216 2601 1282 locus.

228 1320 630 1411 Epitaphium
677 1331 773 1391 est
811 1322 1291 1392 Corinthiorum
1337 1327 1408 1391 in
1455 1346 1674 1413 pugna
1717 1324 2074 1391 Salaminia
2119 1326 2508 1391 occisorum:

641 1428 684 1496 ὦ
729 1430 879 1508 ξεῖν’
926 1430 1162 1512 εὔυδρόν
1212 1432 1354 1497 ποτ’
1404 1432 1683 1510 ἐναίομεν
1730 1428 1893 1497 ἄστυ
1947 1432 2264 1511 Κορίνθου,
2406 1512 2414 1525 ἡ

645 1544 744 1603 νῦν
791 1539 854 1605 δὲ
901 1542 1046 1617 μετ’
1095 1536 1359 1610 Αἴαντος
1409 1542 1589 1612 νᾶσος
1644 1536 1780 1621 ἔχει
1828 1536 2167 1617 Σαλαμίς·

223 1644 302 1709 sic
346 1644 520 1732 apud
563 1644 752 1710 Dion.
804 1642 1033 1732 Chrys.
1085 1642 1172 1713 37
1194 1691 1211 1723 ,
1261 1644 1392 1711 525
1441 1646 1712 1723 citatur,
1764 1651 2093 1731 corrupte,
2141 1650 2217 1710 ut
2253 1646 2465 1731 quivis
2502 1646 2601 1711 vi-

223 1749 350 1829 det;
413 1772 532 1818 nec
599 1754 814 1818 minus
877 1750 1148 1818 absurde
1209 1751 1380 1837 apud
1439 1750 1864 1818 Plutarchum
1911 1751 2080 1818 Mor.
2128 1748 2263 1817 870
2287 1760 2339 1818 E
2388 1754 2491 1816 νῦν
2537 1750 2601 1817 δὲ

220 1856 562 1934 ἄνᾶμοιτος.
609 1858 782 1924 Hinc
828 1859 1031 1946 igitur
1079 1856 1570 1925 Valckenaerius
1590 1906 1608 1937 ,
1656 1860 1983 1947 ingeniose
2029 1859 2310 1945 profecto
2356 1858 2465 1925 sed
2500 1860 2601 1925 ta-

220 1982 358 2029 men
404 1964 462 2030 si
509 1964 664 2049 quid
707 1962 896 2031 video
940 1984 1170 2049 parum
1215 1970 1420 2050 recte,
1471 1970 1570 2029 νῦν
1620 1964 1673 2027 δ’
1713 1964 1885 2041 ἄμμ’
1918 1964 2266 2053 legendum
2302 1984 2436 2031 esse
2460 1963 2603 2031 effe-

217 2072 332 2147 cit3
397 2070 695 2138 videmus
753 2075 972 2137 autem
1031 2071 1305 2136 minime
1366 2073 1607 2156 requiri
1649 2090 2015 2157 pronomen.
2087 2070 2333 2157 Ecquid
2378 2068 2601 2158 legen-

220 2174 366 2242 dum
411 2182 537 2243 est:
1868 2192 1875 2200 ·

645 2289 748 2348 νῦν
791 2284 977 2361 γαῖ’
1025 2281 1325 2362 Αἴαντος,
1371 2286 1551 2356 νᾶσος
1602 2280 1737 2364 ἔχει
1782 2280 2131 2364 Eunomia?

301 2388 544 2458 Contra
605 2389 744 2456 loco
789 2388 1126 2455 Pindarico
1170 2387 1429 2476 Olymp.
1482 2387 1560 2477 9,
1615 2387 1745 2456 160
1792 2388 2089 2461 ἅπαντας
2136 2388 2319 2469 ἄμμε
2364 2389 2601 2457 diserte

212 2493 454 2585 legitur
468 2547 484 2576 ‚
538 2504 603 2563 et
650 2500 744 2562 ita
783 2496 1043 2582 quidem
1081 2501 1157 2562 ut
1193 2517 1318 2562 non
1343 2495 1823 2564 sollicitandum
1849 2517 1983 2564 esse
2006 2496 2322 2564 videatur.
2369 2494 2596 2564 Altero

212 2625 354 2672 vero
421 2603 560 2671 loco
619 2604 734 2669 ubi
798 2601 978 2681 ἄμμε
1037 2602 1118 2668 ad
1164 2603 1376 2688 plures
1424 2603 1827 2672 referendum
1868 2610 1965 2670 est
2009 2603 2180 2690 apud
2222 2605 2563 2669 Pindarum
2578 2649 2598 2682 ‚

211 2709 397 2776 Nem.
451 2709 492 2775 6
512 2757 529 2788 ‚
583 2709 662 2775 11
685 2757 702 2788 ‚
752 2709 1160 2795 praetulerim
1213 2709 1633 2794 quorumdam
1675 2709 1990 2776 librorum
2026 2709 2366 2776 lectionem
2390 2707 2591 2790 ἄμμι,

211 2835 367 2900 quae
418 2815 596 2883 salva
641 2818 900 2902 syntaxi
945 2835 1142 2902 aeque
1189 2817 1348 2883 bene
1395 2816 1658 2881 admitti
1699 2821 1935 2903 potest.

293 2921 442 2989 Uno
488 2925 693 3010 igitur
737 2942 922 2988 versu
971 2921 1310 2988 Pindarico
1356 2927 1619 3007 excepto
1636 2972 1655 3007 ,
1717 2943 1751 2988 e
1796 2929 2083 3009 tempore
2128 2924 2387 3010 antiquo
2430 2921 2598 2990 nulli

208 3047 363 3112 quos
410 3027 669 3115 quidem
719 3031 1006 3094 noverim
1057 3027 1182 3094 loci
1227 3031 1470 3094 restant
1516 3028 1750 3113 quibus
1795 3027 1979 3106 ἄμμε
2025 3028 2103 3095 de
2148 3028 2442 3116 pluribus
2480 3030 2595 3096 ad-

205 3131 490 3200 hibitum
539 3137 643 3199 sit.
716 3135 814 3200 Ab
880 3132 1328 3200 Alexandrinis
1389 3155 1540 3201 vero
1604 3137 1808 3221 poetis
1870 3135 2209 3224 aliquoties
2261 3141 2595 3223 peccatum

206 3246 334 3320 est,
383 3261 616 3326 nempe
662 3263 700 3306 a
751 3241 1048 3305 Theocrito
1099 3239 1215 3318 10,
1272 3239 1359 3306 38
1407 3247 1473 3307 et
1522 3240 1641 3320 42,
1696 3263 1735 3308 a
1783 3243 2045 3316 Moscho.
2076 3241 2154 3320 3,
2208 3242 2373 3323 1033
2418 3242 2593 3324 5‚3‚

205 3347 281 3412 ab
330 3349 650 3434 Apollonio
699 3348 934 3412 Rhodio
979 3347 1014 3414 I
1064 3345 1231 3426 660,
1280 3346 1344 3413 11
1393 3345 1562 3434 892,
1611 3347 1699 3414 IV
1752 3348 1964 3429 1354,
2021 3349 2226 3429 1373,
2281 3349 2476 3417 1675.

291 3453 532 3521 Raram
580 3475 714 3520 esse
766 3473 986 3520 vocem
1032 3451 1217 3531 ἄμμε
1263 3455 1432 3541 apud
1474 3462 1693 3542 poetas
1740 3457 2235 3544 posthomericos
2274 3458 2593 3526 videmus.

203 3557 433 3628 Rarior
492 3563 689 3627 etiam
753 3566 849 3626 est
910 3561 1082 3638 ὔμμε
1104 3612 1123 3646 ,
1188 3582 1348 3648 quae
1409 3561 1616 3629 forma
1673 3585 1800 3629 non
1861 3565 1987 3630 nisi
2044 3585 2156 3631 sex
2215 3563 2371 3631 locis
2409 3584 2448 3630 a
2484 3585 2593 3631 me

204 3673 298 3732 est
347 3674 618 3754 reperta.
665 3663 753 3733 Et
797 3673 968 3733 recte
1014 3668 1273 3753 quidem
1321 3668 1398 3734 de
1447 3668 1694 3734 duobus
1742 3667 1911 3735 diota
1948 3670 2118 3755 apud
2158 3671 2485 3755 Sophoclem
2522 3671 2593 3736 in

203 3770 534 3861 Antigone
579 3795 673 3839 vs.
701 3771 868 3849 846,
919 3773 1087 3858 apud
1135 3775 1470 3840 Pindarum
1517 3773 1779 3863 Olymp.
1808 3777 1880 3860 8,
1909 3773 1993 3840 19
2034 3782 2099 3842 et
2137 3775 2371 3843 Isthm.
2401 3778 2475 3855 5,
2501 3773 2589 3842 28

205 3877 284 3962 (si
335 3877 572 3945 ultimo
617 3879 738 3945 hoc
781 3878 920 3945 loco
965 3880 1302 3946 referimus
1350 3879 1524 3958 ὔμμε
1571 3882 1651 3947 ad
1694 3881 1859 3948 solos
1900 3879 2166 3948 Peleum
2198 3888 2262 3949 et
2286 3882 2587 3969 Aiacem,

203 3984 375 4068 quod
422 3993 678 4070 propter
721 4005 882 4050 vers.
913 3983 996 4050 36
1024 4007 1115 4072 sq.
1155 4007 1380 4052 verum
1425 3989 1693 4073 censeo).
1743 3986 1979 4057 Contra
2002 3989 2080 4057 de
2105 3988 2395 4075 pluribus
2418 3989 2591 4056 haud

203 4090 405 4156 semel
448 4091 690 4157 dictum
733 4097 831 4158 est
878 4093 956 4158 ab
1002 4091 1488 4160 Alexandrinis:
1536 4115 1573 4160 a
1627 4095 1931 4161 Theocrito
1972 4095 2049 4176 5,
2099 4096 2267 4186 145,
2306 4096 2388 4164 ab
2410 4099 2593 4184 Apol-

204 4197 366 4262 lonio
411 4197 644 4264 Rhodio
689 4197 752 4264 Π
800 4197 968 4285 637,
1013 4197 1112 4265 IV
1165 4197 1362 4268 1328.

2230 4537 2297 4598 27
