3150 5000
544 223 680 290 434
939 214 946 224 '
1429 266 1436 275 -
1561 242 1896 295 nummus.

539 408 740 474 rontis
797 407 1030 494 cymba
1087 410 1384 475 omnibus
1441 416 1505 475 et
1551 413 1756 496 poetis
1804 418 1869 476 et
1912 412 2265 497 pictoribus
2312 418 2409 477 est
2452 414 2719 477 ‘duorum
2763 411 2899 474 scal-

539 516 762 578 morum
817 514 1136 601 navicula’,
1200 521 1272 581 ut
1335 536 1482 580 cum
1543 514 1843 584 Cicerone
1904 517 2163 604 loquar,
2224 540 2417 604 quam
2464 520 2627 583 solue
2675 524 2741 583 et
2784 520 2900 582 sine

540 619 675 689 ullo
735 622 1088 687 ministerio
1149 624 1342 687 remis
1404 622 1705 709 impellit.
1776 624 2025 691 Diserte
2090 625 2208 691 hoc
2272 632 2540 691 testatur
2599 630 2735 711 ipse
2788 624 2901 688 Lu·

539 729 758 793 cianus
802 729 872 792 in
916 730 1124 814 primo
1172 731 1378 814 capite
1426 726 1798 797 Charontis:
1848 732 1969 809 ἐγὼ
2016 731 2079 795 δὲ
2126 732 2477 814 πρεσβύτης
2522 732 2597 796 ὢν
2634 732 2775 804 την
2818 731 2901 795 δι-

537 833 850 900 κωπίαν
899 833 1192 915 ἐρέττω
1241 835 1501 913 μόνος.
1553 835 1871 903 Similiter
1906 837 2185 903 Alcestis
2216 842 2281 903 in
2306 840 2681 925 cognomine
2704 835 2901 903 fabula

537 962 633 1011 vs.
682 940 850 1007 252:
899 942 1006 1022 ὁρῶ
1051 940 1398 1007 δίκωπον
1445 944 1552 1023 5ρῶ
1600 943 1942 1025 σκάφος.
2006 944 2147 1011 Iam
2195 945 2377 1011 vides
2422 966 2723 1030 quorsum
2766 944 2901 1007 haec

536 1047 834 1126 tendant,
881 1055 956 1113 ut
1004 1068 1117 1134 pro
1164 1050 1394 1122 ἑκάστη
1439 1048 1671 1115 Nostro
1718 1050 2017 1117 reddatur
2064 1051 2147 1115 ἐκ
2167 1050 2437 1133 ατέρα.
2512 1051 2669 1132 Quis
2720 1051 2901 1117 nescit

540 1154 693 1223 haec
737 1160 1041 1241 perpetuo
1089 1176 1126 1221 a
1169 1154 1448 1221 librariis
1495 1154 1833 1222 confundi?

628 1368 789 1435 Ibid.
855 1372 1032 1449 ἡμεῖς
1099 1369 1156 1434 δ’
1209 1369 1436 1435 οὐδέπω
1502 1369 1624 1435 οὐδ’
1673 1369 1889 1449 ὀβολὸν
1942 1371 2667 1449 ἐμπεπολήκαμεν.
2738 1364 2902 1434 Nihil

539 1478 774 1543 certius
832 1496 1025 1561 quam
1089 1480 1188 1554 ἠμ
1208 1491 1357 1542 πολ
1377 1478 1412 1554 ἡ
1433 1501 1470 1541 κ
1490 1501 1603 1555 αμ.
1624 1501 1698 1541 εν
1760 1498 1893 1543 esse
1956 1478 2379 1543 scribendum.
2452 1474 2549 1544 Cf.
2600 1500 2635 1543 e
2694 1474 2897 1543 multis

537 1585 735 1648 Arist.
782 1581 920 1648 Pax
965 1604 1058 1648 vs.
1109 1580 1274 1650 367:
1339 1584 1490 1649 ἀλλ’
1535 1585 1701 1651 οὐδὲν
1747 1582 2192 1659 ἠμπόληκά
2241 1606 2350 1649 πω
2400 1592 2465 1649 et
2510 1582 2705 1669 Soph.
2752 1582 2899 1647 Aiax

541 1688 709 1757 957:
773 1683 868 1770 ἄρ’
930 1688 1449 1766 ἧμπόληκαςς
1515 1698 1581 1754 et
1642 1692 1864 1777 Antig.
1934 1689 2143 1757 1023:
2212 1688 2801 1768 ἐξημπόλημαι
2848 1690 2901 1750 et

541 1794 1003 1873 ἀπημπόλα
1054 1795 1256 1860 tribus
1303 1794 1460 1859 locis
1507 1796 1678 1881 apud
1724 1796 2103 1881 Euripidem
2144 1794 2345 1882 (Cycl.
2374 1795 2542 1872 257;
2570 1796 2684 1861 Ion
2714 1791 2895 1863 13713

539 1900 766 1968 Troad.
818 1899 1000 1988 973).
1069 1899 1218 1967 Sine
1282 1903 1441 1967 vitio
1505 1904 1701 1967 etiam
1766 1901 2129 1967 Herodotus
2168 1901 2217 1969 Ι.
2272 1904 2339 1967 1:
2390 1902 2635 1966 πάντων
2686 1901 2897 1979 ἐξημ-

539 2023 744 2083 πολη
763 2006 964 2086 μένω
984 2031 1036 2071 ν.
1105 2006 1268 2073 Rem
1319 2004 1608 2073 conficiet
1653 2007 1973 2074 Lucienus
2022 2011 2190 2093 ipse,
2241 2010 2351 2094 qui
2388 2008 2589 2075 Mero.
2630 2006 2819 2075 Cond.
2850 2024 2891 2068 c.

541 2113 645 2179 24.
697 2114 1317 2193 ἀπημπόληκας
1368 2129 1433 2181 et
1477 2113 1649 2181 Piso.
1696 2140 1750 2179 c.
1777 2114 1899 2180 27:
1950 2116 2592 2201 ἀπημπόλησεν,
2632 2116 2889 2181 ubihaen

539 2224 812 2290 varietas
833 2221 1197 2287 'lectionum
1233 2220 1643 2287 aFritzschio
1666 2226 1957 2287 notatur:
2001 2224 2211 2300 άπεμ
2228 2222 2318 2288 πό
2329 2238 2516 2300 λησε
2554 2233 2635 2308 Ψ,
2684 2225 2879 2295 ἀπημ-

541 2332 909 2404 πώλησεν
979 2328 1239 2394 fortasse
1311 2336 1401 2405 T,
1475 2329 2091 2406 ἀπημπόλησεν
2161 2330 2293 2394 abc.
2366 2328 2439 2394 In
2500 2328 2655 2395 Tox.
2720 2350 2771 2394 c.
2819 2318 2881 2389 28

542 2438 1208 2515 ἀπεμπολῶντας
1278 2435 1387 2498 vix
1431 2432 1687 2501 salvum
1735 2438 1939 2502 evasit
1986 2455 2099 2522 pro
2145 2454 2252 2512 eo.
2304 2435 2473 2521 quod
2518 2434 2629 2500 alii
2682 2434 2893 2501 codices

541 2543 844 2610 exhibent
887 2543 1616 2620 ἀπεμπολοῦντες,
1656 2543 1791 2608 sive
1832 2545 2083 2634 turpius
2108 2544 2305 2608 etiam
2346 2542 2897 2619 ἀπεμπωλοῦν-

541 2676 581 2716 τ
599 2676 628 2716 ε
648 2676 698 2723 ς.
747 2649 936 2737 Apud
981 2648 1237 2714 Isaeum
1283 2646 1398 2712 XI.
1450 2645 1538 2712 43
1587 2667 1805 2712 omnes
1852 2647 2004 2712 libri
2050 2647 2209 2714 Mss.
2250 2651 2610 2734 conspirant
2648 2649 2713 2714 in
2736 2648 2897 2714 vitio·

541 2759 861 2824 sissimam
908 2757 1322 2842 scripturam:
1375 2753 1445 2832 ἐξ
1491 2751 1568 2818 ὦν
1617 2753 2145 2828 ἐνεπώλησαν
2192 2757 2728 2838 τετρακισχιλίας.
2796 2751 2901 2818 Do-

539 2866 768 2931 braeus
814 2860 1324 2935 ἐνεπόλησαν
1371 2862 1687 2940 restituit;
1740 2861 2008 2929 debebat
2051 2861 2556 2940 ἠμπόλησαν.
2610 2917 2618 2922 .

631 2971 867 3038 Statim
926 2970 1250 3054 sequitur:
1307 2962 1448 3032 εἶτα
1499 2967 1526 3032 ὃ
1575 2967 1866 3033 Πλούτων
1914 2964 1981 3034 εὖ
2030 2963 2171 3032 οἶδα
2218 2964 2309 3034 ὅτι
2360 2969 2469 3045 ἐμὲ
2515 2969 2794 3050 ῥᾳθυμεῖν
2838 2967 2902 3029 ἐν

540 3076 774 3152 τόύτοις
825 3076 1240 3154 ὑπολήψεται.
1312 3073 1649 3140 Sententia
1696 3077 1998 3160 requirit:
2038 3083 2285 3158 propter
2328 3076 2505 3152 baec,
2543 3075 2639 3138 his
2676 3075 2747 3138 de
2782 3093 2903 3136 cau·

538 3189 658 3261 εὼς
721 3181 892 3269 quod
951 3180 1354 3248 scribendum
1401 3185 1570 3244 erat:
1639 3181 1771 3244 ἐπὶ
1818 3181 2071 3251 τούτοις.
2142 3179 2236 3246 De
2282 3181 2401 3247 hoc
2446 3201 2567 3246 usu
2614 3178 2902 3265 praeposi·

537 3292 735 3356 tionis
796 3289 942 3357 vide
990 3309 1151 3374 quse
1195 3285 1661 3352 Herwerdenus
1710 3288 2039 3352 annotavit
2086 3286 2165 3352 ad
2212 3286 2531 3352 Iudicium
2582 3285 2907 3352 Vocalium

541 3417 676 3482 cap.
729 3394 772 3462 2
820 3393 1093 3482 (Mnem.
1144 3391 1282 3459 Vol.
1331 3390 1467 3457 VII.
1516 3414 1578 3479 p.
1628 3391 1810 3478 211).
1884 3390 2103 3458 Obiter
2166 3393 2389 3460 eodem
2452 3393 2680 3459 mendo
2726 3393 2909 3458 libers

542 3503 978 3589 Xenophontis
1026 3497 1488 3586 Cyropaediam
1539 3503 1605 3565 in
1652 3502 1985 3566 notissimo
2026 3497 2162 3566 loco
2203 3499 2279 3564 de
2316 3497 2487 3586 cyro
2511 3502 2679 3564 inter
2702 3517 2909 3585 pueros

537 3613 819 3677 rixantes
882 3608 1271 3674 decernente.
1340 3606 1761 3693 Posteaquam
1827 3613 1901 3671 ut
1946 3605 2139 3671 iudex
2184 3608 2564 3672 seutentiam
2613 3605 2799 3690 tulit,
2844 3605 2906 3668 ἐν

540 3715 733 3797 τούτῳ
773 3739 886 3792 με,
933 3716 1178 3800 inquit,
1229 3711 1481 3778 ἔπαισεν
1528 3713 1554 3776 ὅ
1604 3712 1995 3785 διδάσκαλος.
2046 3711 2203 3792 Quis
2257 3732 2382 3777 non
2429 3711 2743 3801 intelligit
2788 3709 2905 3774 ἐπὶ

542 3822 734 3902 τούτῳ
796 3817 1073 3906 requiri?
1136 3818 1206 3884 Si
1253 3818 1545 3903 dubitas,
1604 3819 1858 3884 attende
1906 3819 1985 3885 ad
2032 3821 2320 3904 proxime
2354 3840 2749 3906 praegressa:
2790 3813 2905 3881 ἐπὶ

541 3935 660 4012 μιᾷ
711 3950 863 3992 ποτε
902 3926 1035 4008 δίκη
1083 3925 1342 4004 πληγὰς
1392 3922 1643 4002 ἔλαβον.
1712 3923 1809 3992 Cf.
1860 3928 2056 3991 etiam
2106 3925 2501 3992 Lucianeum
2546 3927 2612 4013 in
2661 3923 2907 3992 Somnio

543 4055 597 4100 c.
645 4032 724 4099 2:
771 4034 891 4114 ἐφ’
940 4026 1026 4106 οἷς
1072 4033 1250 4116 παρὰ
1295 4037 1415 4098 τῶν
1463 4031 1849 4098 διδασκάλων
1899 4032 2159 4110 πληγὰς
2210 4030 2590 4110 ἐλάμβανον.

635 4244 789 4334 Cap.
831 4245 889 4312 5.
942 4247 973 4310 ἔ
988 4247 1138 4326 πιβ
1157 4269 1200 4310 α
1217 4247 1241 4311 Ι
1257 4270 1330 4311 νο
1350 4271 1434 4311 ντ
1452 4271 1496 4312 α
1537 4244 1797 4312 ἕκαστον
1822 4247 2025 4312 αὐτῶν
2050 4247 2493 4324 διαγνώσομαι.
2542 4243 2751 4312 Immo
2776 4262 2909 4314 vero

546 4353 1171 4434 ἐπιβαίνοντας.
