3150 5000
1280 235 1604 288 nonnus.
1629 279 1638 295 ,
1867 211 1872 220 ’
2435 193 2443 203 “
2515 217 2649 288 357

228 402 497 468 Vocum
562 405 643 468 ἐνὶ
678 399 1025 494 ’μεγάροισι
1073 404 1459 469 combinatio
1507 403 1663 469 adeo
1708 409 1858 468 nota
1908 409 2004 469 est
2051 404 2413 470 Homerum
2459 403 2645 470 lecti-

223 510 567 586 tantibus,
638 514 712 574 ut
772 509 826 574 si
888 508 1042 594 quid
1100 511 1165 572 iu
1213 529 1288 574 ea
1333 516 1643 593 mutetur,
1694 510 2121 596 suspicionem
2171 517 2430 578 moveat
2473 513 2644 576 vitii.

222 615 381 681 Hoc
438 636 687 701 quoque
722 616 861 682 loco
902 619 1015 681 vix
1060 615 1330 680 dubium
1366 615 1625 682 videtur
1663 620 1815 702 quin
1855 620 2309 702 praepositioni
2334 618 2649 684 reddenda

219 723 314 786 sit
368 720 569 787 litera
615 721 821 788 finalis
840 772 853 796 ‚
905 721 1235 788 scribendo

1063 828 1307 908 κιχήσε’
1355 828 1437 893 ἐν)
1486 826 1839 908 μεγάροισι.

218 919 607 1000 Innumeris
654 935 782 1002 fere
827 935 984 1000 locis
1031 935 1091 998 ἐν
1138 927 1250 1020 pro
1300 936 1386 999 ἐνί
1424 938 1493 1000 in
1530 935 1954 1001 Homericum
1997 942 2252 1002 textum
2291 939 2546 1023 irrepsit
2573 936 2644 1023 1).

220 1038 339 1105 Sic
394 1061 456 1105 e.
482 1062 549 1127 g.
599 1043 795 1107 etiam
845 1057 883 1104 λ
936 1040 1066 1107 537
1113 1062 1227 1126 pro
1276 1044 1569 1120 γίγνεται
1607 1043 1669 1106 ἐν
1711 1042 1960 1123 πολέμῳ
2003 1043 2287 1109 Homero
2311 1047 2646 1110 restituen-

221 1146 397 1211 dum
454 1153 551 1212 est
594 1148 845 1226 γίγνετ’
896 1147 977 1212 ἐν)
1027 1147 1351 1228 πτολέμῳ,
1400 1155 1463 1214 et
1512 1148 1753 1213 Η-272
1803 1171 1926 1214 non
1969 1150 2180 1214 α’σπιδὶ
2229 1151 2645 1230 ἐγχριμφθείς

218 1261 324 1317 est
378 1251 733 1341 legendum
782 1255 921 1331 sed,
970 1261 1310 1339 praeeunte
1359 1254 1758 1331 Aristarcho,
1817 1256 2034 1321 ἀσπίδ’
2087 1257 2534 1338 ἐνιχριμφθείς.

320 1641 511 1724 Quae
575 1644 1090 1730 observavimus,
1152 1666 1389 1733 magna
1451 1667 1529 1712 ex
1575 1649 1756 1730 parte
1805 1664 1930 1709 non
1976 1662 2144 1709 nova
2189 1665 2326 1710 esse
2371 1645 2528 1724 scio;
2581 1649 2646 1710 et

223 1753 556 1816 maiorem
602 1754 833 1828 etiam,
884 1773 1075 1836 quam
1117 1754 1349 1832 sciam,
1393 1772 1614 1817 eorum
1658 1756 1906 1836 partem
1948 1750 2329 1816 iamdudum
2372 1771 2644 1836 occupa-

223 1863 369 1920 tam
443 1877 578 1923 esse
641 1876 1014 1942 persuasum
1077 1857 1305 1936 habeo,
1376 1878 1524 1923 cum
1590 1862 1816 1942 reputo
1878 1862 2113 1940 quanta
2179 1856 2496 1922 industria
2540 1857 2644 1922 his

227 1964 614 2046 praesertim
661 1965 841 2028 annis
890 1969 1105 2028 textus
1143 1961 1529 2030 Homericus
1570 1964 1767 2028 fuerit
1805 1983 2107 2028 excussus
2131 1959 2208 2042 ⁹).
2257 1963 2390 2028 Nec
2427 1968 2644 2028 tamen

226 2067 477 2134 inutile
530 2069 725 2134 fuisse
773 2073 1131 2136 accuratius
1178 2073 1244 2135 in
1293 2069 1457 2136 hanc
1504 2073 1938 2155 quaestionem
1990 2071 2340 2154 inquirere,
2393 2091 2644 2155 sperare

224 2172 390 2239 licet
406 2195 425 2252 ;
499 2176 686 2240 video
748 2179 918 2241 enim
977 2176 1082 2242 vel
1146 2179 1349 2254 vitoe,
1414 2198 1573 2262 quos
1631 2176 1937 2241 admirari
2001 2175 2254 2240 facilius
2300 2183 2397 2241 est
2442 2193 2636 2261 quam

228 2301 345 2366 pro
416 2285 672 2347 meritis
733 2281 1027 2360 laudare,
1090 2283 1426 2348 fallacibus
1489 2284 1592 2347 his
1655 2281 1878 2348 formis
1943 2281 2239 2368 deceptos
2286 2285 2354 2347 in
2403 2303 2641 2349 errores

226 2409 721 2473 nonnumquam
778 2390 1093 2456 incidisse.
1152 2389 1213 2454 N
1218 2389 1521 2455 auckium
1577 2388 1754 2466 dico;
1806 2389 1918 2472 qui
1965 2391 2020 2452 si
2069 2395 2286 2454 mente
2332 2390 2641 2456 tenuisset

228 2493 471 2584 legem„
503 2495 580 2562 de
627 2516 753 2581 qua
800 2497 1095 2584 agimus,
1133 2517 1259 2562 non
1297 2502 1668 2582 corruptum
1711 2497 2058 2561 censuisset
2095 2517 2353 2562 versum
2379 2506 2442 2561 Ψ
2470 2494 2641 2562 62οε

1424 2604 1489 2667 οὐ
1538 2603 1667 2682 γὰρ
1713 2598 1805 2667 ἔτ’
1857 2600 2043 2667 αὐτὸν

608 2708 731 2792 ὄψῃ
778 2710 839 2773 ἐν
884 2709 1241 2789 ’Λργεΐοισι.

233 2812 487 2904 Legere
546 2817 719 2882 enim
783 2817 1170 2903 proponebat
1225 2814 1409 2894 ὄψεαι
1468 2818 1531 2881 ἐν
1581 2823 1902 2881 Δαναοῖσι.
1955 2814 2164 2895 Quam
2207 2817 2636 2881 coniecturam

236 2924 359 2999 etsi
414 2926 686 2989 minime
748 2925 1155 2989 temerariam
1215 2943 1351 2988 esse
1410 2924 1479 2987 in
1538 2921 1928 3007 praefatione
1991 2920 2173 2987 Iliad.
2223 2921 2285 2986 II
2346 2942 2496 3015 pag:
2543 2940 2640 2986 ΧΠ

236 3031 553 3107 ostendit,
605 3029 790 3096 facile
838 3036 1053 3096 tamen
1098 3050 1173 3095 ea
1218 3030 1613 3107 carebimus;
1675 3049 1824 3094 nam
1867 3033 1943 3094 ut
1981 3031 2358 3095 restituatur
2394 3030 2638 3093 sincera

237 3132 449 3201 forma
492 3134 715 3222 ὄψεαι,
761 3136 927 3201 nihil
973 3137 1321 3221 requiritur
1366 3144 1614 3222 praeter
1660 3134 2027 3221 apostrophi
2073 3137 2369 3223 signum:

608 3242 745 3322 ὅψε’
796 3244 859 3308 ἐν
904 3242 1260 3322 Ἀργεΐοισι.

328 3344 458 3413 Vix
505 3348 754 3415 felicius
801 3370 901 3415 res
947 3351 1139 3415 cessit
1184 3349 1245 3414 N
1248 3350 1477 3415 auckio
1526 3346 1565 3427 ξ
1614 3345 1786 3413 443:

603 3453 760 3522 ἔσθιε
809 3456 1078 3533 δαιμόνιε
1125 3453 1363 3534 ξείνων,
1418 3456 1525 3520 καὶ
1573 3454 1791 3534 τέρπεο
1839 3453 2076 3530 τοῖσδε,

240 3576 391 3623 nam
441 3567 517 3626 ut
563 3562 763 3627 τοῖσδε
814 3561 1207 3638 emendaret,
1263 3562 1341 3627 de
1386 3563 1748 3628 coniectura
1794 3562 2122 3647 proposuit
2161 3558 2268 3625 καὶ
2320 3561 2541 3625 τρισί
2558 3560 2637 3624 δε

241 3687 279 3727 τ
298 3662 370 3743 ἐρ
388 3690 437 3730 π
456 3692 486 3732 ε
504 3692 558 3731 υ.
630 3666 890 3734 Poterat
956 3674 1205 3745 tamen,
1256 3667 1584 3752 aliquanto
1631 3664 1990 3751 simplicius
2009 3714 2027 3749 ‚
2078 3669 2143 3730 et
2190 3664 2454 3730 fortasse
2498 3686 2638 3750 pro-

244 3767 550 3838 habilius:

1432 3880 1536 3945 καὶ
1585 3878 1798 3958 τέρπεο
1848 3884 2089 3944 τοῖσι.

242 3977 362 4050 Sed
411 3990 664 4053 etiamsi
711 3988 829 4055 hoc
875 3988 1091 4054 minus
1132 3987 1414 4074 placeat,
1462 3987 1531 4050 id
1578 3985 1839 4070 quidem
1893 3986 2029 4050 iam
2078 3988 2365 4049 constare
2411 4004 2591 4067 spero
2614 4029 2632 4059 ‚

250 4132 294 4141 ..—

312 4206 357 4263 1)
390 4210 593 4259 Prorsus
625 4208 867 4259 contraria
899 4206 1057 4257 doceri
1091 4222 1119 4255 a
1152 4204 1388 4255 Larochio
1422 4204 1653 4253 Zeitachr.
1690 4204 1724 4253 f.
1760 4207 1874 4252 cest.
1915 4204 2086 4268 Gymn.
2128 4202 2256 4255 1876
2309 4218 2353 4267 p.
2391 4203 2491 4250 414
2537 4182 2633 4251 non

250 4290 412 4341 nescio.
462 4292 696 4357 Equidem
731 4286 808 4339 ἑνί
831 4296 881 4339 et
915 4288 1067 4351 προτί
1096 4288 1390 4337 restituenda
1421 4302 1586 4337 censeo
1620 4285 1772 4335 sicubi
1805 4302 1892 4351 per
1927 4290 2135 4335 metrum
2171 4286 2328 4334 liceat.

312 4370 365 4438 2)
398 4374 663 4425 christiam
698 4388 883 4424 mecum
916 4372 1070 4422 facere
1102 4387 1159 4420 ex
1192 4372 1293 4420 eius
1330 4370 1551 4420 Editione
1586 4368 1754 4419 Iliadis
1792 4368 1996 4435 (proleg.
2033 4385 2080 4435 p.
2121 4368 2220 4418 182
2252 4366 2348 4433 sq.)
2384 4366 2502 4423 vidi.
2531 4374 2538 4381 ’
