3150 5000
575 298 710 366 304
1640 319 1883 370 oroneo.

667 482 771 550 59.
846 484 1120 563 „Fuerat
1181 485 1444 552 fortasse
1501 483 1719 570 aliqua
1778 487 1943 551 ratio
2004 485 2353 551 maioribus
2414 484 2645 550 nostris
2701 485 2763 547 in
2818 479 2914 544 illo

573 610 716 656 aere
779 589 987 656 alieno
1039 591 1344 656 medendi
1358 638 1374 667 ‚
1443 612 1605 676 quae
1662 611 1867 677 neque
1925 590 2223 658 Solonem
2274 629 2359 640 —
2414 590 2665 677 fugerat
2684 635 2701 666 ‚
2741 606 2915 671 neque

571 701 714 782 post
760 695 1084 781 aliquanto
1131 701 1422 762 nostrum
1469 697 1821 763 senatum”.
1886 691 1907 706 ⁹

663 802 805 868 Non
861 803 1014 868 facit
1071 807 1292 868 auctor
1353 805 1777 868 coniecturam
1838 803 1917 870 de
1980 823 2088 887 eo,
2154 802 2321 887 quod
2376 803 2646 866 maiores
2688 819 2753 864 re
2790 817 2917 862 vera

573 911 868 986 moverit,
940 908 1050 974 sed
1111 915 1328 974 monet
1345 959 1362 993 ,
1429 909 1585 993 quid
1654 909 1857 974 facere
1926 909 2187 974 fortasse
2254 907 2490 973 melius
2559 907 2913 991 potuissent3

569 1017 880 1080 rationem
947 1015 1264 1100 quandam
1323 1015 1517 1080 fuisse
1563 1015 1720 1081 dicit
1766 1013 1987 1081 Soloni
2036 1013 2491 1100 (σεισάχθειαν)
2544 1020 2609 1078 et
2654 1018 2787 1097 post
2826 1007 2916 1072 Se·

567 1123 786 1204 natui,
850 1141 976 1206 qua
1037 1123 1136 1186 usi
1199 1123 1473 1186 maiores
1537 1127 1677 1186 tum
1746 1142 1869 1187 non
1919 1124 2049 1186 sint
2064 1141 2083 1200 ;
2132 1121 2239 1186 sed
2288 1121 2407 1186 hoc
2458 1125 2642 1197 „tum
2688 1115 2915 1184 oonsilio

569 1226 1051 1312 praetermisso”
1100 1226 1206 1311 (cf.
1255 1227 1448 1313 paulo
1495 1229 1665 1314 post)
1714 1229 2003 1294 tribunos
2066 1231 2457 1294 creaverunt.
2528 1223 2813 1290 Desidere
2862 1220 2919 1284 id

569 1332 736 1418 quod
785 1331 904 1397 off.
953 1331 1066 1396 111.
1118 1332 1206 1396 94
1252 1333 1544 1398 additur:
1597 1339 1875 1418 „quanto
1922 1335 2130 1398 melius
2174 1333 2381 1398 fuerat
2418 1334 2485 1396 in
2524 1331 2643 1395 hoo
2682 1329 2917 1414 promis-

568 1459 713 1504 sum
761 1440 960 1523 patris
1007 1459 1130 1504 non
1167 1459 1300 1504 esse
1339 1445 1663 1505 servatum
1687 1436 1739 1503 l”
1782 1439 2105 1505 Fortasse:
2148 1439 2395 1516 „fuerat
2436 1437 2697 1502 fortasse
2736 1434 2923 1518 aliqua

566 1546 731 1610 ratio
792 1546 1141 1610 maioribus
1203 1548 1432 1610 nostrin
1491 1547 1701 1610 melior
1764 1551 1894 1610 aeri
1947 1545 2153 1611 alieno
2200 1543 2553 1610 medendi”.
2622 1558 2827 1606 mmo
2868 1543 2923 1602 et

567 1668 810 1718 nmmos
869 1671 992 1716 non
1055 1672 1440 1738 magnopere
1493 1650 1857 1716 litterarum
1905 1652 2203 1717 ductibus
2250 1651 2503 1716 diversa
2549 1655 2727 1722 sunt,
2770 1665 2925 1730 prae·

569 1760 788 1823 sertim
853 1760 908 1821 si
970 1757 1124 1822 haec
1180 1778 1258 1822 ex
1311 1757 1645 1842 „capitali”
1691 1758 1903 1822 codice
1952 1759 2260 1842 descripta
2306 1761 2493 1839 sunt,
2542 1757 2613 1819 in
2661 1773 2779 1839 quo
2816 1771 2923 1815 non

565 1881 610 1928 R
673 1869 926 1927 tantum
993 1864 1094 1946 (ut
1153 1864 1230 1928 in.
1289 1862 1621 1948 Vaticano)
1682 1865 1793 1928 sed
1840 1866 2035 1928 etiam
2084 1881 2135 1928 u
2184 1862 2497 1948 ungulata
2544 1870 2667 1942 est,
2712 1862 2774 1923 in
2816 1875 2925 1940 quo

566 1990 797 2056 genere
859 1988 926 2034 m
987 1975 1052 2034 et
1111 1987 1197 2046 n,
1261 1987 1286 2034 1
1349 1977 1412 2034 et
1470 1987 1512 2035 1.
1575 1969 1761 2034 facile
1820 1971 2325 2046 confunduntur,
2392 1984 2613 2034 nmmo
2658 1975 2723 2032 et
2765 1977 2927 2028 mmo

566 2095 766 2160 paene
811 2083 960 2140 sunt
1005 2078 1174 2142 inter
1217 2096 1285 2140 se
1329 2075 1587 2142 similia.

661 2285 767 2353 67.
846 2287 1054 2364 „Tum
1123 2287 1370 2373 Scipio:
1437 2293 1627 2372 atque
1691 2291 1939 2352 utinam
2005 2308 2083 2353 ex
2145 2288 2323 2352 omni
2382 2291 2605 2350 senatu
2657 2303 2763 2368 pro
2804 2287 2929 2344 rata

565 2401 745 2478 parte
805 2401 968 2457 esset
1031 2393 1223 2476 (bella
1287 2394 1628 2478 prudentes
1676 2392 1957 2480 eligendi
2004 2395 2233 2477 copia).
2303 2390 2426 2458 Sed
2476 2397 2689 2455 tamen
2736 2397 2801 2452 ut
2840 2393 2931 2450 est

563 2498 677 2564 ille
714 2491 989 2585 prudens
1012 2548 1028 2577 ‚
1075 2504 1222 2585 qui,
1264 2508 1338 2566 ut
1377 2522 1564 2586 saepe
1602 2504 1667 2565 in
1704 2501 1921 2565 Africa
1960 2500 2275 2581 vidimus,
2317 2501 2590 2563 immani
2632 2506 2697 2561 et
2732 2502 2931 2561 vastae

563 2606 843 2671 insidens
892 2605 1115 2672 beluae
1163 2614 1404 2672 coercet
1451 2616 1516 2672 et
1561 2609 1732 2693 regit
1778 2626 2151 2691 quocunque
2196 2604 2366 2681 volt,
2420 2641 2502 2653 -
2552 2602 2681 2669 levi
2736 2602 2931 2667 admo-

567 2715 743 2783 nitu.
793 2732 916 2777 non
964 2714 1099 2777 ictu
1146 2712 1415 2777 inflectit
1461 2711 1645 2777 illam
1694 2714 1891 2777 feram
1947 2748 2029 2760 -—-
2080 2712 2250 2777 ὗσαί.
2294 2710 2466 2775 Novi
2502 2714 2595 2785 et,
2637 2710 2759 2774 tibi
2796 2726 2931 2771 cum

565 2839 767 2885 essem
830 2817 1120 2906 legatus,
1185 2838 1368 2902 saepe
1432 2818 1588 2884 vidi.
1680 2818 1839 2901 δαίμ.
1904 2817 2077 2903 Ergo
2142 2816 2255 2881 ille
2300 2814 2495 2881 Indus
2540 2822 2655 2880 aut
2698 2812 2931 2879 Poenus

565 2945 759 2991 unam
813 2930 1058 2989 coercet
1105 2922 1416 2999 beluam”,
1467 2922 1603 2987 relL

659 3028 764 3095 Sic
819 3030 950 3094 fere
997 3028 1206 3095 locum
1231 3076 1246 3105 ‚
1299 3028 1466 3094 male
1511 3031 1578 3093 in
1628 3028 1840 3095 codice
1890 3029 2198 3093 traditum
2223 3074 2241 3105 ‚
2287 3027 2629 3115 legendum
2680 3032 2932 3111 putave-

565 3138 716 3199 rim.
788 3133 1022 3198 Addidi
1087 3146 1156 3197 ut
1210 3140 1352 3219 post
1406 3136 1513 3199 sed
1571 3145 1801 3211 tamen,
1854 3135 2019 3219 quod
2070 3134 2307 3200 excidit
2354 3139 2501 3199 ante
2547 3140 2633 3198 eet
2682 3130 2935 3215 (similia

566 3260 754 3324 supra
819 3241 1072 3326 tetigi);
1136 3248 1279 3324 post
1339 3249 1558 3306 coercet
1614 3250 1669 3305 et
1730 3242 1882 3322 reqit
1948 3262 2093 3307 cum
2153 3232 2403 3306 Osanno
2449 3241 2677 3305 beluam
2726 3239 2930 3311 omisi;

565 3348 712 3431 post
764 3346 886 3409 voca
945 3350 1010 3409 et
1055 3346 1260 3431 feram
1311 3348 1615 3431 abruptae
1663 3348 1963 3412 orationis
2009 3349 2265 3433 signum
2317 3346 2532 3431 posni3
2580 3346 2736 3409 haec
2780 3346 2930 3409 enim

564 3452 970 3538 parenthesin
1015 3454 1340 3517 continent
1371 3454 1812 3537 interpositam
1854 3472 1891 3517 a
1930 3450 2223 3537 Scipione
2263 3452 2597 3517 dubitante
2616 3498 2632 3529 ‚
2670 3472 2825 3516 num
2850 3464 2934 3512 res

565 3562 720 3624 satis
761 3558 1159 3623 auditoribus
1199 3566 1349 3623 nota
1390 3561 1476 3623 sit
1495 3579 1512 3637 3
1555 3579 1668 3642 pro
1706 3559 1831 3621 ictu
1878 3558 2073 3623 codex
2112 3566 2280 3636 actm
2314 3556 2669 3625 Muellerus
2694 3555 2936 3622 coniicit
3067 3564 3068 3575 ¹

565 3688 636 3729 ac
670 3672 824 3729 nutu
861 3664 1002 3749 (pro
1043 3686 1160 3727 non
1201 3664 1381 3747 actu).
1437 3700 1519 3712 -
1571 3662 1877 3729 Dicturus
1924 3669 2061 3729 erat
2104 3660 2354 3748 Scipio:
2406 3668 2481 3728 ut
2520 3672 2729 3729 rector
2774 3660 2935 3727 illius

566 3770 790 3835 beluae
839 3770 1114 3855 prudens
1161 3776 1291 3854 est,
1340 3772 1430 3834 sic
1465 3770 1777 3854 prudens,
1818 3772 1929 3854 qui
1969 3790 2149 3834 suam
2190 3768 2605 3853 cupiditatem
2648 3765 2846 3833 simul
2878 3767 2933 3827 et

565 3874 838 3940 aliorum
881 3878 1009 3940 iras
1047 3881 1288 3941 coercet
1329 3878 1613 3941 civitatis
1636 3877 2042 3963 gubernator.
2071 3912 2153 3925 --
2182 3874 2645 3959 Interpolatum
2676 3894 2813 3939 esse
2830 3922 2845 3949 ,
2872 3872 2933 3932 ut

567 3984 798 4057 statui,
841 3982 1068 4044 beluam
1115 3980 1505 4066 probabilius
1551 3988 1647 4047 est
1692 4002 1884 4065 quam
1934 3982 2152 4047 omnia
2196 3981 2384 4046 haec:
2433 3987 2653 4044 coercet
2696 3988 2755 4045 et
2796 3973 2935 4055 roffi!
3067 4038 3068 4045 ,

569 4090 798 4152 beluam
839 4085 1280 4173 (Steinacker).
1331 4086 1627 4153 Similem
1654 4086 2207 4172 interpolationem
2234 4087 2427 4151 habes
2449 4084 2497 4150 1.
2526 4084 2650 4151 31:
2682 4087 2931 4163 „trium-

565 4196 723 4261 viris
761 4192 1264 4259 seditiosissimis
1311 4192 1553 4278 aliquid
1602 4195 1829 4259 cotidie
1876 4196 2026 4259 novi
2076 4191 2520 4268 molientibus,
2567 4192 2749 4256 bonis
2794 4185 2931 4253 viris

569 4298 1052 4387 [locupletibus]
1095 4298 1669 4382 perturbatis”.‘cs.
1718 4302 1913 4365 etiam
1960 4320 2151 4383 supra
2195 4297 2279 4363 52
2330 4301 2425 4375 „si
2482 4296 2658 4385 [quo]
2712 4286 2927 4361 modo”

566 4411 631 4473 et
679 4402 791 4469 ΙΙΙ.
845 4404 931 4470 14
983 4406 1371 4491 (Aegyptii).
1417 4443 1500 4454 —
1546 4405 1643 4470 Ad
1685 4412 1751 4469 ut
1788 4404 2039 4490 saepius
2088 4406 2431 4489 repetitum
2480 4404 2559 4469 cf.
2610 4402 2781 4468 Orat.
2834 4395 2925 4463 14.
