3150 5000
909 1104 1058 1194 AD
1113 1099 1728 1194 AMMIANVM
1782 1100 2569 1193 MARCELLINVM

1261 1299 1819 1375 ADVERSARIA
1862 1297 2214 1374 omnm

1578 1527 1860 1590 semen·

1323 1722 1384 1788 J.
1431 1721 1492 1788 J.
1541 1720 2146 1790 CORNELISSEN.

1604 2015 1853 2043 -Μ-

633 2259 815 2322 Anno
855 2255 920 2320 h.
946 2277 996 2321 s.
1039 2253 1254 2319 LXXI
1291 2252 1715 2319 Ammianum
1758 2255 1959 2320 edidit
1998 2255 2398 2323 Fammsovs
2434 2256 2955 2323 Erssnmmm‘r.

539 2362 602 2429 Is
642 2383 789 2428 cum
829 2363 967 2427 iure
1000 2359 1422 2426 intellexisset
1461 2359 1526 2423 in
1569 2366 1873 2428 contextu
1922 2363 2365 2428 constituendo
2412 2383 2735 2428 summam
2784 2383 2957 2428 auc-

541 2471 867 2535 toritatem
915 2466 1318 2533 tribuendam
1365 2485 1500 2533 esse
1543 2463 1761 2532 Oodici
1780 2516 1794 2543 ‚
1852 2466 2092 2533 Fuldae
2138 2488 2299 2535 saec.
2348 2467 2447 2535 IX
2496 2470 2729 2553 scripto
2749 2516 2768 2543 ‚
2814 2471 2959 2553 qui

539 2596 707 2641 nunc
789 2577 858 2639 in
927 2572 1328 2639 Bibliotheca
1399 2570 1707 2637 Vaticana
1778 2579 2140 2638 asseruatur
2161 2620 2177 2652 ,
2250 2575 2445 2639 huius
2518 2573 2667 2639 libri
2736 2572 2959 2663 long-e

539 2685 846 2749 maiorem
909 2687 1154 2767 partem
1205 2680 1275 2767 (i.
1319 2701 1374 2746 e.
1423 2679 1570 2745 inde
1619 2701 1658 2745 a
1698 2679 1896 2745 XVII.
1950 2680 2013 2747 2.
2066 2681 2143 2767 33
2189 2702 2339 2747 nam
2387 2703 2589 2768 usque
2633 2682 2711 2747 ad
2754 2682 2957 2749 hunc

539 2791 754 2857 locum
789 2788 1086 2857 .Vnnlovs
1132 2786 1451 2853 Komlm
1498 2783 1797 2852 Codicem
1846 2788 2233 2873 excusserat)
2280 2809 2428 2853 cum
2467 2787 2759 2874 exemplo
2795 2788 2958 2854 edi-

545 2900 735 2965 tionis
793 2896 1254 2982 Wagnerianae
1316 2892 1590 2959 contulit
1649 2896 1983 2981 uariasque
2048 2897 2186 2959 eius
2250 2894 2553 2960 lectiones
2614 2897 2678 2959 in
2722 2913 2955 2975 noua,

540 3022 730 3091 quam
805 3002 1106 3067 edendam
1178 3002 1463 3078 curauit,
1536 3002 1895 3065 recensione
1967 2999 2325 3088 euulgauit.
2406 3000 2961 3068 Erssmmnwn

541 3130 699 3195 opus
747 3111 856 3173 uix
905 3107 1153 3171 editum
1201 3111 1368 3189 erat,
1431 3126 1577 3169 cum
1626 3108 1693 3170 in
1740 3109 1951 3172 uarias
1996 3109 2346 3172 incurreret
2392 3106 2955 3192 reprehensiones.

539 3220 708 3285 Ante
771 3214 987 3279 omnia
1048 3213 1210 3276 uitio
1271 3211 1331 3275 ei
1395 3210 1616 3275 datum
1683 3217 1779 3276 est
1842 3212 2009 3296 quod
2054 3215 2122 3277 in
2170 3212 2334 3278 libro
2382 3211 2686 3279 Vaticano
2730 3232 2955 3279 excu-

540 3320 753 3387 tiendo
809 3323 984 3383 tanta
1031 3316 1439 3403 neglegentia
1485 3326 1777 3382 uersatus
1824 3325 2018 3396 esset,
2066 3326 2141 3383 nt
2187 3340 2265 3384 ne
2315 3318 2621 3384 modestis
2666 3316 2951 3403 quidem

538 3425 865 3494 desideriis
910 3425 1028 3489 hac
1074 3425 1143 3486 in
1190 3442 1257 3487 re
1303 3422 1713 3488 satisfaceret.
1762 3421 1943 3498 Quod
1981 3429 2229 3490 rectene
2270 3444 2349 3489 an
2388 3444 2568 3490 secus
2606 3424 2954 3492 obiectum

539 3537 624 3600 sit
684 3530 981 3617 equidem
1043 3528 1396 3593 diiudicare
1439 3548 1701 3614 nequeo.
1751 3531 1839 3594 At
1866 3577 1881 3607 ,
1930 3551 2079 3596 cum
2132 3530 2661 3596 Erssnnnaanrn
2704 3529 2955 3598 editio-

539 3660 686 3704 nem
749 3642 987 3702 scatere
1051 3632 1338 3699 uiderem
1393 3634 1646 3699 mendis
1693 3636 2178 3723 typographicis
2224 3636 2640 3714 foedissimis,
2690 3655 2953 3720 magna

539 3744 706 3810 mibi
762 3741 1082 3806 dubitatio
1137 3740 1358 3805 oborta
1410 3753 1538 3816 est,
1592 3762 1746 3805 num
1797 3743 2079 3820 homini,
2134 3743 2244 3826 qui
2285 3743 2353 3805 in
2400 3742 2953 3828 typhothetarum

539 3847 854 3917 erroribus
913 3845 1301 3933 corrigendis
1367 3850 1498 3911 tam
1563 3847 1907 3913 socorditer
1971 3850 2237 3935 egisset,
2304 3846 2491 3932 plena
2555 3846 2708 3913 fides
2762 3856 2951 3917 esset

541 3953 907 4031 tribuenda,
995 3953 1110 4017 ubi
1195 3948 1447 4017 Codicis
1532 3954 1743 4017 uarias
1809 3952 2059 4018 afferret
2122 3952 2448 4019 lectiones.
2537 3953 2751 4040 Magis
2820 3974 2947 4023 me

541 4062 798 4129 offendit
864 4058 1034 4144 quod
1101 4056 1345 4134 Editor,
1417 4066 1492 4123 ut
1561 4065 1657 4123 est
1726 4060 1791 4123 in
1864 4062 2083 4125 critica
2154 4060 2484 4125 tractanda
2551 4059 2941 4145 plerumque

537 4168 869 4244 infelicior,
933 4165 1102 4230 locos
1170 4162 1526 4248 complures
1592 4165 1930 4231 manifesto
2001 4166 2333 4231 mendosos
2394 4168 2630 4251 ineptis
2676 4168 2939 4234 coniec-

539 4258 700 4343 turis
743 4271 916 4337 haud
963 4290 1104 4335 raro
1155 4272 1573 4356 corruptiores
1622 4270 1921 4337 reddidit.
1972 4270 2181 4337 Bonas
2229 4291 2413 4357 porro
2461 4278 2525 4338 et
2572 4292 2753 4337 sanas
2798 4271 2941 4339 lec-

539 4387 742 4449 tiones
812 4399 936 4444 non
1005 4396 1238 4462 paucas
1258 4422 1274 4454 ,
1338 4394 1376 4443 a
1420 4375 1650 4443 multis
1695 4376 1898 4443 doctis
1948 4376 2244 4443 sollerter
2292 4380 2718 4465 excogitatas,
2765 4379 2947 4446 iniu-
