3150 5000
472 129 607 196 308
1528 151 1794 198 nonam

476 317 840 403 adscripsit:
913 314 1337 401 „Spectabant
1401 319 1593 384 etiam
1661 319 2054 383 contemtum
2123 319 2188 382 et
2233 315 2429 382 vilem
2477 319 2848 382 oratorem.''

565 422 673 488 28.
724 421 930 508 Supra
974 422 1144 487 hunc
1188 443 1449 488 versum
1496 425 1780 508 scripsit:
1839 422 2008 502 „Hic
2053 443 2216 508 pone
2259 443 2322 488 v.
2373 421 2458 487 65
2507 429 2574 487 et
2619 420 2731 486 66:
2775 421 2848 486 Si

472 551 697 597 verum
744 535 877 604 est,
926 527 1092 613 quod
1142 527 1301 594 dicit
1344 528 1813 613 Mimnermus,
1861 531 2009 595 vive
2054 531 2123 592 in
2169 549 2418 607 amore;
2467 530 2526 592 si
2562 534 2848 616 aegrotus

473 658 538 702 es
556 687 573 720 ,
622 655 851 721 quaere
896 633 1319 720 medicinam3
1368 638 1423 700 si
1471 642 1640 701 recte
1686 638 1785 702 vis
1829 637 2045 702 vivere
2064 682 2081 712 ‚
2131 654 2358 720 quaere
2408 633 2778 701 virtutem.”

559 739 675 808 29.
720 741 855 826 quis
901 742 1070 805 non?
1114 741 1229 825 qm?
1266 741 1439 806 non?

565 846 672 913 36.
720 847 977 912 Scilicet.
1024 845 1215 912 Forte
1260 846 1389 935 leg.
1439 848 1504 912 Si
1550 848 1714 912 libet.

564 952 673 1018 43.
737 953 973 1020 Scribit.
1036 953 1123 1018 At
1184 973 1308 1018 non
1371 954 1727 1022 scribebant
1787 952 2088 1038 epistolas
2147 955 2216 1017 in
2279 953 2451 1018 urbe.
2499 952 2630 1018 vid.
2679 951 2849 1017 Plut.

473 1063 539 1126 in
589 1059 872 1128 Caesare.
924 1060 1069 1126 Nisi
1114 1060 1219 1125 hic
1264 1062 1474 1126 scribit
1494 1110 1512 1146 ,
1562 1063 1712 1145 quia
1755 1060 2096 1146 praetori.”

572 1167 677 1232 51.
750 1175 919 1231 trans
952 1168 1243 1251 pondera.
1316 1166 1522 1233 Locus
1568 1167 1916 1252 requiritur
1959 1167 2200 1232 Romae
2223 1214 2238 1244 ‚
2289 1173 2460 1232 trans
2507 1187 2698 1252 quem
2745 1187 2854 1252 pe-

476 1273 823 1340 riculosum
886 1272 992 1338 vel
1038 1272 1325 1338 dextram
1372 1276 1801 1359 praetereunti
1848 1275 2190 1360 porrigere.
2237 1272 2570 1361 Ingeniosa
2616 1271 2854 1340 Gesne-

475 1402 605 1446 rus.
655 1378 779 1447 Sed
826 1379 1071 1465 pondus
1114 1399 1227 1465 pro
1273 1378 1649 1464 aequilibrio
1694 1383 1787 1445 ita
1833 1400 1958 1446 non
1997 1381 2275 1466 ponitur.

563 1485 701 1553 Vn.
759 1484 863 1550 10.
914 1486 1131 1551 illinet.
1186 1485 1370 1563 „Non
1416 1485 1645 1571 placet.
1686 1485 1904 1550 Esset:
1946 1505 2132 1574 agros
2170 1486 2429 1552 nivibus
2468 1491 2856 1571 corrumpet,

471 1595 660 1659 faciet
714 1592 1030 1678 sordidos,
1076 1591 1410 1670 humidos,
1463 1591 1818 1685 valetudini
1861 1599 2173 1657 nocentes.
2225 1591 2602 1678 Requiritur
2644 1591 2855 1674 aliud,

472 1721 535 1765 v.
585 1721 636 1765 c.
706 1700 1035 1783 imper-yet,
1103 1703 1179 1764 ut
1238 1701 1413 1764 notio
1473 1698 1730 1763 humidi
1791 1704 1856 1762 et
1915 1699 2162 1763 caenosi
2209 1696 2442 1763 absit.”
2491 1697 2699 1784 Supra
2741 1719 2854 1763 vv.

470 1805 675 1872 illinet
718 1807 883 1888 ayt-is
926 1807 1214 1891 scripsit:
1262 1805 1452 1884 mittet
1496 1804 1564 1868 in
1610 1827 1797 1886 ayt-oe.

567 1910 671 1978 18.
720 1911 997 1977 Obscura
1043 1911 1307 1976 dictum.
1359 1910 1485 1976 Pro
1530 1917 1730 1975 teneor
1769 1909 1945 1976 aliud
1981 1908 2328 1997 legendum
2367 1915 2431 1975 et
2467 1913 2666 1997 iunge
2703 1911 2858 1974 dono

469 2025 732 2083 cauetur.

568 2126 677 2190 21.
741 2125 1026 2207 iuyratoe.
1087 2122 1325 2191 Gratus
1388 2145 1511 2190 non
1558 2144 1694 2190 esse
1737 2128 1976 2210 potest,
2025 2125 2129 2188 cui
2175 2123 2339 2190 dona
2384 2125 2592 2188 invito
2637 2123 2858 2188 obtru-

476 2232 733 2308 duntur,
783 2233 888 2296 cui
936 2230 1172 2295 donans
1218 2231 1409 2295 dicit:
1460 2233 1516 2294 si
1564 2237 1638 2294 tu
1684 2229 1913 2296 habere
1959 2250 2082 2295 non
2129 2232 2230 2295 vis
2249 2275 2266 2307 ,
2313 2229 2474 2295 dabo
2521 2231 2745 2314 porcis.

563 2336 673 2402 24.
721 2336 795 2400 P.
862 2357 1115 2402 comma
1162 2337 1312 2421 poni
1358 2337 1537 2401 iubet
1581 2342 1726 2424 post
1769 2337 1947 2400 etiam
1991 2340 2056 2400 et
2099 2336 2294 2401 verba
2339 2338 2429 2400 sic
2473 2337 2856 2421 interpreta-

472 2449 612 2509 tur:
668 2444 1041 2529 „praestabo
1087 2463 1192 2508 me
1242 2442 1513 2531 dignum
1564 2440 1917 2519 beneficiis,
1966 2462 2077 2528 pro
2125 2445 2368 2508 ratione
2417 2463 2542 2529 qua
2587 2445 2732 2528 quis
2773 2441 2857 2507 de

472 2570 577 2616 me
622 2555 922 2616 meretur.
970 2548 1271 2615 Laudabo
1293 2598 1309 2627 ‚
1359 2551 1414 2613 si
1461 2547 1760 2614 beneficia
1805 2547 1916 2613 dat
1963 2569 2110 2613 cum
2157 2551 2415 2636 ingenio
2463 2554 2528 2613 et
2571 2549 2850 2624 iudici0‚

468 2677 594 2722 non
638 2662 714 2722 ut
758 2660 1031 2721 rusticus
1077 2655 1191 2720 ille
1236 2653 1521 2721 Calaber.
1568 2655 1700 2719 Hic
1745 2675 1850 2719 me
1897 2656 2128 2720 faceret
2171 2655 2540 2736 infractaml'

564 2762 669 2827 34.
734 2760 808 2828 Si
852 2783 959 2827 me
1005 2761 1283 2828 similem
1336 2767 1520 2847 putat
1564 2761 1901 2826 Maecenas
1949 2761 2066 2825 tali
2113 2759 2469 2839 nitedulae‚
2522 2768 2596 2828 ut
2641 2782 2858 2827 macer

468 2868 547 2935 ad
618 2890 767 2933 eum
833 2870 1094 2934 veniens
1151 2870 1411 2956 pinguis
1472 2868 1678 2932 factus
1737 2868 2054 2933 discedere
2117 2889 2240 2934 non
2288 2870 2558 2953 possim,
2609 2870 2855 2957 gratias

468 2994 590 3063 ago
659 2994 773 3060 pro
841 2974 1227 3040 liberalitate
1291 2982 1347 3038 ec
1410 2974 1527 3058 (sic
1591 2975 1812 3040 scribit
1875 2994 1988 3059 pro
2049 2982 2180 3052 nec)
2242 2974 2436 3040 laudo
2483 2974 2850 3060 simplicem

467 3101 679 3146 meam
728 3086 803 3145 ut
846 3079 1057 3165 plebei
1100 3081 1329 3145 vitam.

560 3184 667 3251 38.
730 3209 837 3251 nec
898 3186 1069 3250 verbo
1110 3186 1358 3273 parcius
1406 3188 1628 3251 absens.
1683 3185 2014 3265 Quomodo
2061 3188 2284 3252 absens
2329 3184 2552 3252 audit?
2597 3186 2848 3274 (Nudus

465 3291 737 3357 solvitur
800 3292 1128 3357 scribendo
1186 3314 1291 3354 nec
1336 3293 1517 3355 laudo
1552 3294 1806 3375 parcius
1843 3294 2086 3369 absone,
2133 3292 2301 3377 quod
2347 3295 2415 3357 in
2461 3293 2676 3358 codice
2721 3292 2850 3359 Va-

464 3396 613 3462 larti
633 3445 649 3473 ,
701 3396 913 3463 Guelf.
962 3396 1024 3481 3,
1071 3396 1263 3462 Dorv.
1312 3396 1356 3461 2
1402 3400 1734 3464 inventum
1785 3400 1928 3485 est).

559 3502 662 3568 58.
730 3506 860 3567 lare
905 3512 1079 3569 certo.
1132 3505 1433 3587 „parvo”.
1482 3504 1585 3587 (P.
1633 3504 1978 3570 Horatium
2027 3508 2121 3570 ita
2167 3507 2492 3590 scripsisse
2533 3508 2850 3571 iudicavit

462 3612 528 3673 in
577 3607 1029 3695 Mnemosynes
1076 3610 1201 3675 vol.
1252 3610 1319 3675 X
1362 3632 1423 3694 p.
1478 3609 1607 3675 160
1655 3617 1718 3675 et
1765 3610 1845 3675 ad
1891 3608 2102 3677 Carm.
2151 3609 2200 3675 1.
2245 3610 2350 3689 12,
2392 3610 2501 3676 43.
2549 3611 2674 3677 Sed
2713 3620 2844 3678 tam

464 3717 583 3781 hoc
647 3736 839 3801 quam
902 3718 1034 3779 lare
1090 3724 1291 3797 curto,
1354 3717 1521 3800 quod
1583 3716 1721 3783 Nic.
1783 3718 2052 3783 Heinsio
2095 3717 2384 3803 placebat
2427 3718 2844 3784 reficiendum

465 3828 593 3897 est,
646 3842 843 3906 quum
894 3823 1021 3887 iam
1075 3823 1320 3888 dictum
1372 3826 1457 3887 sit
1502 3823 1766 3889 Menam
1815 3824 2009 3889 fuisse
2055 3826 2224 3888 unni
2269 3826 2494 3911 cem).

555 3927 661 3993 83.
728 3952 801 3995 ez
858 3929 1053 3993 nitido
1098 3932 1187 4012 fit
1250 3930 1529 3995 rusticus.
1597 3929 1830 3994 Fuerat
1891 3931 2148 4014 quidem
2197 3932 2513 4008 urbanus,
2567 3932 2678 3997 sed
2725 3952 2844 3997 non

462 4034 725 4099 nitidus.
772 4032 1125 4099 Habitabat
1172 4038 1237 4099 'm
1285 4056 1481 4120 parvo
1528 4034 1688 4099 Lare
1703 4070 1738 4112 ‚·
1771 4039 2053 4121 proprios
2099 4058 2348 4123 ungues
2385 4044 2588 4115 secat,
2627 4039 2844 4104 vendit

463 4147 675 4205 scruta
732 4140 981 4226 popello
999 4188 1015 4218 ,
1082 4146 1147 4205 et
1214 4148 1350 4207 erat
1412 4142 1697 4206 moribus
1755 4146 2054 4207 rusticus.
2125 4142 2300 4208 Talis
2341 4146 2536 4208 homo
2557 4192 2577 4227 ‚
2625 4164 2844 4229 quam-

464 4266 658 4331 quam
706 4248 773 4311 in
819 4248 975 4311 urbe
1019 4246 1303 4332 habitat,
1350 4268 1475 4313 non
1512 4254 1611 4312 est
1645 4248 1912 4313 nitidus.
1957 4248 2178 4333 Neque
2225 4248 2468 4314 nitidus
2513 4252 2848 4335 opponitur
