3150 5000
575 210 709 281 368
1054 287 1063 296 ,
1548 231 1980 298 anrnonoeu,

570 403 747 468 Idem
796 401 913 467 VII
960 400 1091 468 40¹7
1140 410 1363 479 κοσμεῖ
1406 401 1575 468 male
1613 403 2065 488 interpretatur
2105 411 2315 482 ornat,
2356 405 2468 472 ubi
2507 404 2680 473 valet
2699 403 2926 482 τάττει,

569 508 847 589 ἐξετάζει
913 513 978 573 et
1040 506 1186 587 XII,
1254 507 1406 593 129,
1470 507 1511 572 3
1574 509 1652 582 ὣς
1714 507 1905 582 καλός
1967 508 2138 576 male
2187 514 2383 578 vertit
2428 519 2498 576 ut
2527 513 2795 596 pulcher.
2845 508 2928 577 Of.

570 616 657 682 ib.
712 614 862 694 130,
912 613 975 681 2.
1024 614 1158 680 Nec
1203 615 1291 681 ib.
1347 614 1497 700 134,
1546 614 1876 681 ἐλάνθανεν
1922 622 2018 682 est
2053 617 2223 680 nobis
2261 618 2506 697 insciis,
2549 618 2660 684 sed
2697 619 2814 682 sibi
2845 618 2936 682 σι’-τ

570 722 855 787 conscius.
917 720 1202 786 Pessime
1266 721 1441 786 idem
1502 719 1681 798 XVI,
1727 722 1836 800 41,
1888 720 1926 786 7
1994 721 2233 803 γραφὶς
2282 723 2492 788 reddit
2540 744 2693 790 voce
2735 725 2935 806 stilus,

570 849 718 894 cum
770 830 856 892 sit
901 829 1161 912 pictoris
1197 828 1528 910 penicillus
1554 877 1569 906 ‚
1621 832 1696 894 ut
1761 827 1942 922 XVI,⁸
1990 826 2139 902 178,
2190 836 2254 894 et
2299 851 2485 914 saepe
2530 839 2804 916 ponatur
2838 849 2938 915 pro

567 937 707 1019 ipsa
753 935 1009 1016 imaqine
1040 935 1231 1017 picta.
1280 933 1377 999 Of.
1428 935 1522 1000 ibi
1571 931 1680 1012 36,
1731 933 1792 998 4.
1843 933 1954 1019 45,
1995 932 2062 1000 2.
2106 933 2214 1019 77,
2260 935 2320 999 1.
2365 933 2474 1019 78,
2517 937 2578 1015 1,
2606 936 2668 1000 5.
2713 933 2856 1012 181,
2883 934 2939 1000 3.

566 1039 729 1106 Plus
774 1043 997 1106 veniae
1042 1041 1273 1106 habere
1317 1035 1577 1105 videtur
1623 1042 1690 1104 iu
1739 1040 2124 1106 subobscuro
2164 1043 2428 1108 Amnis
2465 1044 2938 1130 epigrammate,

567 1149 735 1232 quod
780 1147 1023 1236 legitur
1067 1153 1143 1214 A.
1192 1147 1271 1213 P.
1318 1146 1435 1231 IX,
1492 1145 1654 1212 144:

840 1255 1133 1334 Κύπριδος
1182 1250 1354 1327 οὗτος
1404 1255 1431 1320 ὃ
1478 1260 1707 1334 χῶρος,
1759 1253 1892 1318 ἐπεὶ
1943 1255 2129 1334 φίλον
2176 1251 2400 1321 ἔπλετο
2448 1255 2602 1340 τῆνςι

934 1363 1064 1429 αἰὲν
1108 1361 1227 1427 ἀπ’
1278 1361 1520 1442 ἠπείρου
1568 1363 1858 1442 λαμπρὸν
1905 1361 2041 1441 ὁρῆν
2087 1361 2412 1448 πέλαγος,

836 1467 999 1550 οΦρα
1048 1469 1232 1541 Φίλον
1279 1469 1542 1550 ταύτῃσι
1589 1477 1744 1550 τελῇ
1791 1467 2010 1534 πλόον·
2059 1469 2234 1549 αμφὶ
2283 1469 2349 1534 δὲ
2397 1468 2616 1545 πόντος

930 1575 1383 1652 δειμαίνει,
1432 1575 1692 1654 λιπαρὸν
1733 1573 2080 1655 δερκόμενος
2125 1573 2356 1652 ξόανον.

564 1686 817 1748 vertens
883 1683 1089 1762 „circa
1145 1701 1293 1746 vero
1338 1690 1569 1765 pontus
1619 1699 1864 1746 mansur
1911 1698 2028 1746 uos
2075 1680 2476 1766 splendidam
2521 1702 2788 1748 cernens
2835 1690 2949 1747 sta·

568 1787 815 1854 tuam.”
880 1787 1101 1873 Inepta
1163 1793 1377 1853 tamen
1438 1792 1501 1852 et
1562 1784 1955 1851 subridicula
2016 1789 2110 1852 ita
2155 1790 2440 1853 nascitur
2485 1792 2846 1867 sententia,
2893 1795 2952 1852 et

565 1893 787 1979 procul
834 1895 1026 1959 dubio
1071 1894 1253 1969 θῆλυς
1296 1894 1571 1973 Ὄμηρος
1620 1891 1813 1958 verbo
1860 1892 2189 1968 δειμαίνειν
2241 1893 2473 1960 tribuit
2520 1898 2656 1959 vim
2709 1897 2947 1960 intran-

566 2001 825 2065 sitivam
884 2001 1172 2086 dixitque
1234 1999 1624 2085 (turbidum)
1690 2020 1865 2064 mare
1925 2000 2098 2086 signi
2161 1998 2421 2064 Veneris
2467 1999 2620 2065 deae
2667 2005 2950 2066 marinae

565 2114 900 2192 conspectu
946 2109 1244 2172 territum
1294 2105 1546 2191 placari.
1622 2104 1806 2180 Quod
1851 2108 1982 2169 iam
2031 2105 2434 2171 intellexerat
2481 2105 2753 2173 Grotius
2803 2109 2947 2173 haec

564 2217 659 2278 ita
704 2213 969 2279 reddens
1020 2217 1080 2277 et
1124 2230 1380 2280 TRRMAT
1429 2213 1614 2295 ipsam
1667 2213 1691 2293 ΙΙ
1735 2213 1976 2296 effiqiem
2017 2213 2327 2295 pulchram
2369 2214 2507 2276 dum
2547 2213 2745 2291 videt,
2795 2215 2951 2277 unda

566 2321 767 2383 maris.
819 2318 1132 2385 Videlicet
1183 2321 1372 2385 vertit
1418 2316 1810 2383 Planudeam
1834 2363 1851 2394 ,
1891 2338 2052 2402 quae
2089 2318 2255 2382 mihi
2295 2318 2554 2403 quidem
2595 2321 2816 2403 potior
2858 2321 2949 2384 vi-

567 2425 786 2504 detur,
849 2424 1185 2491 lectionem
1240 2422 1425 2489 πλόον
1450 2447 1465 2463 ·
1530 2424 1704 2505 ἀμφὶ
1755 2423 1816 2488 δὲ
1868 2423 2080 2497 πόντος
2129 2425 2162 2490 δ
2184 2447 2316 2502 ειμ
2339 2424 2559 2505 αι’νη,
2609 2427 2743 2490 κτὲ.
2817 2427 2950 2491 Non

565 2530 692 2596 alio
756 2552 940 2597 sensu
1002 2533 1283 2617 poetriae
1336 2533 1628 2597 imitator
1672 2532 2048 2597 AN'mPA'rRR
2093 2533 2159 2595 in
2207 2552 2575 2619 praegresso
2622 2536 2949 2622 epigram·

564 2642 739 2703 mate
785 2639 907 2724 (vs.
958 2636 1025 2724 3)
1074 2640 1358 2724 scripsit:

1405 2742 1606 2825 πόντῳ
1653 2743 1779 2824 γὰρ
1827 2741 1927 2807 ἐπὶ
1975 2744 2192 2808 πλατὺ
2241 2744 2766 2821 δειμαίνοντι

1062 2852 1262 2931 χαίρω
1311 2849 1417 2915 καὶ
1468 2851 1727 2922 ναύταις
1775 2834 1860 2921 εἰς
1911 2851 2022 2927 ἐμὲ
2069 2850 2441 2931 σωζομένοις.

563 2958 676 3023 ubi
738 2960 971 3023 iterum
1037 2957 1205 3023 male
1234 2958 1575 3041 ‚interpres
1625 2956 1788 3033 „lace
1836 2956 2146 3023 terrenti.''
2195 2956 2413 3023 Unum
2461 2956 2729 3023 fortasse
2779 2957 2940 3025 haud

561 3062 880 3129 inutiliter
948 3062 1212 3140 addam,
1299 3062 1448 3147 quia
1511 3061 1683 3127 mala
1746 3064 2180 3145 interpretatio
2252 3083 2440 3128 causa
2508 3065 2768 3129 exstitit
2839 3084 2942 3128 cur

561 3170 749 3235 hodie
789 3173 855 3233 in
893 3168 1115 3234 lexicis
1155 3167 1419 3233 unicum
1458 3168 1754 3233 afferatur
1789 3167 2156 3253 exemplum
2203 3168 2444 3233 formae
2485 3168 2738 3234 mediae
2771 3170 2943 3236 verbi

567 3275 882 3357 ὥτενίζειν.
928 3276 1177 3360 Nempe
1223 3274 1463 3361 legitur
1508 3275 1586 3338 A.
1636 3274 1710 3337 P.
1759 3273 1930 3351 XVI,
1981 3272 2150 3339 204:

923 3378 1305 3461 Πραξιτέλης
1355 3370 1415 3443 ὃν
1466 3378 1718 3458 ἔπασχε
1767 3380 2156 3459 διηκρίβωσεν
2197 3379 2448 3460 Ἔρωτα

1012 3485 1081 3563 ἐξ
1130 3487 1279 3561 ἰδίης
1328 3482 1518 3550 ἕλκων
1566 3486 1918 3567 ἀρχέτυπον
1967 3486 2252 3567 κραδίης,

925 3592 1116 3674 Φρύνη
1160 3592 1369 3671 μισθὸν
1418 3593 1586 3671 ἐμεῖο
1633 3591 1825 3666 διδοὺς
1877 3592 2008 3670 ἐμὲ.
2062 3592 2298 3675 Φίλτρα
2346 3592 2410 3657 δὲ
2457 3592 2645 3657 τίκτω

978 3696 1211 3783 ,οὐκέτι
1258 3697 1536 3776 τοξεύων,
1585 3696 1741 3762 ἀλλ’
1790 3696 2401 3779 ἀτενιζόμενος.

558 3812 624 3871 et
684 3808 1182 3890 interpretantur
1236 3804 1383 3883 „sed
1424 3808 1643 3868 acriter
1688 3802 1977 3882 intuend',
2028 3803 2180 3870 licet
2227 3806 2356 3871 iam
2404 3801 2669 3871 Grotius
2717 3810 2938 3891 poetae

558 3918 843 3976 mentem
904 3913 1293 4007 perspexerit
1355 3916 1608 3976 vertens
1659 3926 1938 3987 „vmnon
1989 3915 2045 3973 ei
2087 3911 2284 3988 modo,
2333 3918 2431 3975 sat
2455 3910 2703 3996 ferio.”
2769 3910 2939 3992 Quae

558 4020 1035 4103 interpretatio,
1095 4016 1202 4082 vel
1264 4019 1320 4081 si
1383 4014 1765 4096 ἀτενίζεσθαι
1830 4037 1942 4101 pro
2007 4015 2302 4098 ἀτενίζειν
2369 4016 2496 4083 dici
2561 4036 2742 4103 posse
2789 4038 2936 4083 con·

556 4131 786 4202 staret,
850 4144 955 4189 me
1014 4122 1223 4189 iudice
1286 4124 1503 4188 tamen
1564 4126 1751 4188 unice
1805 4123 2126 4209 probanda
2186 4126 2366 4189 foret.
2429 4120 2766 4208 Cupidinis
2813 4122 2934 4209 sig-

555 4252 715 4297 num
802 4228 1167 4295 admirabili
1249 4235 1383 4294 arte
1458 4228 1788 4314 sculptum
1857 4249 1896 4294 a
1955 4228 2280 4295 Praxitele
2356 4230 2513 4313 quin
2585 4230 2937 4295 rectissime

556 4337 806 4405 dicatur
852 4358 889 4401 a
935 4335 1395 4421 spectatoribus
1463 4334 1846 4416 ατενίζεσθαι
1918 4335 2051 4401 noli
2122 4335 2416 4402 dubitare
2435 4382 2451 4414 ,
2519 4332 2932 4415 ἁτενιζόμενον
