3150 5000
536 261 667 329 384
1520 277 1928 326 mrnonoeu

534 447 638 510 καὶ
676 449 999 542 γαμοῦσιν
1046 441 1292 518 εἰδότες.
1364 441 1728 520 Verborum
1775 443 1928 509 ordo
1975 443 2346 529 legitimus,
2396 462 2589 531 quem
2635 439 2906 506 deserere

531 561 786 639 poetam
846 554 1099 618 numeri
1157 552 1500 638 cogebant,
1573 557 1672 616 est
1717 549 1827 614 οὐκ
1873 550 2040 616 ἔστιν
2085 548 2252 622 ὅστις
2299 552 2520 627 γήμας
2571 549 2636 613 οὗ
2682 543 2905 628 χειμά-

531 657 726 739 ζεται,
774 661 990 743 itaque
1036 654 1279 724 Graeca
1325 655 1589 722 demum
1637 658 1921 722 nascitur
1956 655 2186 734 oratio,
2231 655 2440 721 deleta
2476 653 2748 721 absurda
2784 654 2908 716 vir·

531 765 689 854 gula
726 771 867 850 post
906 766 1145 842 γήμας.
1192 761 1428 828 Poetae
1466 765 1699 828 comici
1741 783 1874 828 esse
1909 763 2102 829 verba
2139 763 2389 847 primus
2409 761 2580 828 vidit
2601 758 2908 825 Duebner.

532 871 849 938 Similiter
902 890 1056 935 mox
1102 867 1217 954 (X)
1268 890 1363 955 ep.
1420 867 1574 947 123,
1629 868 1668 932 5
1720 874 1958 955 temere
2008 866 2267 955 virgula
2310 869 2588 932 incisum
2636 870 2731 930 est
2769 867 2911 949 poet

532 979 743 1044 πάντα
784 982 849 1042 et
898 975 1051 1051 124,
1103 974 1143 1039 3
1191 983 1333 1060 post
1378 976 1662 1054 γαμετή.
1713 975 1952 1040 Locum
2003 973 2063 1038 X
2103 973 2258 1052 216,
2306 975 2347 1038 4
2387 973 2478 1038 sic
2500 975 2910 1056 interpunge:

521 1085 811 1149 Ἥλπισα
861 1082 1025 1146 τοῦτ’
1072 1080 1148 1147 ἂν
1192 1081 1312 1158 ἐγώ
1334 1101 1351 1160 ;
1406 1085 1432 1168 ΙΙ
1484 1083 1724 1159 ἤλπισα
1765 1087 1981 1166 τοῦτο,
2023 1081 2384 1166 Κράτωνι-η
2425 1079 2786 1157 μανήσομαι
2826 1077 2914 1158 εἶ,

528 1193 711 1263 λύκος
778 1185 933 1253 εἶναι
984 1191 1011 1273 11
1061 1190 1218 1253 πᾶσι
1278 1188 1501 1264 λέγων,
1570 1187 1770 1267 ἐφάνη
1840 1186 2132 1263 ἐξαπίνης
2199 1187 2420 1264 ἔριφος.
2488 1183 2713 1273 Vulgo
2778 1189 2918 1269 poet

531 1297 858 1378 Κράτητα-ε
906 1297 1164 1380 ponitur
1209 1293 1471 1379 virgula
1488 1341 1505 1373 ,
1551 1315 1676 1359 non
1724 1296 2155 1381 interrogandi
2203 1296 2460 1379 signum
2480 1341 2499 1376 ,
2542 1311 2667 1376 quo
2705 1295 2916 1354 tamen

532 1425 689 1489 opus
724 1409 852 1478 est,
895 1401 1045 1484 quia
1090 1402 1157 1464 in
1198 1419 1267 1463 re
1306 1419 1502 1484 paene
1540 1400 1902 1465 incredibili
1942 1402 2253 1484 repetitur
2289 1399 2598 1484 quaesti0.
2649 1394 2841 1464 orm
2866 1413 2918 1458 c.

530 1509 679 1587 XII,
744 1508 893 1572 141.
966 1505 1061 1570 De
1122 1503 1278 1570 locis
1340 1503 1484 1589 XII,
1553 1505 1679 1569 111
1747 1510 1811 1570 et
1874 1503 2042 1582 XVI,
2109 1503 2243 1570 273
2306 1504 2472 1568 infra
2532 1503 2917 1570 videbimus.

532 1617 821 1701 Denique
866 1613 1003 1678 loco
1049 1611 1196 1690 XII,
1243 1610 1377 1677 250
1424 1610 1712 1678 deleatur
1753 1610 2013 1698 virgula
2060 1617 2202 1697 post
2245 1608 2438 1687 ἄξιος.

624 1819 742 1907 Ep.
794 1819 900 1898 10,
951 1819 993 1883 4

952 1922 1388 2004 δευόμεναι
1437 1924 1654 2010 moal„
1705 1925 1978 2006 Θρηίκιον
2017 1924 2342 2002 πλόκαμον

503 2031 836 2098 ·dicuntur
898 2033 977 2096 ab
1038 2032 1261 2120 ignoto
1324 2039 1509 2117 poeta
1567 2033 1871 2099 Thraciae
1935 2033 2235 2098 mulieres
2298 2030 2546 2118 Orphea
2601 2030 2922 2118 lugentes.

534 2137 735 2203 Valde
794 2144 1159 2223 suspectum
1224 2143 1320 2203 est
1381 2137 1529 2202 δεύω
1595 2147 1972 2222 usurpatum
2019 2139 2097 2203 de
2145 2139 2310 2204 sicca
2357 2140 2658 2211 materie.
2715 2135 2923 2221 qualis

533 2251 629 2311 est
674 2244 907 2330 pulvis.
958 2244 1127 2309 Mihi
1173 2243 1432 2329 quidem
1481 2244 1646 2307 nihil
1688 2248 1900 2328 aptius
1945 2249 2256 2310 succurrit
2297 2265 2490 2329 quam
2542 2243 2919 2326 ῥαινόμε-

532 2375 700 2426 ναι,
750 2356 826 2415 ut
870 2357 965 2415 est
1011 2350 1178 2435 apud
1226 2348 1585 2415 Homerum
1634 2347 1808 2414 ἵπποι
1857 2351 2124 2431 ῥαίνοντο
2172 2353 2332 2433 κονίη
2383 2350 2459 2417 Il.
2509 2350 2604 2414 IX
2647 2347 2812 2416 282.

624 2566 742 2653 Ep.
794 2566 895 2645 12,
956 2568 989 2632 1

796 2676 981 2754 ’Άρτι
1028 2673 1440 2753 λοχευομένην
1485 2699 1555 2739 σε
1606 2676 2054 2751 μελισσοτόκων
2105 2676 2212 2758 ἔαρ
2259 2676 2494 2761 ὕμνων,

894 2778 1037 2861 ἄρτι
1083 2779 1145 2845 δὲ
1193 2783 1440 2861 κυκνείῳ
1487 2781 1930 2862 Φόεγγομένην
1980 2784 2289 2869 στόματι,

805 2887 1037 2962 ἤλασεν
1083 2888 1167 2957 εἷς
1215 2886 1558 2968 Ἀχέροντα
1608 2887 1740 2953 διὰ
1787 2889 2002 2953 πλατὺ
2047 2894 2220 2968 κῦμα
2268 2887 2590 2967 καμόντων

895 2974 1097 3073 Μόῒρα
1120 3040 1135 3071 ,
1184 2995 1588 3058 λινοκλώστου
1635 2994 1919 3069 δεσπότις
1967 2996 2313 3072 ἠλακάτης.

533 3100 739 3168 Miror
793 3102 1117 3165 neminem
1142 3146 1158 3177 ‚
1220 3099 1385 3183 quod
1449 3106 1618 3166 certe
1665 3103 1861 3167 sciam
1882 3149 1898 3180 ,
1948 3103 2222 3169 haesisse
2271 3106 2338 3167 in
2384 3123 2479 3169 vs.
2530 3101 2667 3170 3tio
2710 3106 2916 3171 mani·

532 3208 693 3273 festo
731 3206 1099 3291 depravate,
1143 3205 1652 3290 quandoquidem
1671 3254 1687 3285 ,
1730 3210 1782 3273 si
1820 3211 1955 3293 ipse
1989 3209 2276 3275 Acheron
2317 3208 2525 3275 dictus
2563 3218 2664 3275 est
2701 3210 2913 3275 πλατὺ

533 3318 711 3389 κῦμα
758 3310 1074 3389 καμόντων
1122 3313 1354 3376 misere
1400 3312 1684 3377 abundat
1732 3313 1958 3379 vocula
2004 3314 2142 3392 διαὶ,
2191 3317 2297 3379 sin
2342 3313 2615 3403 figurate
2657 3318 2916 3404 ignotus

532 3427 720 3505 poeta
766 3423 859 3484 ita
920 3420 1172 3501 vocavit
1236 3419 1529 3495 umbras,
1596 3426 1671 3483 ut
1733 3420 2088 3508 Aeschylus
2151 3421 2324 3508 Sept.
2379 3423 2466 3487 64
2513 3423 2622 3510 (cf.
2677 3422 2810 3490 108
2856 3428 2916 3489 et

538 3524 741 3603 1069)
779 3524 943 3589 dixit
982 3528 1155 3599 κῦμα
1199 3530 1500 3608 στρατοῦ,
1553 3524 1821 3591 absurde
1882 3546 1952 3592 ea
2017 3530 2208 3593 verba
2273 3536 2576 3594 secuntur
2638 3540 2788 3616 post
2834 3530 2912 3599 εἰς

536 3630 911 3710 ’Λχέροντα,
991 3633 1143 3715 quia
1204 3630 1491 3696 Acheron
1557 3632 1976 3712 traiciendus,
2043 3636 2417 3720 priusquam
2481 3656 2593 3721 per
2661 3637 2914 3702 umbrae

535 3739 748 3802 anima
795 3736 949 3822 pelli
994 3736 1209 3821 possit.
1258 3736 1391 3802 Nec
1445 3758 1589 3803 vero
1637 3738 1757 3804 hoc
1799 3740 2076 3805 voluisse
2116 3741 2476 3829 elegantem
2511 3743 2744 3809 horum
2784 3764 2912 3811 ver-

533 3863 724 3908 suum
786 3847 1142 3926 auctorem,
1209 3843 1441 3928 quibus
1508 3844 1774 3930 lugetur
1841 3852 2244 3929 praematura
2305 3848 2578 3914 Erinnae
2643 3849 2910 3935 poetriae

536 3949 765 4027 obitus,
815 3950 1011 4014 etiam
1057 3948 1291 4013 idcirco
1339 3949 1591 4027 iudico,
1631 3950 1797 4034 quod
1835 3950 2021 4017 fluvii
2059 3953 2301 4020 mentio
2337 3952 2524 4019 illam
2561 3956 2906 4043 imaginem

538 4055 931 4122 excludebat.
980 4052 1081 4119 Ne
1128 4052 1364 4121 multa:
1420 4054 1551 4122 leni
1599 4076 1797 4122 manu
1843 4056 2322 4146 refingendum:

808 4163 1039 4237 ἤλασεν
1086 4161 1171 4233 εἷς
1220 4159 1561 4246 ’Λχέροντ’,
1614 4164 1832 4242 αἰαῖ,
1881 4164 2100 4243 πλατὺ
2148 4170 2325 4243 κῦμα
2373 4166 2690 4246 καμόντων

806 4274 1008 4348 Μοῖρα
1029 4313 1046 4344 ,
1095 4266 1247 4343 xri„

540 4376 744 4461 Quam
792 4373 977 4441 facile
1022 4394 1099 4439 ex
1145 4382 1323 4439 AIAI
1372 4378 1653 4461 potuerit
1699 4374 1836 4443 fieri
1886 4386 2032 4443 AIA
2081 4378 2280 4449 vides.
