3150 5000
1202 252 1670 304 maonnnmvs.
2191 325 2212 352 ὁ
2495 234 2627 301 288

334 416 395 485 2.
448 417 509 484 7.
573 403 903 497 „Proinde
954 421 1195 506 pacatis
1256 419 1517 485 auribus
1566 419 1833 506 accipite
1882 440 2114 506 quaeso
2161 420 2628 506 simplicio-

236 527 306 590 ri
326 524 429 590 bu
448 547 478 590 s
524 527 738 593 uerbis
759 575 777 611 ‚
824 527 990 612 quod
1041 526 1385 592 conducere
1434 525 1710 592 arbitror
1752 529 1820 591 in
1869 528 2276 592 commune.''

331 630 507 698 Dicit
550 632 706 699 haec
753 631 1241 699 Valentinianus
1286 635 1355 697 in
1402 635 1683 698 oratione
1732 653 1926 717 quam
1971 633 2198 699 habuit
2241 631 2319 698 ad
2364 629 2624 700 milites,

237 736 357 803 Vv.
424 737 974 824 „simplicioribus
1020 740 1276 805 uerbis''
1326 738 1642 824 quomodo
1688 741 1810 804 rite
1857 739 2162 824 explicari
2209 741 2454 826 possint
2501 759 2626 804 non

238 843 448 911 uideo.
497 844 841 931 Perperam
888 844 1327 914 Gardthausen
1345 895 1365 930 ‚
1403 843 1896 932 interpungendi
1938 847 2122 932 signo
2148 850 2292 932 post
2320 843 2628 930 „quaeso”

236 954 445 1037 posito
504 951 621 1016 illa
678 973 824 1018 cum
888 953 1295 1037 sequentibus
1341 953 1690 1018 coniunxit.
1741 949 1890 1017 Sine
1939 951 2134 1018 dubio
2181 953 2502 1037 pertinent
2547 948 2626 1017 ad

240 1060 589 1144 „quaeso''‚
650 1058 759 1124 sed
820 1058 952 1124 leui
1013 1060 1369 1126 mutatione
1418 1058 1710 1124 adhibita
1755 1057 2158 1124 scribendum
2209 1062 2305 1123 est
2353 1077 2628 1144 „quaeso

238 1164 787 1250 supplicibus
833 1164 1112 1231 uerbis.''

326 1393 394 1458 4.
446 1393 506 1458 1.
558 1392 1093 1473 „Valentinianus
1137 1397 1498 1461 conuocatis
1545 1395 1934 1480 primoribus
1956 1441 1973 1472 ,
2020 1395 2200 1480 quasi
2249 1398 2435 1458 tota
2480 1413 2630 1458 con-

234 1498 383 1565 silia
444 1520 638 1586 quam
699 1500 823 1566 sibi
882 1500 1199 1588 placentia
1258 1507 1627 1587 secuturus,
1695 1502 2225 1587 percunctabatur
2284 1519 2628 1586 quemnam
2709 1585 2714 1596 ι
2755 1529 2758 1545 ·

236 1605 315 1672 ad
361 1609 620 1692 imperii
666 1610 1054 1674 consortium
1103 1612 1418 1692 oporteret
1464 1605 1786 1673 adsumi.”

327 1710 533 1777 Sensu
597 1717 810 1778 carent
856 1714 1085 1798 „quasi
1132 1718 1311 1778 tota
1360 1713 1626 1778 consilia
1675 1761 1690 1777 .
1722 1760 1737 1777 .
1768 1763 1782 1776 .
1833 1715 2234 1798 secuturus’',
2284 1733 2398 1778 nec
2450 1711 2631 1798 quid-

237 1838 432 1904 quam
485 1816 812 1884 lucramur
858 1821 1215 1884 coniectura
1262 1817 1459 1885 Henr.
1506 1818 1778 1898 Valesii,
1829 1821 1942 1905 qui
1990 1819 2164 1884 dedit
2211 1825 2298 1883 tu
2317 1823 2416 1884 ta.
2468 1816 2630 1882 Vide

236 1944 317 1990 an
363 1943 491 1990 non
538 1926 848 2010 scriptum
896 1923 1051 1990 olim
1098 1924 1295 1991 fuerit
1340 1927 1564 2010 „quasi
1614 1924 1806 1990 data
1852 1923 2186 1992 consilia’'.

327 2156 393 2220 4.
446 2155 507 2219 1.
580 2153 973 2232 „Silentibus
1042 2156 1286 2220 cunctis
1346 2153 1724 2242 Dagalaifus
1787 2160 1939 2220 tunc
1963 2187 1968 2190 ·
1996 2153 2305 2240 equestris
2351 2149 2629 2218 militiae
2735 2229 2740 2236 ¹

234 2265 438 2326 rector
497 2260 821 2346 respondit
884 2259 1183 2326 fidentius
1229 2257 1308 2325 csi
1356 2265 1499 2326 tuos
1547 2257 1744 2326 amas³
1793 2260 2042 2346 inquit,
2089 2256 2462 2343 ‘imperator
2511 2277 2626 2342 op-

236 2368 395 2432 time
414 2414 431 2444 ,
470 2367 663 2433 habes
702 2367 997 2444 fratrem,
1040 2368 1094 2432 si
1138 2388 1273 2433 rem
1315 2364 1642 2453 publicam
1664 2414 1681 2445 ,
1721 2387 1950 2451 quaere
1975 2386 2168 2452 quem
2207 2386 2251 2429 u
2270 2366 2435 2430 esti
2454 2359 2627 2429 as³.''

322 2472 472 2540 Non
534 2473 858 2541 ferendam
921 2477 1077 2560 puto
1139 2472 1598 2560 Lindenbrogii
1646 2473 2073 2539 coniecturam
2125 2493 2164 2537 u
2188 2490 2223 2537 e
2246 2471 2356 2537 sti
2377 2489 2482 2536 as.
2553 2467 2629 2534 In

234 2580 381 2647 Vat.
437 2581 679 2669 legitur
723 2582 1069 2668 estigas.
1120 2577 1384 2669 Corrige
1430 2578 1612 2645 sodes
1658 2580 2058 2645 destines.

327 2810 389 2878 5.
439 2808 505 2876 9.
548 2810 677 2889 „Et
723 2809 915 2877 Alam
924 2813 1103 2877 annis
1152 2810 1409 2896 quidem
1462 2828 1872 2876 occursurum
1915 2807 2329 2896 Dagalaifum
2366 2826 2628 2895 pergere

234 2923 487 2983 mature
560 2921 882 3004 praecepit
900 2964 921 3003 ‚
991 2920 1103 3003 qui
1170 2919 1441 2983 uastatis
1510 2915 2073 3003 propinquioribus
2141 2913 2300 2981 locis
2366 2911 2626 3002 longius

235 3021 644 3091 discesserant
692 3026 775 3089 in
792 3046 825 3090 c
841 3046 932 3090 ru
950 3045 985 3090 e
1002 3046 1045 3089 n
1064 3029 1091 3089 t
1108 3025 1201 3090 i.''

320 3130 536 3197 Immo
585 3150 735 3196 uero
781 3133 1304 3219 ingruentes.
1352 3130 1430 3195 In
1475 3127 1624 3196 Vat.
1669 3133 1767 3195 est
1809 3129 2308 3195 incruentis.

325 3371 388 3439 6.
439 3372 501 3439 5.
570 3374 917 3459 Procopius
979 3374 1147 3459 apud
1205 3371 1604 3460 Strategium
1655 3370 1970 3458 quendam
2020 3369 2476 3449 „delitescebat
2514 3418 2532 3436 .
2562 3422 2578 3439 .
2605 3419 2622 3436 .

236 3474 849 3566 Constantinopolim
890 3487 1201 3565 quantum
1242 3477 1379 3545 fieri
1416 3483 1665 3564 poterat
1688 3477 1978 3544 clanculo
2001 3498 2188 3562 saepe
2213 3480 2628 3563 intermeans,·

237 3588 310 3649 ut
352 3586 588 3653 indicio
635 3586 921 3652 eiusdem
972 3584 1281 3672 Strategii
1328 3587 1577 3670 patuit,
1629 3590 1964 3671 postquam
2017 3585 2244 3668 saepi
2265 3604 2354 3648 us
2393 3586 2459 3648 in
2499 3583 2624 3650 fac-

236 3692 427 3759 tionis
472 3695 751 3760 conscios
798 3698 894 3758 est
938 3694 1388 3777 inquisitum.”

324 3798 451 3865 Pro
496 3802 837 3886 saepius
886 3798 1230 3887 legendum
1280 3800 1405 3864 erit
1450 3799 1810 3864 saeuius.

326 4023 387 4093 6.
437 4025 543 4092 10.
614 4024 838 4105 „Haec
900 4026 1241 4091 lacrimosa
1307 4073 1322 4089 .
1350 4072 1367 4089 .
1394 4074 1413 4091 .
1472 4024 2096 4110 inpendentiumque
2141 4045 2283 4110 spes
2348 4029 2622 4095 atrocior

238 4133 719 4212 prouincialium
785 4139 850 4200 et
908 4133 1197 4200 militum
1261 4134 1441 4218 paria
1495 4134 1893 4220 gementium
1945 4132 2233 4197 sensibus
2279 4134 2429 4198 imis
2474 4133 2620 4199 hae-

235 4238 449 4305 rebant
509 4245 576 4306 et
639 4242 807 4307 uotis
851 4238 1003 4306 licet
1049 4240 1333 4306 obscuris
1380 4245 1446 4306 et
1490 4240 1707 4305 tacitis
1754 4240 2146 4324 permutatio
2193 4238 2396 4305 status
2442 4260 2620 4324 prae·

240 4348 425 4415 sentis
494 4370 611 4436 ope
671 4349 957 4415 numinis
1024 4348 1271 4415 summi
1336 4346 1631 4413 concordi
1691 4348 1951 4433 gemitu
2016 4345 2391 4431 poscebatur
2418 4393 2433 4408 .
2459 4366 2619 4431 quae
