3150 5000
1296 318 1538 370 mone-
2474 297 2607 368 299

271 501 390 547 esse
427 501 592 548 casus
633 479 778 548 illos
824 481 1128 550 similiter
1174 483 1468 550 cadentes
1504 483 1768 566 public-is
1814 481 1982 567 equie
2028 485 2094 546 et
2138 481 2415 556 tributis,
2458 500 2609 565 quo-

267 607 390 652 rum
455 589 614 672 prior
673 587 932 654 dativus
992 609 1128 656 esse
1189 589 1448 656 videtur
1511 589 1675 656 alter
1736 587 2061 656 ablativus
2124 589 2275 671 (nisi
2340 589 2609 672 scriptor

264 689 444 757 voluit
487 693 591 770 „in
641 693 1066 781 assignando”
1113 693 1522 782 significare).

337 796 402 864 Iu
445 801 848 884 sequentibus
892 805 1058 866 recte
1096 822 1266 867 nunc
1305 800 1550 888 legitur
1584 797 1883 868 MDCCC
1927 820 2037 886 pro
2074 795 2365 880 Ma2003
2388 795 2608 868 Cicero

258 905 406 968 enim
463 925 527 969 se
585 925 830 970 morem
896 908 1218 991 equitatus
1280 907 1510 972 referre
1571 907 1731 972 dicit
1792 910 1945 992 „qui
2006 927 2205 991 usque
2259 905 2467 972 adhuc
2510 910 2610 972 est

257 1010 552 1076 retentus”
567 1031 586 1088 ;
647 1032 990 1077 numerum
1053 1019 1274 1078 autem
1337 1015 1627 1099 equitum
1702 1017 1947 1078 constat
2016 1010 2217 1078 libera
2285 1010 2611 1096 republica

257 1113 426 1180 fuisse
469 1116 552 1182 18
595 1119 946 1192 centurias,
996 1138 1159 1202 quae
1210 1116 1384 1183 1800
1433 1119 1677 1203 equites
1724 1119 2186 1200 continuerint,
2234 1136 2359 1183 non
2412 1116 2607 1182 1200.

261 1219 556 1300 Quomodo
615 1223 696 1288 ad
756 1222 942 1289 illum
1013 1244 1352 1290 numerum
1417 1223 1767 1290 secundum
1834 1227 2155 1288 auctorem
2228 1227 2605 1308 perventum

257 1327 360 1402 sit,
433 1326 636 1394 dicere
703 1348 828 1395 non
897 1348 1258 1413 possumus.
1342 1330 1567 1396 Verbis
1642 1348 2150 1412 „numerumque
2218 1326 2607 1413 duplicaviff'

257 1429 624 1516 explicantur
669 1435 1028 1518 superiora:
1083 1437 1367 1519 ,equites
1415 1437 1564 1500 fecit
1613 1433 1795 1500 mille
1834 1441 1899 1498 et
1938 1435 2371 1520 octingentos,
2409 1434 2611 1520 itaquo

253 1557 562 1604 numerum
611 1538 1024 1624 duplicavit’'.
1087 1538 1392 1624 Sequitur
1432 1541 1637 1627 igitur
1661 1586 1677 1618 ‚
1718 1538 2083 1606 Ciceronem
2128 1545 2274 1604 ante
2313 1537 2605 1608 Priscum

254 1642 364 1708 iam
423 1647 664 1729 equites
731 1644 924 1713 fuisse
983 1644 1116 1712 900
1163 1646 1530 1730 credidisse,
1581 1651 1648 1712 et
1676 1651 1915 1730 priores
1960 1646 2251 1729 equitum
2298 1665 2434 1710 esse
2478 1650 2607 1712 tres

255 1752 538 1815 centurias
581 1755 904 1829 vetustas,
952 1771 1112 1836 quae
1159 1751 1450 1838 singulae
1497 1754 1631 1818 iam
1671 1751 1751 1818 ad
1790 1756 2071 1816 trecenos
2110 1752 2355 1834 equites
2392 1771 2605 1816 excre-

255 1857 494 1930 vissent,
545 1857 828 1920 εεοιικάοε
873 1858 1007 1923 sive
1047 1858 1404 1940 posteriores
1448 1862 1801 1945 nongentos
1849 1877 1983 1921 esse
2029 1875 2067 1920 s
2114 1853 2459 1940 'I'srquinio
2504 1857 2605 1921 his

255 1960 509 2047 additos3
569 1981 755 2047 porro
815 1965 1076 2029 nomina
1139 1964 1425 2030 tribuum
1500 1964 1808 2030 mansisse
1876 1961 1955 2028 ad
2025 1982 2243 2028 omnes
2311 1963 2603 2046 equitum

259 2065 514 2150 „partes”
576 2067 1031 2156 designandas:
1101 2088 1264 2146 „non
1313 2071 1483 2134 enim
1535 2070 1747 2153 potuit
1794 2067 2104 2152 (Priscus)
2150 2070 2410 2136 nomina
2455 2089 2603 2132 mu-

257 2171 430 2237 tare”.
495 2172 572 2238 In
631 2194 702 2240 re
755 2179 888 2238 tam
941 2181 1346 2240 controversa
1390 2173 1626 2240 sufficit
1668 2173 1833 2240 nihil
1879 2173 2138 2240 absurdi
2183 2176 2251 2238 in
2300 2173 2605 2240 relatione

257 2273 542 2344 Ciceronis
601 2299 713 2364 per
767 2299 834 2344 se
894 2287 1178 2364 spectata
1237 2281 1442 2346 inesse
1503 2299 1779 2365 eumque
1840 2271 2057 2345 secum
2107 2299 2453 2366 congruere
2471 2326 2488 2359 ,
2534 2280 2601 2346 id

257 2384 398 2466 quod
443 2405 538 2450 res
583 2391 702 2452 est.
771 2384 1148 2470 Quanquam
1197 2389 1252 2451 si
1299 2385 1471 2450 Livii
1518 2384 1891 2452 relationem
1941 2384 1991 2450 1.
2020 2383 2104 2449 36
2148 2384 2602 2470 „('I'arquinius

255 2491 539 2574 equitum)
599 2512 866 2559 numero
931 2489 1206 2557 alterum
1270 2498 1521 2559 tantum
1587 2491 1857 2568 adiecit,
1924 2497 1999 2557 ut
2058 2489 2241 2557 mille
2288 2496 2353 2559 et
2398 2495 2603 2559 octin-

249 2598 408 2680 genti
447 2599 694 2682 equites
737 2600 807 2661 in
853 2599 1058 2665 tribus
1105 2601 1410 2667 centuriis
1456 2598 1708 2664 essent”
1754 2618 2037 2684 separes,
2087 2605 2161 2663 ut
2198 2619 2313 2684 par
2350 2605 2481 2675 est,
2522 2600 2601 2665 ab

249 2701 346 2777 iis,
407 2722 564 2788 quae
625 2702 974 2769 secundum
1039 2702 1088 2769 1.
1140 2704 1226 2770 43
1275 2702 1536 2769 Servius
1582 2686 2157 2781 novavit‚'Livius
2204 2724 2451 2788 quoque
2499 2703 2602 2770 vel

251 2809 508 2893 quisquis
553 2810 614 2873 ei
659 2814 882 2875 auctor
923 2808 1084 2893 fuit,
1133 2812 1493 2877 invenietur
1541 2809 1809 2875 eundem
1862 2830 2201 2875 numerum
2250 2816 2397 2875 ante
2451 2807 2604 2875 'I'ar-

251 2914 516 2995 quinium
577 2917 898 2981 statuisse.
967 2915 1213 2982 Nomen
1261 2938 1364 2979 aeeoe
1409 2917 1828 3001 suffragiorum
1874 2920 2136 3001 apparet
2183 2916 2451 2981 existere
2497 2915 2602 2981 de-

196 3046 204 3055 ·
249 3038 408 3083 mum
470 3023 752 3106 potuisse
809 3021 927 3087 sub
986 3019 1214 3087 Servio
1235 3071 1252 3095 ,
1321 3040 1445 3105 quo
1509 3028 1794 3105 tempore
1864 3041 2085 3087 census
2152 3022 2317 3087 ratio
2383 3020 2603 3087 haberi

249 3132 444 3209 coepta
487 3132 603 3194 est.
673 3126 846 3191 Fieri
884 3134 1098 3192 sutem
1136 3145 1259 3192 non
1299 3132 1506 3211 potest
1525 3174 1542 3201 ,
1588 3133 1663 3190 ut
1699 3125 2035 3192 duodecim
2069 3125 2384 3197 centurias
2408 3145 2604 3192 novas

248 3248 278 3295 a
317 3228 528 3297 Servio
575 3229 792 3297 'I'ullio
835 3232 1084 3298 additas
1130 3230 1350 3299 Cicero
1396 3231 1757 3298 crediderit.
1828 3230 1924 3296 Ex
1963 3233 2173 3297 verbis
2214 3232 2602 3318 imperfectis

245 3336 408 3402 initio
451 3338 748 3403 sectionis
788 3335 872 3402 39
917 3338 981 3423 (‚,
1011 3385 1027 3403 .
1057 3384 1072 3403 .
1100 3338 1545 3425 duodeviginti
1586 3358 1777 3407 censu
1818 3340 2134 3415 maxim03
2179 3337 2402 3403 deinde
2428 3340 2603 3422 equi·

245 3446 368 3507 tum
413 3464 646 3531 magno
696 3464 963 3510 numero
1011 3464 1088 3509 ex
1137 3446 1314 3509 omni
1363 3442 1583 3529 populi
1630 3463 1887 3509 summa
1932 3442 2273 3528 separato”)
2294 3488 2311 3519 ‚
2362 3443 2475 3508 ubi
2524 3442 2601 3508 de

245 3547 538 3614 institutis
595 3547 806 3617 Servii
861 3552 1034 3636 agit,
1098 3548 1262 3615 nihil
1328 3549 1562 3615 efficias
1610 3551 1732 3615 nisi
1788 3546 1869 3614 18
1916 3550 2232 3615 centurias
2283 3550 2597 3633 (equitum

244 3654 655 3738 probabiliter)
721 3675 911 3720 censu
978 3658 1259 3721 maximo
1323 3676 1360 3720 a
1407 3654 1669 3740 reliquis
1718 3661 2036 3741 separatas
2086 3654 2314 3731 fuisse,
2361 3656 2428 3719 in
2476 3674 2601 3741 quo

243 3758 388 3824 nihil
426 3766 520 3825 est
557 3762 916 3845 praecipui,
967 3781 1114 3825 cum
1163 3759 1244 3824 18
1295 3762 1613 3825 centurias
1652 3760 1847 3825 fuisse
1888 3766 2244 3825 constanter
2281 3759 2361 3824 ab
2399 3762 2603 3825 omni-

243 3860 346 3929 bus
399 3866 704 3932 tradatur.
757 3902 840 3915 --
895 3864 1168 3933 'I'autum
1235 3866 1385 3932 inde
1447 3864 1691 3931 efficere
1750 3864 1903 3931 licet
1948 3868 2235 3951 equitum
2284 3868 2602 3932 centurias

244 3973 460 4036 maiore
517 3991 707 4039 censu
754 3972 949 4037 fuisse
995 3991 1184 4056 quam
1237 3971 1530 4057 reliquas.
1606 3970 1904 4038 Ceterum
1955 3970 2121 4056 quod
2170 3969 2414 4059 legitur
2458 3978 2599 4057 post

245 4077 416 4143 verba
459 4097 651 4162 supra
695 4077 1042 4161 descripta:
1094 4085 1469 4163 „postquam
1519 4076 1689 4144 bello
1730 4079 1988 4165 subegit
2026 4079 2393 4163 Aequorum
2417 4098 2601 4167 mag-

111 4248 120 4255 ,
243 4202 370 4249 nam
429 4182 723 4271 gentem”
780 4204 905 4248 non
959 4183 1148 4249 debet
1191 4186 1258 4249 in
1308 4206 1504 4251 unam
1553 4187 1932 4249 sententiam
1981 4184 2164 4271 iungi
2216 4206 2364 4250 cum
2413 4205 2598 4272 supe-

243 4288 490 4355 rioribus
539 4310 1046 4375 „numerumque
1093 4288 1513 4375 duplicavit”‚
1560 4296 1636 4353 ut
1680 4289 1758 4355 ab
1799 4289 1900 4355 his
1941 4290 2393 4375 posterioribus
2430 4308 2594 4355 nova

239 4394 506 4473 periodus
551 4397 820 4481 incipiat
837 4444 856 4479 ,
903 4394 1445 4481 quemadmodum
1493 4394 1743 4463 Osanno
1766 4395 1915 4482 (soli
1952 4396 2108 4482 fere)
2132 4395 2407 4481 placuit;
2447 4413 2588 4480 pro-
