3150 5000
575 313 710 381 294
1652 327 1895 382 mum.

661 499 893 563 Ponere
950 500 1018 562 in
1081 498 1269 563 rebus
1332 479 1795 585 chronologicis
1862 499 2099 564 dicitur
2145 498 2223 564 de
2270 499 2351 563 iis
2370 547 2387 582 ‚
2435 499 2515 563 de
2559 499 2785 584 quibus
2828 518 2935 563 non

573 611 851 681 constat,
909 604 1018 669 sed
1081 623 1240 688 quae
1298 607 1773 688 computatione
1832 605 2109 688 quadam
2162 607 2464 670 constitui
2510 613 2789 689 possunt.
2854 603 2936 669 De

570 713 760 777 initio
820 693 1279 797 Olympiadem
1302 758 1319 792 ,
1385 728 1566 775 aerae
1630 709 1919 797 vulgaris
1938 760 1956 795 ,
2002 711 2333 776 constabat
2379 712 2549 776 inter
2592 731 2809 776 omnes
2826 757 2841 788 ‚
2882 717 2939 774 et

573 837 652 882 ex
713 835 787 881 eo
848 815 1132 902 Lycurgi
1196 817 1430 881 veteris
1477 823 1651 881 aetas
1698 817 2191 901 computabatur
2236 819 2450 902 potius
2495 837 2685 902 quam
2734 839 2809 884 ex
2850 819 2935 881 in·

571 928 740 988 certo
801 921 1088 1008 Lycurgi
1149 941 1346 1009 regno
1405 923 1774 986 certaminis
1822 921 2147 1009 Olympici
2196 925 2398 1010 origo.
2468 924 2697 988 Ponere
2740 930 2933 989 autem

571 1025 957 1114 Olympiada
1002 1047 1114 1112 pro
1157 1029 1495 1092 instituere
1537 1034 1856 1094 certamen
1900 1026 2315 1114 Olympicum
2356 1049 2483 1094 nou
2524 1037 2622 1094 est
2658 1028 2933 1095 latinum.

569 1131 783 1199 Sensit
820 1131 1072 1209 Maius,
1115 1131 1287 1197 male
1324 1138 1540 1198 tamen
1584 1153 1830 1198 morem
1870 1137 2305 1219 antiquiorum
2347 1137 2769 1220 interpretum
2804 1153 2935 1220 quo-

568 1239 840 1304 rundam
889 1244 1144 1303 secutus
1161 1285 1180 1322 ‚
1227 1241 1338 1324 qui
1388 1243 1462 1303 ut
1507 1237 1677 1302 male
1720 1239 1919 1304 latine
1966 1243 2205 1325 scripta
2248 1239 2587 1306 defendant
2622 1240 2705 1306 ad
2744 1242 2937 1326 peiora

570 1342 813 1412 Graeca
857 1349 1217 1428 provocant.
1289 1343 1458 1409 Nam
1503 1346 1733 1408 τιθέναι
1783 1347 2002 1424 ἀγῶνα
2050 1348 2174 1412 nisi
2224 1353 2456 1424 πρῶτον
2502 1344 2731 1422 addas,
2778 1341 2935 1410 aliud

569 1457 698 1530 est;
763 1449 830 1514 id
891 1447 1081 1515 fiebat
1142 1452 1369 1534 quavis
1429 1448 1834 1537 Olympiade.
1922 1451 2182 1537 Optime
2244 1471 2535 1518 caremus
2594 1451 2781 1536 plane
2836 1448 2937 1514 illo

571 1555 880 1623 vocabulo
913 1555 1143 1638 peciam
1195 1559 1493 1633 „centum
1535 1562 1600 1622 et
1642 1563 1782 1622 octo
1822 1560 2003 1622 annis
2042 1564 2187 1644 post
2222 1557 2602 1644 Lycurgum
2634 1563 2723 1621 est
2744 1560 2935 1642 prims

570 1659 939 1750 Olympias”
1000 1667 1169 1726 recte
1231 1661 1500 1739 dicitur;
1563 1662 1644 1726 cf.
1710 1661 1815 1728 vel
1868 1665 1936 1727 in
1982 1665 2220 1731 vicinia
2265 1664 2459 1728 huius
2506 1662 2666 1729 loci:
2722 1663 2935 1746 ,ceteri

569 1770 786 1834 minus
831 1766 1099 1832 eruditis
1145 1766 1415 1833 saeculis
1461 1767 1755 1832 fuerunt”
1772 1787 1790 1846 ς
1843 1767 2149 1847 „Romuli
2194 1775 2471 1836 aetatem
2510 1769 2612 1834 his
2652 1769 2935 1834 sescentis

569 1876 750 1939 annis
813 1874 1007 1938 fuisse
1065 1872 1365 1938 scimus”.
1457 1871 1653 1960 Origo
1725 1873 2017 1939 lectionis
2079 1874 2235 1940 haec
2306 1895 2441 1940 esse
2508 1875 2799 1942 videtur:
2866 1872 2933 1940 ad

567 1997 906 2056 Posrouffl
949 1979 1340 2063 adscriptum
1389 1995 1633 2045 1³0st
1652 2027 1667 2058 ‚
1706 1987 1783 2044 ut
1822 1981 2245 2068 corrigeretur
2272 1988 2659 2066 posteaquam
2678 2029 2697 2065 ,
2748 1979 2933 2046 alieno

567 2086 707 2152 loco
767 2088 1078 2151 insertum
1135 2086 1202 2148 in
1251 2101 1477 2151 roem
1525 2093 1852 2151 mutatum
1902 2093 2016 2152 cst.
2090 2086 2390 2153 Ceterum
2438 2087 2593 2152 haec
2638 2105 2930 2152 annorum

569 2195 959 2279 computatio
1007 2199 1173 2257 recte
1225 2191 1458 2256 tradita
1503 2199 1636 2276 est,
1686 2199 1750 2258 et
1788 2195 2084 2258 convenit
2123 2191 2291 2277 quod
2330 2193 2407 2258 de
2446 2191 2711 2259 Romuli
2748 2197 2932 2258 morte

568 2301 728 2366 dicit
785 2301 826 2384 ς
874 2296 957 2363 17
1023 2318 1171 2363 cum
1232 2297 1372 2364 loco
1435 2297 1514 2362 de
1569 2297 1761 2362 Ennii
1819 2299 2033 2384 eclipsi
2083 2319 2245 2384 quae
2298 2300 2425 2364 fuit
2470 2305 2537 2364 a0
2584 2297 2755 2380 400,
2805 2301 2930 2364 Iun.

569 2405 695 2490 21,
755 2403 1061 2470 Romanis
1124 2403 1265 2467 Iun.
1323 2403 1385 2469 5.
1456 2402 1550 2468 De
1599 2423 1723 2489 qua
1770 2401 1994 2469 Oicero
2042 2403 2092 2470 1.
2144 2403 2263 2469 25:
2329 2411 2563 2490 „atque
2608 2405 2729 2471 hac
2774 2409 2837 2470 in
2876 2423 2935 2468 re

567 2519 745 2579 tanta
799 2513 966 2577 inest
1029 2512 1190 2575 ratio
1253 2518 1442 2596 etque
1501 2510 1819 2589 sollertia,
1884 2517 1959 2575 ut
2014 2532 2092 2576 ex
2148 2512 2268 2577 hoc
2314 2512 2415 2581 die
2470 2548 2547 2561 -—
2596 2515 2931 2598 superiores

567 2618 720 2683 solis
781 2616 1162 2683 defectiones
1221 2623 1550 2701 reputatae
1610 2618 1737 2681 sint
1806 2636 2004 2701 usque
2076 2617 2157 2681 ad
2228 2616 2409 2683 illam
2430 2667 2449 2701 ,
2519 2638 2681 2702 quae
2749 2618 2931 2684 Nonis

567 2722 996 2806 Quinctilibus
1058 2722 1185 2785 fuit
1243 2728 1549 2808 regnante
1613 2720 1890 2787 Romulo
1910 2769 1925 2797 ‚
1992 2723 2225 2807 quibus
2284 2723 2542 2808 quidem
2591 2721 2928 2789 Romulum

567 2830 844 2896 tenebris
911 2864 994 2877 --
1054 2829 1264 2893 virtus
1322 2863 1405 2874 —
1455 2829 1522 2891 in
1586 2826 1831 2892 caelum
1893 2826 2129 2892 dicitur
2190 2827 2581 2894 sustulisse”.
2670 2828 2793 2911 Qui
2852 2830 2931 2892 sic

564 2948 730 3002 retro
767 2938 1298 3019 computaverunt
1346 2935 1687 3017 quominus
1735 2930 2007 2998 Romam
2054 2934 2375 2999 conditam
2418 2954 2553 3000 esse
2595 2938 2931 3001 statuerent

565 3062 741 3107 anno·
777 3038 946 3118 753,
993 3037 1158 3104 nihil
1201 3038 1517 3123 prohibet.
1592 3038 1771 3118 Quod
1821 3044 1875 3104 si
1921 3038 2024 3116 fit,
2079 3060 2248 3105 mors
2295 3039 2561 3106 Romuli
2611 3042 2838 3107 incidit
2871 3042 2931 3103 in

563 3148 728 3213 Non.
792 3145 1047 3225 Quinct.
1109 3142 1259 3229 (Iul.
1321 3142 1390 3229 ’7)
1437 3165 1492 3209 a.
1543 3143 1675 3209 '716
1723 3165 1780 3210 a.
1830 3142 1901 3210 O.
1976 3144 2400 3211 Intervallum
2449 3148 2618 3212 inter
2662 3145 2827 3231 ¹716,
2873 3144 2926 3211 ¹7.

565 3251 806 3317 Iulium
873 3256 938 3315 et
1007 3248 1178 3327 400,
1229 3250 1290 3315 5.
1339 3248 1595 3315 Iunium
1646 3254 2017 3316 est=anni
2068 3249 2238 3335 315,
2288 3272 2537 3317 menses
2592 3252 2696 3317 ll.
2742 3252 2931 3337 Repe-

567 3364 792 3425 tuntur
833 3356 986 3423 solis
1033 3356 1412 3421 defectiones
1455 3362 1599 3440 post
1644 3378 1893 3421 menses
1942 3355 2097 3424 223.
2172 3358 2341 3423 Anni
2382 3356 2513 3422 315
2539 3355 2619 3434 -Ι-
2648 3358 2726 3422 11
2762 3378 2931 3422 men-
3055 3374 3056 3377 ’

564 3486 661 3531 ses
723 3462 1004 3529 efficiunt
1049 3482 1296 3526 menses
1347 3458 1518 3527 3791
1571 3462 1612 3526 i.
1644 3482 1697 3527 e.
1754 3460 1834 3529 17
1862 3464 1936 3536 ><
1964 3460 2119 3530 223.
2191 3463 2417 3528 Decies
2464 3466 2699 3549 septies
2742 3464 2935 3550 igitur

562 3576 704 3656 post
763 3576 1037 3635 mortem
1101 3565 1360 3632 Romuli
1423 3567 1574 3633 solis
1638 3569 1761 3633 fuit
1832 3568 2085 3655 eclipsis
2146 3569 2496 3635 secundum
2568 3575 2925 3655 computum

564 3683 872 3744 veterum.
962 3673 1119 3739 Post
1179 3674 1466 3758 periodos
1525 3676 1699 3738 enim
1770 3672 1902 3740 223
1974 3696 2266 3741 mensum
2341 3696 2489 3741 cum
2562 3683 2933 3762 repeteretur

563 3782 849 3867 eclipsis,
911 3780 1102 3845 fiebat
1161 3779 1226 3843 id
1293 3786 1434 3864 post
1495 3800 1689 3845 annos
1753 3782 1836 3846 18
1886 3788 1950 3847 et
1996 3802 2245 3847 menses
2296 3780 2357 3846 ¹7.
2429 3780 2701 3847 Fiebant
2743 3783 2931 3869 igitur

563 3891 944 3957 defectiones
1003 3887 1153 3953 solis
1215 3895 1356 3972 post
1419 3894 1690 3953 mortem
1758 3888 2024 3955 Romuli
2084 3890 2188 3953 his
2232 3890 2413 3953 annis
2457 3891 2926 3973 mensibusque:

867 4013 923 4059 a.
975 3993 1060 4059 38
1107 3992 1184 4058 U.
1222 3992 1333 4072 0.,
1383 3990 1514 4058 ’716
1555 4014 1613 4060 a.
1656 3988 1729 4061 0.
1772 4018 1835 4059 n.
1882 3992 2049 4059 Iulio
2116 4068 2200 4081 ,-
2234 3991 2318 4059 18
2364 3996 2543 4071 anni,
2589 3994 2629 4061 ¹7
2664 4012 2927 4073 menses,
3050 3988 3052 3997 '

973 4099 1057 4165 57
1379 4098 1511 4167 697
1878 4000 2200 4184 Fami·—
2344 4105 2410 4165 et
2454 4100 2547 4165 sic
2594 4119 2796 4185 porro.

971 4204 1056 4270 '75
1377 4204 1508 4270 679
1875 4203 2046 4290 Sept.

969 4308 1057 4375 94
1376 4308 1507 4375 660
1874 4311 2025 4395 Apr.

928 4415 960 4479 1
976 4414 1056 4480 12
1373 4414 1506 4481 642
1870 4414 1929 4481 Ν
1935 4435 2035 4483 ov.
