3150 5000
1313 300 1653 348 murum.
2546 281 2672 348 401

382 461 501 549 Ep.
547 460 635 528 86
732 464 827 529 Οὔ
873 463 1151 546 δαψιλῶς
1200 466 1339 542 μέν,
1384 464 1537 531 α’λλ’
1588 460 1748 542 ὅμως
1797 468 1973 543 κάγὼ
2021 466 2223 548 τρέφω

652 561 664 570 ’
732 570 968 643 παῖδας
1016 579 1287 650 γυναῖκα
1337 570 1547 637 δοῦλον
1595 572 1820 652 ὄρνιθας
1870 572 2062 637 κύνα·

743 675 944 752 κόλαξ
990 679 1143 760 γὰρ
1192 676 1381 750 οὐδεὶς
1432 678 1569 751 τοὺς
1621 679 1803 758 ἐμοὺς
1851 687 2049 744 πατεῖ
2091 679 2332 756 δόμους.

280 781 522 850 Malim
585 781 785 860 κόλαξ
845 782 897 847 δ’
961 781 1003 846 οἳ
1020 784 1072 863 ρ’
1120 784 1310 856 οὐδείς
1330 834 1349 868 ,
1395 805 1546 851 nem
1594 786 1648 850 si
1693 791 1864 850 recte
1911 784 2279 850 PALLADAM
2323 782 2630 871 intellego
2648 829 2667 861 ‚

283 889 497 954 dicere
557 889 702 956 vult
762 889 1122 956 adulatores
1185 897 1322 957 tam
1382 912 1642 976 parcam
1705 897 1770 957 et
1814 911 2155 977 pauperem
2208 890 2471 956 domum
2521 911 2670 955 con-

279 1002 591 1063 temnere.
645 996 935 1078 Ὄρνιθας
998 997 1104 1063 hic
1151 1002 1214 1063 et
1261 997 1419 1064 alibi
1464 999 1762 1085 imperite
1806 999 2116 1083 interpres
2160 995 2430 1062 Latinus
2478 998 2672 1063 vertit

280 1125 424 1169 avoc
439 1149 456 1184 ‚
504 1123 629 1170 non
648 1156 664 1182 ,
716 1110 791 1169 ut
836 1102 1107 1170 debebat
1121 1152 1140 1188 ,
1182 1105 1473 1186 qallinas.

378 1321 498 1409 Ep.
550 1320 657 1402 90,
711 1321 751 1388 5

740 1425 1045 1506 Ἕλληνές
1093 1431 1279 1510 ἐσμεν
1322 1429 1529 1511 ἄνδρες
1581 1432 1665 1496 {a
1682 1454 1733 1496 π·
1747 1431 1815 1496 οδ
1829 1457 1872 1496 ω
1890 1430 2034 1508 μέν
2049 1455 2078 1496 ο
2097 1456 2138 1506 ι,

280 1536 657 1602 PALLADAM
701 1536 732 1599 ἐ
743 1560 780 1599 σ
798 1560 835 1600 κ
851 1560 879 1601 ο
897 1560 935 1600 τ
952 1563 995 1602 ω
1015 1563 1065 1615 μ
1085 1536 1113 1602 έ
1131 1563 1161 1602 ν
1178 1561 1205 1602 ο
1226 1561 1243 1601 ι
1264 1585 1281 1617 ,
1330 1539 1658 1622 occaecati,
1705 1539 1915 1602 stobidi
1929 1587 1950 1623 ‚
1997 1540 2322 1623 scripsisse
2338 1585 2352 1611 ‚
2399 1541 2475 1603 ut
2512 1560 2551 1600 σ
2567 1561 2602 1600 κ
2619 1559 2677 1601 ο-

282 1667 326 1708 τ
346 1667 375 1708 ο
394 1642 427 1707 ύ
446 1667 496 1719 μ
516 1667 545 1706 ε
564 1667 594 1706 ν
611 1666 638 1707 ο
654 1667 682 1712 ς
751 1642 915 1708 dixit
980 1641 1089 1722 96,
1138 1643 1201 1722 6,
1252 1645 1570 1711 crederem
1591 1694 1609 1730 ,
1658 1647 1784 1709 nisi
1830 1647 2130 1710 retineret
2177 1644 2515 1709 scholiasta
2561 1643 2668 1709 sd-

282 1755 515 1816 notans
561 1748 959 1826 ἐσποδωμένοι
1007 1749 1145 1815 ἀντὶ
1196 1755 1305 1815 τοῦ
1353 1752 1517 1817 οὐδὲν
1565 1751 1676 1828 ἤδη
1721 1749 1886 1822 ὄντες
1909 1802 1927 1826 ,
1977 1750 2400 1834 ἠφανισμένοι.

1289 2013 1509 2083 Cum·
1558 2014 1673 2082 XI.

382 2169 501 2255 Ep.
552 2171 593 2235 9

473 2279 583 2351 Μὺ
630 2277 793 2343 πάλι
840 2302 945 2357 μοι
991 2277 1165 2356 μετὰ
1211 2276 1461 2358 δόρπον,
1510 2273 1602 2342 ὅτ’
1648 2275 1849 2342 οὐκέτι
1897 2275 2184 2356 γαστέρα
2229 2273 2508 2350 πείθω,

475 2383 705 2450 οὔθατα
753 2385 857 2449 καὶ
906 2384 1125 2466 χοίρων
1172 2384 1465 2449 οὶντιτίθει
1512 2383 1796 2465 τεμάχη.

284 2491 455 2558 Fero
504 2491 721 2571 πείθω,
770 2490 879 2557 sed
925 2490 1152 2557 malim
1199 2490 1501 2565 πείθει,
1550 2488 1827 2557 relatum
1875 2489 1952 2555 s'd
2000 2490 2342 2576 sequentia.

378 2704 497 2789 Ep.
545 2703 657 2781 26,
707 2706 747 2768 3
797 2702 1086 2769 ὅθείνεκεν
1136 2702 1475 2769 barbarum
1524 2707 1622 2768 est
1669 2722 1784 2789 pro
1830 2701 2148 2767 ὅθούνεκεν.

376 2904 456 2974 Ε.
507 2903 615 2989 31,
664 2905 706 2970 2
754 2904 949 2986 ὦρύον.
1000 2905 1385 2971 Producitur
1430 2904 1700 2982 vocalis,
1749 2906 1966 2989 itaque
2013 2902 2158 2991 lege
2206 2906 2399 2985 ὧρῦον.

384 3122 503 3209 Ep.
554 3122 656 3201 58,
714 3123 748 3187 1

648 3229 911 3294 ’Ἢθελον
954 3230 1021 3293 οὐ
1069 3227 1297 3310 χρυσόν
1345 3252 1414 3293 τε
1462 3228 1567 3293 καὶ
1618 3226 1820 3293 ἄστεα
1869 3228 2056 3308 μυρία
2104 3230 2292 3305 γαίης

746 3336 871 3401 οὐδ’
921 3333 1038 3399 ὅσα
1087 3336 1205 3407 τοὶς
1256 3336 1481 3412 Θήβας
1530 3331 1700 3400 εἶπεν
1743 3333 2269 3416 Ὀμηροοὲχειν

566 3444 719 3508 ἀλλ’
766 3440 862 3508 ἵνα
910 3465 1012 3519 μοι
1064 3441 1413 3524 τροχόεσσα
1459 3438 1642 3517 κύλιξ
1687 3440 2092 3520 βλύσσειε
2142 3441 2374 3526 λυαίῳ,

656 3549 901 3630 χείλεος
948 3546 1149 3629 ἀενάῳ
1196 3548 1432 3627 νάματι
1481 3550 1806 3627 λουομένου
1827 3595 1843 3627 ,

568 3656 673 3721 καὶ
721 3662 989 3738 γεραρῶν
1038 3657 1415 3721 συνέπινε
1461 3654 1656 3728 λάλος
1701 3654 1922 3739 χορός,
1971 3656 2022 3721 οἱ
2073 3655 2135 3719 δὲ
2180 3658 2461 3735 περισσὸν

660 3761 867 3843 ἄνδρες
915 3761 1237 3842 ἐργατίναι
1287 3761 1592 3839 κάμνον
1643 3763 1748 3844 ἐφ’
1797 3762 2088 3840 ἧμερίσιν.

294 3868 497 3935 Vides
550 3868 995 3947 MAossDolmu,
1065 3870 1174 3953 qui
1234 3875 1401 3935 recte
1462 3876 1527 3934 et
1592 3869 1809 3935 ordine
1870 3867 2224 3935 Indicativo
2271 3890 2423 3933 usus
2469 3876 2564 3933 est
2610 3871 2679 3933 in

292 3975 726 4062 sequentibus,
798 3974 1038 4040 soloece
1086 3996 1179 4042 vs.
1232 3974 1365 4041 3tio
1413 3996 1717 4060 usurpare
1765 3974 2179 4060 Optativum‚
2229 3974 2382 4040 licet
2425 3978 2680 4040 numeri

294 4082 735 4167 permitterent
777 4080 807 4145 ἔ
820 4080 869 4158 β
886 4079 1040 4162 λυζ
1050 4106 1097 4145 ε.
1150 4080 1422 4147 Eosdem
1464 4081 1866 4148 soloecismos
1906 4086 2175 4165 reperies
2213 4102 2346 4165 cap.
2375 4080 2427 4143 V
2457 4080 2608 4158 1¹74,
2635 4081 2678 4144 4

294 4189 588 4268 φοιτήσαι
653 4194 718 4252 et
782 4185 890 4263 84,
950 4192 991 4251 2
1038 4189 1269 4267 χαρίσῃ
1314 4209 1428 4272 pro
1474 4190 1771 4269 φοίτησεν
1820 4194 1885 4252 et
1928 4186 2174 4267 χορίσω.
2247 4186 2390 4252 Non
2443 4186 2674 4252 melius

296 4292 557 4359 PAULUS
622 4292 1023 4359 Silentiarius
1093 4292 1280 4373 XVI,
1341 4292 1473 4361 27¹7
1547 4295 1724 4360 dedit
1787 4293 1963 4358 αἴθε
2031 4332 2114 4342 -
2179 4292 2380 4358 ἔσθενε
2429 4330 2531 4377 -,
2584 4290 2676 4366 ὥς

294 4426 421 4464 κεν
472 4438 557 4449 --
608 4399 1021 4479 ἕθελγόμεθα,
1090 4400 1198 4465 ubi
1253 4402 1488 4467 rectius
1551 4402 1905 4485 scripsisset
1953 4400 2060 4465 καί
2107 4424 2208 4465 κεν
2265 4399 2358 4485 (et
2413 4400 2674 4465 fortasse
