3150 5000
581 297 715 367 276
1445 313 1722 364 ruvms
1767 313 2103 365 sosarnus.

667 479 942 566 Reliqua
1001 484 1152 546 sunt
1197 480 1327 545 fere
1370 478 1448 545 de
1493 477 1909 544 Pontificibus
1953 477 2261 545 Maximis
2306 484 2373 544 et
2416 481 2772 544 maximam
2814 498 2936 564 p„-
3052 437 3054 478 :

579 593 713 653 tem
759 595 1052 671 excerpts
1097 591 1247 650 sunt
1295 606 1374 650 ex
1419 586 1641 670 Antiq.
1687 584 1799 651 20.
1842 583 1964 671 103
2002 583 2167 650 nihil
2206 605 2363 672 opus
2399 593 2497 650 est
2533 585 2708 650 hisce
2730 587 2937 648 immo-

577 697 704 758 rari
765 699 832 758 et
893 693 1242 758 ostendisse
1299 692 1464 756 mihi
1520 691 1740 758 videor
1802 712 1951 757 eum
2014 694 2127 776 qui
2168 690 2324 756 haec
2372 697 2668 776 excerpta
2713 693 2936 776 primus

577 801 1054 884 conscripserit,
1119 799 1508 884 quicumque
1565 797 1908 874 infuerit,
1974 819 2051 862 ex
2112 797 2297 863 Novo
2344 796 2752 862 Testamento
2792 793 2937 860 nihil
3055 831 3056 848 κ

577 904 895 972 addidisse
913 953 930 988 ,
980 925 1094 970 nec
1140 903 1338 968 fuisse
1387 899 1849 968 Christianum.
1920 902 2066 988 Ipsa
2112 903 2484 990 diligentia,
2540 922 2667 988 qua
2712 921 2937 986 semper

573 1011 920 1076 recurritur
981 1010 1058 1075 ad
1123 1007 1496 1095 pontificum
1559 1011 1790 1074 seriem
1852 1014 1917 1073 et
1977 1009 2057 1074 ad
2112 1009 2339 1094 templi
2385 1008 2935 1095 Hierosolymitani

522 1109 528 1116 ’
574 1117 907 1181 historiam
928 1162 945 1192 ,
993 1116 1147 1179 facit
1197 1121 1268 1179 ut
1313 1117 1689 1199 scriptorem
1729 1134 2027 1199 quaerere
2066 1113 2373 1180 malimus
2410 1115 2578 1180 inter
2611 1115 2752 1186 τοὺς
2792 1137 2935 1192 περι-

573 1222 1012 1300 τετμημένους.
1083 1219 1382 1288 Ceterum
1446 1220 1640 1286 homo
1703 1222 1975 1285 minime
2032 1226 2258 1286 acutus
2317 1221 2441 1288 fuit
2498 1228 2564 1286 et
2606 1219 2932 1286 ridiculum

571 1335 669 1395 est
728 1332 795 1392 in
855 1330 1074 1413 paucis
1136 1328 1305 1412 quod
1359 1327 1558 1392 tradit
1620 1327 1697 1392 de
1762 1329 2085 1413 Agrippae
2144 1325 2415 1394 filiabus.
2500 1327 2765 1394 Mortuo
2805 1346 2936 1412 rege

571 1443 900 1513 Καισαρεῖς
949 1433 1054 1498 καὶ
1105 1433 1450 1511 Σεβαςηνοὶ
1495 1434 1637 1504 τοὺς
1686 1431 2051 1513 ἀνδριάντας
2102 1439 2219 1496 τῶν
2257 1438 2363 1497 τοῦ
2400 1433 2719 1511 βασιλέως
2762 1436 2933 1510 θυγα-

570 1541 752 1621 τέρων
797 1539 1194 1618 ἁρπάσαντες
1245 1537 1627 1616 ὁμοθυμαδὸν
1677 1537 1970 1614 ἐκόμισαν
2018 1540 2102 1611 εἰς
2154 1539 2239 1604 τοὶ
2288 1547 2555 1620 πορνεῖα.
2626 1538 2797 1606 Leve
2832 1538 2933 1602 hoc

565 1647 892 1734 flagitium
940 1648 1152 1712 visum
1202 1647 1326 1710 fuit
1373 1647 1763 1730 excerptori:
1819 1647 2029 1731 regias
2069 1647 2351 1734 virgines
2389 1646 2543 1710 audi
2579 1664 2741 1731 quae
2782 1642 2933 1709 tule-
3059 1727 3060 1740 χ

567 1756 732 1819 rint:
799 1754 880 1817 Οἱ
929 1752 1277 1830 Σεβαςηνοὶ
1327 1753 1470 1816 κατ’
1517 1752 1807 1827 οὐδεμίαν
1854 1750 2055 1824 ἄλλην
2106 1753 2418 1834 πρόφασιν
2464 1753 2630 1827 πλὴν
2676 1757 2782 1817 τοῦ
2824 1775 2933 1827 μα·

568 1869 736 1936 νῆναε
815 1860 1214 1940 ἁρπάσαντες
1291 1858 1494 1936 ἀθρόον
1565 1856 1672 1922 καὶ
1746 1858 2029 1936 πορνείοις
2101 1859 2663 1936 ἑγκαταςῆσαντες
2736 1861 2933 1924 πᾶσαν

565 1969 792 2039 αὐταῖς
857 1963 1031 2045 ὕβριν
1089 1967 1269 2046 ῥητὴν
1328 1963 1432 2028 καὶ
1501 1963 1753 2044 ἄρρητον
1823 1961 2233 2040 ἐπεδείξαντο.
2326 1964 2659 2030 Nimirum
2728 1965 2933 2030 crescit

567 2073 740 2136 fama
785 2071 1011 2138 eundo.

657 2176 854 2242 Venio
893 2177 972 2242 ad
1011 2177 1230 2243 Photii
1269 2176 1549 2242 codicem
1586 2174 1712 2255 33,
1752 2198 1903 2244 nam
1944 2184 2199 2264 propter
2238 2179 2409 2244 hunc
2448 2179 2731 2245 codicem
2756 2180 2929 2263 potis·

564 2284 804 2350 simum
865 2285 1188 2368 superiora
1249 2284 1799 2368 pertractavimus.
1886 2281 2271 2350 Chronicum
2333 2291 2469 2352 erat
2514 2284 2689 2351 Justi
2732 2284 2927 2360 illius,

562 2410 752 2475 quem
813 2389 1128 2474 Josephus
1183 2392 1250 2454 in
1296 2387 1454 2454 Vita
1497 2395 1631 2454 tam
1680 2391 1909 2454 acriter
1952 2392 2346 2478 perstringit.
2416 2393 2779 2458 Audiamus
2820 2389 2927 2454 Pa-

561 2496 926 2562 triarcham.
997 2493 1263 2582 Scripsit
1309 2495 1644 2561 historiam
1690 2493 1729 2561 J
1734 2502 1915 2561 ustus
1962 2496 2041 2561 ab
2089 2495 2265 2564 Mose
2313 2518 2515 2583 usque
2554 2500 2635 2564 ad
2674 2503 2927 2563 mortem

559 2604 916 2689 Agrippae:
977 2609 1247 2685 τελευτᾷ
1298 2602 1360 2665 δὲ
1406 2602 1434 2665 ὃ
1480 2601 1788 2679 βασιλεὺς
1836 2600 1958 2667 ἔτει
2005 2604 2186 2683 τρίτῳ
2232 2607 2541 2683 Τραϊανοῦ
2566 2655 2583 2682 ,
2634 2600 2703 2670 οὖ
2746 2603 2847 2669 καὶ
2896 2602 2926 2675 ἦ

556 2708 752 2787 ἱςορία
817 2706 1180 2783 κατέληξεν.
1257 2710 1404 2774 ’‘Eee
1465 2707 1530 2773 δὲ
1590 2711 1700 2785 τὴν
1762 2708 1990 2790 Φρασιν
2044 2708 2519 2786 συντομώτατός
2582 2736 2653 2775 τε
2698 2711 2803 2775 καὶ
2850 2708 2927 2772 τὰ

555 2823 792 2883 nerea
854 2820 971 2878 τῶν
1029 2814 1550 2893 ἀναγκαιοτάτων
1612 2816 2065 2897 παραδραμών·
2116 2819 2213 2889 ὡς
2263 2816 2338 2881 δὲ
2388 2818 2488 2882 τὰ
2538 2817 2925 2882 Ἰουδαίων

553 2928 794 2986 νοσῶν
861 2920 1029 3008 (lege
1091 2918 1381 3007 οἱα-κῶν)
1449 2920 1835 2993 Ἰουδαῖός
1897 2946 1982 2986 τε
2047 2923 2183 2987 καὶ
2248 2923 2501 2998 αὐτὸς
2552 2923 2923 3004 ὑπάρχων

548 3026 635 3091 τὸ
698 3026 964 3105 γένος,
1022 3034 1160 3099 τῆς
1223 3029 1512 3105 Χριςοῦ
1561 3028 2030 3105 παρουσίας
2080 3028 2414 3094 καὶτῶν
2464 3029 2643 3109 περὶ
2692 3026 2925 3095 αὐτὸν

550 3132 1098 3198 τελεσθέντων
1173 3136 1308 3196 καὶ
1378 3138 1528 3196 τῶν
1602 3130 1718 3195 ὑπ’
1791 3134 2043 3197 αὐτοῦ
2117 3137 2922 3217 τερατουργηθέντων

547 3238 861 3308 οὐδενὸς
945 3234 1135 3311 ὅλως
1208 3238 1529 3315 μνήμην
1602 3237 2075 3312 ἐποιήσατο.
2167 3241 2598 3326 Agnoscimus
2664 3241 2921 3307 eundem

545 3340 866 3409 Judaeum
889 3390 905 3421 ,
967 3346 1076 3427 qui
1123 3345 1445 3429 superiora
1491 3365 1570 3409 ex
1616 3340 1891 3429 Josepho
1934 3347 2287 3431 excerpsit3
2346 3346 2573 3415 deinde
2624 3346 2923 3415 Christis·

544 3470 667 3514 nus
708 3448 968 3534 quidam
1009 3448 1258 3513 addidit
1295 3469 1454 3534 quae
1491 3448 1773 3515 diductis
1812 3448 2015 3514 literis
2057 3453 2448 3519 notavimus.
2480 3452 2647 3533 Quid
2674 3446 2923 3519 autem?

543 3554 582 3621 .Ῐ
590 3562 769 3621 ustus
816 3554 1162 3621 admodum
1211 3556 1510 3620 brevitati
1554 3555 1795 3620 studet:
1850 3575 1974 3620 non
2012 3562 2111 3621 est
2160 3558 2366 3644 igitur
2392 3560 2756 3626 mirandum
2780 3578 2919 3625 eum

546 3661 707 3728 nihil
770 3663 976 3728 dicere
1036 3661 1115 3727 de
1175 3659 1363 3743 Jesu,
1425 3660 1480 3725 si
1537 3662 1799 3745 quidem
1862 3663 2031 3747 apud
2093 3662 2474 3752 Josephum,
2544 3688 2730 3752 quem
2790 3672 2917 3731 tam

545 3768 870 3853 loquacem
939 3775 1003 3834 et
1064 3767 1384 3854 prolixum
1444 3787 1579 3833 esse
1642 3770 1975 3847 novimus,
2039 3776 2170 3835 tam
2232 3790 2434 3856 pauca
2494 3772 2682 3839 hodie
2726 3772 2800 3836 de
2844 3790 2913 3835 eo

544 3874 840 3961 legantur
859 3925 878 3959 ,
927 3884 1000 3939 ut
1045 3896 1124 3940 ne
1172 3874 1513 3939 dimidiam
1563 3874 1823 3959 quidem
1871 3878 2175 3962 paginam
2209 3875 2545 3961 impleant.
2584 3878 2723 3943 Aut
2741 3875 2917 3942 fallor

547 3986 659 4044 aut
709 3982 900 4046 verba
947 4001 1019 4045 ea
1067 3982 1420 4065 conscripta
1469 3986 1533 4045 et
1578 3982 1815 4045 inserta
1858 3989 2009 4045 sunt
2056 3981 2169 4045 diu
2206 3988 2355 4047 ante
2392 3983 2701 4050 Photium
2720 4031 2737 4063 ‚
2774 3985 2915 4068 quin

547 4094 612 4151 et
659 4092 804 4151 ante
851 4086 1239 4170 Eusebium,
1290 4107 1414 4171 quo
1462 4090 1747 4171 tempore
1792 4106 2013 4152 revera
2058 4090 2133 4151 de
2178 4085 2333 4154 Jesu
2374 4090 2543 4176 apud
2582 4090 2913 4176 Josephum

547 4192 757 4259 multo
817 4193 1001 4278 plura
1057 4192 1426 4280 legerentur
1485 4214 1680 4278 quam
1743 4193 1931 4258 hodie
1993 4200 2351 4279 supersunt.
2422 4196 2643 4284 Itaque
2688 4196 2913 4265 exami-

547 4300 756 4365 nanda
817 4302 1096 4385 suspicio
1157 4303 1308 4378 erit,
1375 4320 1533 4364 num
1598 4300 1759 4364 forte
1819 4302 2136 4386 genuinus
2180 4299 2258 4366 de
2304 4300 2343 4367 J
2348 4322 2458 4367 esu
2504 4303 2684 4369 locus
2728 4302 2915 4369 elimi-

542 4412 734 4473 natus
767 4409 854 4471 sit
891 4412 956 4471 et
994 4412 1214 4493 postea
1255 4405 1379 4472 alia
1421 4424 1619 4490 eaque
1660 4406 1949 4472 breviora
1986 4410 2314 4493 supposita
2339 4410 2488 4474 sint.
2534 4408 2669 4475 Nec
2694 4411 2911 4475 mirum
