3150 5000
1192 225 1199 238 ·
1331 199 1754 250 Garama.
2603 181 2734 251 43¹7

1427 393 1563 464 CX.
1616 397 1676 462 l.

621 563 947 650 Aufilena,
996 564 1194 631 bonae
1240 584 1489 654 semper
1538 563 1884 630 laudantur
1928 565 2198 642 amica03

713 674 1034 757 accipiunt
1078 673 1356 757 pretium
1408 691 1568 756 quae
1616 669 1818 735 facere
1866 671 2234 735 instituunt.

623 791 696 842 tu
742 777 909 863 quod
957 777 1306 863 promisisti
1356 777 1519 842 mihi
1566 776 1734 862 quod
1783 779 2053 842 mentita
2097 778 2360 843 inimica
2405 797 2505 843 es:

716 887 883 969 quod
931 906 1045 950 nec
1094 885 1205 950 das
1252 889 1316 950 et
1363 885 1485 949 fers
1532 903 1716 967 saepe
1763 883 1918 948 facis
1965 883 2233 949 facinus.

435 991 591 1056 bene
654 993 981 1078 corrigunt
1028 991 1309 1076 promisti
1372 999 1436 1055 et
1498 989 1577 1054 ad
1633 989 1922 1074 promisse
1967 1011 2060 1056 vs.
2113 990 2152 1054 5
2201 990 2727 1058 accommodatis-

336 1097 523 1162 sime.
595 1096 705 1161 sed
772 1097 1015 1160 mentita
1090 1118 1337 1182 quoque
1402 1097 1710 1162 vitiosum
1777 1101 1890 1161 est.
1961 1116 2108 1161 nam
2175 1102 2239 1162 et
2297 1099 2512 1183 ipsum
2584 1099 2731 1164 sub-

337 1201 686 1268 obscurum
749 1211 844 1268 est
907 1205 1031 1267 nisi
1094 1226 1153 1266 es
1217 1205 1546 1268 accesserit
1611 1207 1675 1267 et
1737 1222 2026 1288 praesens
2089 1202 2497 1270 desideratur.
2573 1204 2733 1272 vitio

338 1311 599 1394 utrique
661 1308 984 1374 medentes
1054 1325 1337 1373 namma
1409 1311 1794 1393 reponimus.
1871 1307 2112 1373 similia
2179 1311 2466 1394 peccavit
2535 1307 2758 1375 libra-‘

336 1417 515 1490 rius,
581 1414 648 1478 in
711 1416 987 1478 carmine
1050 1412 1283 1478 LXIII.
1340 1411 1421 1479 17
1472 1414 1740 1478 evitastis
1789 1416 2023 1498 scripto
2069 1434 2182 1499 pro
2231 1415 2508 1479 evirastis
2554 1421 2617 1480 et
2666 1418 2734 1480 in

334 1541 390 1584 c.
460 1517 614 1584 XII.
682 1519 716 1583 1
781 1519 1126 1584 Μὰιναοὶηε
1186 1541 1297 1606 pro
1362 1520 1736 1585 Marrucine.
1816 1539 1966 1584 nam
2030 1520 2106 1586 de
2169 1544 2207 1583 a
2271 1527 2335 1585 et
2399 1543 2430 1585 e
2495 1519 2730 1588 litteris

335 1625 625 1690 confusis
672 1645 1207 1711 supervacaneum
1256 1633 1351 1691 est
1399 1626 1629 1692 dicere.

1444 1806 1638 1875 CXV.

480 1975 775 2042 Mentula
820 1975 1012 2042 habet
1057 1978 1258 2042 instar
1304 1975 1573 2063 triginta
1619 1978 1842 2064 iugera
1889 1981 2055 2063 prati
2075 2025 2093 2056 ‚

570 2083 991 2170 quadraginta
1038 2083 1176 2149 arvi
1222 2087 1430 2148 cetera
1477 2087 1626 2147 sunt
1674 2085 1896 2150 maria.

478 2210 593 2255 cur
636 2209 762 2256 non
807 2189 1056 2255 divitiis
1101 2187 1408 2254 Croesum
1456 2209 1751 2275 superare
1796 2196 1963 2275 potis
2007 2193 2090 2258 sit

566 2316 692 2362 uno
741 2298 853 2381 qui
897 2297 967 2360 in
1012 2293 1182 2361 saltu
1229 2300 1327 2361 tot
1374 2296 1537 2361 bona
1583 2295 1936 2382 possideat,

474 2407 657 2488 prata
702 2422 855 2469 arva
898 2403 1179 2488 ingentis
1225 2401 1423 2470 silvas
1465 2401 1790 2487 saltusque
1834 2400 2223 2490 paludesque

564 2531 764 2596 usque
810 2508 891 2575 ad
932 2508 1379 2595 Hyperboreos
1425 2514 1492 2574 et
1538 2529 1713 2575 mare
1761 2510 1842 2575 ad
1889 2508 2254 2577 Oceanum?

472 2619 690 2682 omnia
732 2635 969 2703 magna
1015 2614 1169 2681 haec
1216 2620 1365 2681 sunt
1411 2620 1628 2681 tamen
1673 2618 1810 2701 ipse
1857 2622 1954 2683 est
1998 2619 2324 2683 maximus
2370 2617 2543 2685 ultor

561 2743 687 2789 non
732 2722 925 2789 homo
970 2721 1079 2787 sed
1129 2741 1275 2788 vero
1322 2721 1611 2788 mentula
1660 2742 1895 2809 mag-na
1948 2727 2187 2789 minax.

329 2831 401 2895 in
479 2831 759 2895 carmine
826 2827 1183 2895 obscuriore
1253 2834 1318 2894 et
1386 2827 1676 2914 pluribus
1745 2828 1992 2895 mendis
2061 2830 2386 2899 laborante
2454 2852 2578 2899 non
2647 2854 2722 2899 ea

330 2954 558 3001 sumus
628 2932 1005 2999 confidentia
1072 2939 1146 2999 ut
1214 2936 1427 3000 omnia
1490 2954 1821 3019 speremus
1881 2935 2194 3021 expedire.
2256 2940 2414 3004 satis
2473 2938 2596 3003 erit
2661 2942 2720 3005 si

330 3061 537 3105 unum
602 3040 710 3105 sed
773 3038 936 3105 illud
1001 3042 1360 3105 maximum
1423 3045 1488 3104 et
1548 3039 1629 3106 ad
1686 3043 1886 3106 totius
1948 3043 2246 3109 carminis
2316 3042 2716 3110 intellectum

330 3148 713 3233 gravissime
775 3147 1094 3230 pertinens
1158 3148 1394 3212 vitium
1443 3144 1913 3213 sustulerimus.
1979 3168 2051 3212 ac
2097 3149 2407 3233 principio
2457 3150 2716 3233 quidem

328 3251 497 3317 illud
546 3250 889 3316 tenendum
938 3256 1035 3315 est
1070 3250 1468 3336 ineptissime
1506 3252 1573 3315 in
1612 3250 1848 3317 ultimo
1891 3272 2078 3319 versu
2114 3253 2192 3319 de
2229 3253 2362 3319 solo
2385 3254 2720 3323 Mamurra

332 3358 623 3445 cogitari.
685 3355 851 3422 belle
913 3358 1087 3422 enim
1149 3354 1442 3423 Catullus
1503 3359 1616 3441 qui
1668 3360 1876 3442 primo
1925 3380 2112 3424 versu
2161 3359 2517 3426 mentulam
2564 3382 2715 3427 eum

330 3462 799 3550 appellaverat,
845 3461 1201 3527 mentulam
1250 3482 1554 3549 magnam
1605 3470 1671 3529 et
1717 3466 2031 3531 minacem
2080 3464 2315 3531 ultimo
2364 3464 2716 3551 appellatu-

330 3590 443 3635 rus
506 3578 661 3635 erat.
726 3568 853 3633 huc
920 3567 1162 3633 accedit
1208 3567 1375 3652 quod
1423 3569 1639 3634 omnia
1683 3571 1927 3635 maiora
1971 3578 2119 3635 sunt
2171 3592 2362 3657 quam
2411 3591 2524 3657 pro
2567 3571 2714 3639 Ma-

331 3695 570 3741 murra.
636 3673 791 3759 quid
854 3672 1063 3739 dicam
1125 3674 1202 3739 de
1262 3672 1549 3739 Firmani
1597 3672 1776 3740 illius
1821 3674 2026 3741 saltus
2071 3677 2515 3764 magnitudine
2564 3681 2714 3763 qui,

331 3801 482 3847 oum
530 3781 799 3868 triginta
844 3782 1012 3865 prati
1055 3782 1281 3865 iugera
1298 3826 1315 3857 ‚
1364 3779 1787 3868 quadraginta
1832 3784 1970 3848 arvi
2010 3782 2305 3862 haberet,
2348 3786 2404 3849 is
2446 3791 2610 3851 esset
2647 3788 2715 3851 in

331 3907 456 3972 quo
516 3885 850 3953 Mamurra
908 3891 1090 3972 prata
1136 3906 1285 3952 arva
1331 3886 1623 3973 ingentes
1673 3885 1867 3954 silvas
1915 3886 2116 3955 saltus
2162 3888 2461 3974 paludes,
2509 3892 2714 3956 immo

329 3994 533 4059 maria
580 4011 827 4077 quoque
872 3988 1261 4077 possideret?
1303 3993 1413 4077 qui
1452 4012 1652 4078 usque
1693 3991 1773 4058 ad
1810 3991 2254 4079 Hyperboreos
2293 4000 2356 4061 et
2392 3994 2714 4061 Oceanum

330 4093 800 4186 porrigeretur?
847 4097 1001 4163 haec
1048 4098 1263 4163 omnia
1310 4098 1608 4183 perplexa
1654 4102 1844 4183 atque
1892 4099 2165 4166 absurda
2209 4108 2358 4165 sunt
2403 4103 2528 4165 nisi
2576 4122 2714 4186 per-

332 4208 609 4289 spexeris
677 4204 803 4269 alia
871 4203 1171 4281 describi,
1247 4202 1375 4269 alia
1443 4203 1754 4291 intellegi.
1832 4225 2107 4292 magnus
2169 4228 2317 4273 sane
2376 4206 2712 4273 Firmanus

330 4309 531 4379 saltus
578 4310 685 4377 sed
724 4310 913 4377 certis
953 4306 1185 4376 finibus
1225 4310 1393 4375 idem
1436 4313 1837 4379 terminatus.
1879 4311 2046 4377 unde
2086 4333 2236 4400 ergo
2273 4314 2426 4379 haec
2462 4310 2712 4380 infinita
