3150 5000
505 279 592 348 Ι70
1493 297 1893 348 monemus.

586 465 660 531 V.
713 463 837 530 41.
891 465 991 529 ὑπ’
1039 463 1292 541 ἀπιςίης
1342 463 1394 528 οἱ
1440 462 1641 543 ἔφοροι
1688 465 2019 528 τίκτουσαν
2067 489 2177 538 την
2216 473 2491 544 γυναῖκα
2530 465 2915 547 περιιζό-

497 595 726 652 μενοι
790 567 1147 652 έφύλαξαν.
1229 568 1550 637 Adversus
1614 589 1871 635 omnem
1927 571 2171 638 fraudis
2236 575 2665 659 suspicionem
2728 575 2914 640 satis

504 682 642 746 erat
683 677 972 744 adsidere
1011 683 1080 744 et
1124 675 1330 744 malo:
1379 675 1933 760 παριζόμενοι.

597 890 864 958 Dorieus
922 890 992 956 in
1051 888 1559 975 Peloponnesum
1622 889 1813 955 rediit
1861 888 1915 953 V
1965 888 2087 969 423
2134 891 2255 958 hoc
2302 888 2543 959 Graece
2590 890 2725 958 dici
2772 913 2921 960 non

503 999 726 1068 debet:
785 997 1048 1063 ἀπίκετο
1093 997 1154 1068 ές
1203 994 1681 1072 Πελοπόννησον.
1755 992 2014 1062 Contuli
2064 996 2119 1064 V
2167 997 2290 1062 94:
2340 999 2646 1078 ἀνεχώρεε
2697 1000 2918 1065 ὀπίσω

506 1107 568 1178 ές
633 1105 914 1185 Σίγειον,
974 1103 1029 1171 V
1097 1101 1259 1168 107:
1324 1101 1776 1184 παραγίνεσθαι
1840 1103 2029 1168 ὀπίσω
2078 1105 2139 1175 ἐς
2188 1103 2274 1169 τά
2324 1108 2571 1188 Σοῦσα,
2616 1103 2720 1170 VI
2773 1106 2923 1174 24:

504 1211 764 1278 ἀπίκετο
826 1211 1014 1275 ὀπίσω
1079 1208 1252 1289 παρὰ
1312 1207 1631 1292 βασιλέα,
1686 1207 1786 1274 VI
1848 1207 1969 1274 92:
2045 1209 2434 1285 ἀπενόςησαν
2504 1209 2735 1290 ὀπίσω,
2822 1212 2925 1278 VI

506 1318 668 1392 118;
731 1315 1004 1382 ἀπίκατο
1071 1315 1121 1380 οἱ
1187 1316 1402 1391 Δήλιοι
1463 1315 1653 1380 ὀπίσω
1702 1317 1763 1388 ἐς
1811 1317 1921 1390 την
1968 1323 2164 1390 νῆσον.
2234 1314 2434 1382 Vides
2478 1317 2693 1404 igitur
2740 1319 2921 1404 quid

499 1423 908 1491 inserendum
955 1422 1055 1486 sit.

592 1637 677 1704 V.
741 1637 865 1702 503
928 1633 1142 1702 έθέλων
1202 1633 1408 1718 σφέας
1472 1635 1603 1702 ἀπὸ
1664 1635 1984 1774 θαλάσσης
2046 1641 2220 1718 τριῶν
2265 1643 2470 1716 μηνῶν
2518 1635 2647 1702 ὁδὸν
2692 1637 2921 1715 ἀγα-

497 1751 705 1825 γειν.
773 1741 986 1814 Malo:
1037 1740 1425 1822 ἀπάγειν.

593 1957 679 2024 V.
739 1953 864 2022 6¹7:
929 1953 1014 2021 τά
1074 1978 1145 2020 τε
1191 1953 1262 2030 δη
1313 1952 1491 2019 ἄλλα
1541 1956 1593 2021 οἱ
1644 1953 1950 2020 Σικυώνιοι
2002 1954 2245 2030 έτίμεον
2287 1955 2391 2043 τὸν
2432 1953 2737 2034 Ἀδρηςον
2796 1955 2917 2022 καὶ

500 2064 574 2138 δη
619 2064 801 2144 πρὸς
850 2062 938 2126 τά
987 2060 1195 2127 πάθεα
1240 2063 1431 2126 αὐτοῦ
1479 2069 1828 2140 τραγικοῖσι
1874 2067 2107 2142 χοροῖσι
2150 2060 2474 2140 ἐγέραιρον.
2522 2059 2735 2148 Lege:
2798 2062 2915 2128 καὶ

507 2169 576 2248 δὴ
627 2169 786 2234 καί.
848 2167 1217 2234 Plurimum
1260 2168 1458 2232 miror
1493 2167 1781 2233 nondum
1822 2169 2189 2233 restitutam
2229 2167 2428 2234 fuisse
2458 2166 2875 2234 locutionem
2896 2218 2917 2254 ,

508 2296 668 2361 quae
714 2279 849 2342 tam
895 2274 1111 2342 erebro
1157 2275 1507 2340 invenitur.

591 2485 856 2554 Passiva
917 2486 1124 2552 forma
1177 2485 1399 2552 aoristi
1453 2506 1585 2551 non
1636 2483 1894 2551 ferenda
1954 2484 2210 2552 videtur
2270 2483 2334 2551 V
2388 2483 2511 2553 72:
2561 2486 2604 2551 ἀ
2620 2510 2649 2553 ν
2668 2511 2710 2553 τ
2728 2513 2749 2553 ι
2772 2514 2821 2557 r.-
2836 2514 2920 2557 α-

504 2594 778 2669 θείσης
827 2592 889 2658 δὲ
937 2601 1047 2667 τῆς
1093 2594 1325 2671 βουλῆς
1375 2592 1478 2657 καὶ
1531 2594 1595 2657 οὐ
1645 2590 2025 2670 βουλομένης
2076 2592 2401 2659 πείθεσθαι.
2470 2574 2783 2681 Cogitavi
2832 2596 2917 2663 de

500 2699 1184 2783 ἀντιταχθείσης,
1249 2698 1440 2763 sicuti
1507 2697 1569 2763 V
1646 2696 1810 2763 1023
1884 2699 2369 2781 ἀντετάχθησαν
2432 2698 2481 2765 οἱ
2548 2703 2761 2771 Ἴωνες
2846 2710 2919 2769 et

498 2806 626 2873 V11
675 2805 830 2872 103:
885 2805 1162 2882 βασιλέα
1207 2804 1422 2885 πρέπει
1465 2804 1610 2883 πρὸς
1649 2805 1719 2871 τὸ
1760 2806 2078 2881 διπλήσιον
2120 2806 2623 2873 ἀντιτάσσεσθαι.
2663 2807 2909 2878 Etiam

498 2912 634 2978 VII
687 2912 848 2978 105:
900 2909 1182 2993 ὕπαρχον
1227 2914 1331 2979 τὸν
1380 2911 1496 2977 ὑπὸ
1545 2914 1805 2993 Δαρείου
1854 2913 2202 2983 ςαθέντα
2255 2914 2717 2993 καταπαύσας,
2766 2917 2915 2985 dici

502 3018 568 3083 id
615 3018 780 3085 solet
824 3020 950 3085 nisi
993 3018 1180 3085 fallor
1224 3016 1675 3099 ταχθέντα.

595 3234 892 3299 Primum
952 3238 1120 3299 reete
1187 3231 1428 3320 legitur
1485 3231 1548 3299 V
1614 3232 1725 3300 ¹74:
1797 3234 1847 3299 οἱ
1910 3234 2149 3300 Βοιωτοὶ
2200 3234 2418 3311 Οἰνόην
2468 3234 2735 3315 αἱρέουσι
2793 3240 2914 3307 καὶ

502 3340 718 3411 ’Ὑσιάς
739 3386 758 3416 ,
820 3339 1046 3417 δήμους
1111 3338 1250 3411 τοὺς
1321 3336 1631 3417 ἐσχάτους
1696 3348 1808 3415 τῆς
1873 3342 2203 3419 Ἀττικῆς,
2269 3340 2496 3407 deinde
2560 3345 2911 3427 sequitur:

505 3445 842 3519 Χαλκιδέες
905 3470 976 3511 τε
1023 3444 1120 3511 ἐπὶ
1174 3443 1260 3508 τοὶ
1305 3440 1484 3524 ἕτερα
1533 3445 1791 3511 ἐσίνοντο
1843 3446 2112 3521 ἐπιόντες
2162 3450 2472 3529 χώρους
2520 3453 2630 3521 τῆς
2680 3453 2914 3519 Ἀττι-

489 3560 623 3627 κῆς.
697 3552 857 3633 Quis
903 3554 997 3617 ita
1041 3549 1360 3637 loquitur:
1413 3548 1684 3623 ἐπιόντες
1734 3550 2009 3633 χώρουςΐ
2098 3552 2323 3638 Neque
2369 3572 2529 3639 opus
2576 3554 2704 3619 fuit
2752 3558 2909 3623 tam

491 3657 819 3725 indefinite
881 3656 1090 3743 loqui,
1155 3677 1306 3721 nam
1372 3658 1720 3741 apparebat
1782 3678 1820 3725 a
1882 3678 2156 3744 quanam
2208 3664 2387 3744 parte
2438 3657 2908 3729 Chalcidenses

498 3769 793 3835 fecissent
837 3767 902 3830 in
949 3766 1236 3831 Atticam
1285 3766 1701 3829 invasionem.
1772 3764 1942 3845 Quid
1990 3767 2307 3851 requiram
2328 3814 2347 3853 ,
2391 3765 2724 3853 ostendent
2764 3766 2907 3837 loci

499 3876 611 3959 qui
657 3876 1046 3958 sequuntur:
1093 3870 1192 3936 VI
1243 3868 1410 3936 1083
1462 3870 1845 3949 ὑπερβάντες
1892 3873 1945 3937 οἱ
1985 3873 2289 3946 Ἀθηναῖοι
2332 3872 2475 3943 τοὺς
2512 3871 2566 3937 οἱ
2606 3873 2905 3949 Κορίνθιοι

493 3980 713 4055 ἔθηκαν
775 3981 1164 4044 Πλαταιεῦσι
1233 3972 1384 4043 εἶναι
1453 3976 1652 4059 οὔρους
1700 3983 1763 4042 et
1812 3977 1946 4043 VII
1996 3976 2116 4042 30:
2171 3977 2541 4061 ὀρμεώμενος
2594 3976 2695 4044 ἐπὶ
2746 3982 2904 4055 τοὺς

501 4086 700 4167 οὔρους
748 4092 868 4151 τῶν
913 4086 1183 4166 Φρυγῶν.
1253 4083 1426 4150 Hinc
1472 4083 1857 4171 leg-endum:
1906 4083 2176 4158 ἐπιόντες
2226 4084 2405 4158 τοὺς
2454 4084 2737 4167 οὔρους
2776 4095 2899 4163 τῆς

501 4196 818 4269 Ἀττικῆς.

591 4298 792 4367 Facili
855 4318 1044 4385 opera
1089 4296 1494 4383 interpolatio
1539 4298 1727 4385 argui
1770 4299 1983 4381 potest
2028 4295 2092 4362 V
2141 4295 2251 4362 82.
2321 4296 2557 4364 Narrat
2602 4295 2901 4366 Herodo-

496 4412 636 4471 tus:
689 4404 920 4471 έδέοντο
957 4401 1033 4471 ὦν
1069 4401 1120 4469 οἱ
1158 4402 1527 4485 Ἐπιδαύριοι
1562 4402 1895 4475 Ἀθηναίων
1920 4402 2130 4477 ἐλαίην
2156 4412 2289 4520 σφι·
2300 4402 2503 4469 δοῦναι
2530 4402 2850 4481 ταμέσθαι
2874 4452 2893 4485 ,
