3150 5000
1210 259 1678 310 macnnnmvs.
2513 239 2644 306 303

359 428 673 494 Exnv'n.
745 467 821 478 —
892 427 1109 494 XXV.
1180 426 1242 494 ’7.
1306 426 1366 492 8.
1448 425 1627 510 „Quo
1674 429 1978 512 temporis
2023 427 2264 511 spatio,
2313 431 2650 510 antequam

261 536 333 602 hi
374 538 805 620 mitterentur,
844 538 901 600 si
949 556 1041 601 ex
1064 535 1217 601 abu
1237 555 1326 600 su
1345 555 1375 599 s
1418 535 1710 620 princeps
1749 533 2061 618 paulatim
2105 536 2288 600 terris
2311 531 2655 598 hostilibus
2684 587 2689 598 .

262 644 659 719 excessisset,
738 641 1019 728 profecto
1083 643 1361 708 uenisset
1422 639 1500 705 ad
1559 639 1873 726 praesidia
1935 637 2364 705 Gorduenae.”
2432 675 2518 686 —
2576 637 2650 702 L.

260 769 353 814 ex
370 754 541 814 acte
591 769 632 813 u
648 768 733 813 su
747 769 798 813 s.

350 967 641 1034 Emno.
692 1005 775 1016 —
822 965 1002 1033 XXI.
1057 966 1158 1032 10.
1211 965 1276 1032 2.
1347 964 1587 1051 „Cuius
1632 967 1758 1062 loci
1801 967 2003 1031 situm
2051 985 2373 1032 exnunc
2418 985 2645 1031 conue-

255 1075 395 1140 niet
442 1071 747 1140 ostendi.”
796 1110 882 1124 --
932 1072 1005 1138 L.
1054 1073 1377 1140 exhinc.
1424 1069 1523 1140 Of.
1571 1075 1693 1158 Ap.
1739 1071 1900 1138 Met.
1947 1069 2060 1136 XI.
2110 1070 2216 1137 24.

348 1290 693 1358 anwuls.
764 1329 846 1342 —
914 1288 1213 1356 XXVIII.
1279 1289 1341 1356 2.
1409 1292 1469 1356 1.
1544 1287 2074 1369 „Valentinianus
2136 1309 2374 1376 magna
2433 1292 2646 1355 animo

254 1399 614 1483 concipiens
673 1401 739 1464 et
799 1397 990 1464 utilia
1008 1445 1025 1475 ‚
1090 1395 1389 1462 Rhenum
1453 1416 1708 1462 omnem
1761 1415 1799 1461 a
1842 1394 2218 1462 Raetiarum
2265 1393 2520 1461 exordio
2565 1395 2646 1462 ad

254 1524 461 1589 usque
518 1503 919 1570 fretalem
979 1501 1300 1570 Oceanum
1349 1503 1606 1590 magnis
1651 1501 1933 1567 molibus
1980 1498 2512 1568 communiebat.”
2563 1499 2644 1550 -‘

254 1609 331 1676 L.
380 1609 445 1674 fi
461 1631 499 1674 n
525 1609 602 1675 al
618 1629 653 1676 e
671 1630 759 1674 m.

344 1825 761 1892 Inmmnvms.
814 1863 896 1874 —
948 1824 1125 1891 XIX.
1178 1825 1236 1890 6.
1295 1827 1356 1893 7.
1424 1823 1644 1904 „Galli
1707 1845 2030 1890 morarum
2077 1827 2487 1911 impatientes
2535 1875 2551 1891 .
2582 1876 2598 1890 .
2625 1879 2642 1895 .

252 1934 573 2019 patefacta
634 1939 785 1998 sunt
844 1935 1080 2021 egressi
1141 1935 1385 2018 postica
1402 1980 1418 2009 ‚
1479 1934 1814 1998 obseruata
1857 1937 2039 1998 nocte
2085 1931 2378 2017 squalida
2424 1937 2488 1998 et
2534 1935 2644 1999 in-

253 2045 282 2103 t
301 2037 586 2104 erluni
643 2060 680 2104 o
704 2043 915 2104 rantes
976 2038 1242 2104 caeleste
1308 2038 1695 2126 praesidium
1757 2044 1833 2102 ut
1890 2040 2238 2124 propitium
2287 2038 2534 2106 adesset
2573 2050 2644 2106 et

250 2145 523 2213 libens.’'
570 2183 651 2194 -——
702 2144 771 2224 L.
822 2144 1325 2211 interluni0.

344 2375 663 2442 Iwmmm.
732 2411 813 2422 —
881 2372 1123 2440 XXVI.
1187 2372 1250 2439 6.
1304 2373 1408 2442 17.
1476 2373 1693 2451 „Huic
1739 2375 1812 2460 [i.
1840 2395 1896 2440 e.
1944 2374 2278 2460 Procopio]
2324 2378 2644 2442 intimi·

254 2481 442 2549 dius
504 2480 821 2547 incedenti
869 2502 983 2547 nec
1031 2481 1363 2546 resistebat
1410 2477 1685 2566 populus
1731 2502 1845 2546 nec
1892 2481 2214 2547 fauebat.”
2265 2520 2346 2531 —
2395 2481 2468 2551 L.
2517 2485 2588 2551 it
2608 2505 2646 2551 a

254 2590 409 2652 tim
431 2587 610 2652 idiu
629 2608 678 2652 s.
741 2586 813 2653 In
860 2590 1147 2672 proxime
1195 2586 1714 2671 praecedentibus
1760 2594 2096 2652 narrantur
2141 2591 2372 2654 armati
2417 2588 2644 2657 Proco-

252 2697 437 2779 pium
499 2696 805 2779 stipantes
867 2700 1047 2759 scuta
1110 2692 1439 2781 galearum
1491 2696 1702 2760 cristis
1750 2699 2030 2778 aptasse,
2077 2702 2436 2763 metuentes
2481 2720 2559 2764 ne
2606 2719 2660 2773 a

248 2799 435 2867 celsis
482 2803 666 2867 tectis
710 2803 881 2866 saxis
928 2800 1035 2866 uel
1083 2797 1451 2888 tegularum
1500 2799 1881 2887 fragmentis
1927 2800 2456 2871 conflictarentur.

342 3028 693 3095 Iuvanum
746 3067 832 3076 —-
881 3025 1056 3092 XXI.
1110 3026 1215 3092 15.
1265 3026 1329 3091 2.
1384 3026 1662 3115 „Egredi
1707 3033 1923 3094 secuto
1971 3029 2073 3094 die
2113 3036 2373 3096 conatus
2415 3032 2643 3099 inua-

250 3135 485 3203 lente
531 3136 741 3202 morbi
786 3136 1106 3223 grauitate
1154 3134 1447 3200 detentus
1493 3133 1656 3199 est.”
1710 3171 1791 3182 —
1847 3134 1918 3200 L.
1965 3136 2437 3204 inuadente.

341 3356 704 3423 Nnxrmms.
760 3392 833 3403 —
891 3354 1149 3422 XXIX.
1200 3354 1263 3419 2.
1318 3355 1418 3419 11.
1498 3352 1810 3431 „Nexib
1833 3353 1934 3419 ili
1983 3354 2454 3423 adseueratione
2500 3378 2640 3444 per-

253 3461 373 3527 diti
422 3460 753 3527 nebulonis
803 3460 1068 3527 durante
1090 3511 1108 3546 ,
1156 3460 1401 3527 nullam
1444 3460 1894 3527 confessionem
1937 3462 2288 3545 exprimere
2321 3467 2640 3528 tormenta

254 3571 481 3657 grauia
534 3567 942 3653 potuerunt.”
995 3606 1076 3617 —-
1120 3568 1199 3634 L.
1248 3565 1766 3633 inflexibili.

344 3795 737 3863 OBLvmnvs.
806 3834 887 3845 —
956 3794 1125 3859 XIV.
1177 3793 1237 3861 6.
1294 3792 1398 3861 17.
1466 3794 1840 3873 „Postrema
1885 3756 2238 3861 multitudo
2286 3798 2637 3883 spadonum

254 3902 626 3969 obluridi
697 3904 1087 3986 distortaque
1157 3900 1691 3966 lineamentorum
1761 3920 2042 3987 conpage
2111 3900 2482 3969 deformes.”
2551 3943 2633 3956 —

256 4006 330 4073 L.
377 4028 513 4076 ore
560 4009 855 4076 luridi.

342 4220 746 4289 Pnausomo.
800 4260 886 4271 —-
934 4220 1083 4287 Vid.
1137 4243 1296 4307 quae
1344 4225 1648 4289 annotaui
1695 4224 1775 4289 ad
1821 4223 2078 4290 XXIX.
2131 4226 2190 4289 1.
2241 4224 2343 4290 31.
