3150 5000
521 239 654 305 258
1505 261 1842 308 musve

610 423 872 516 Cori-ige
933 433 1330 506 „nostrorum
1395 427 1703 494 cadauera
1766 449 1807 492 u
1826 429 1849 492 i
1868 450 1909 492 x
1972 447 2295 494 caesorum
2348 431 2378 492 t
2393 427 2484 493 ab
2504 448 2539 493 e
2556 447 2587 492 s
2604 448 2639 492 c
2654 447 2697 492 u
2712 429 2797 492 nt
2838 431 2893 490 et

519 531 874 599 defluunt.'’

613 750 718 816 10.
773 752 831 818 1.
899 752 1143 832 „Maris
1204 774 1385 818 casus
1431 755 1777 838 asperiores
1825 751 2029 818 solitis
2074 757 2545 838 uentorumque
2594 748 2895 838 procellae

515 857 878 924 reflantinm
923 881 1117 926 naues
1164 857 1405 926 delatas
1449 861 1519 924 in
1565 861 1887 944 proximos
1933 861 2109 924 sinus
2155 861 2418 924 introire
2462 864 2723 944 portum
2768 859 2895 923 Au-

515 967 696 1052 gusti
742 964 1185 1032 discriminum
1235 965 1682 1053 magnitudine
1725 963 2396 1051 perterrebant.”

605 1069 936 1138 Sententia
973 1075 1238 1158 requirit
1284 1071 1681 1138 deterreb
1701 1077 1859 1138 ant.
1908 1109 1985 1122 —
2032 1071 2363 1138 Deterrere
2410 1075 2711 1157 sequente
2756 1065 2894 1134 infi-

515 1180 670 1244 niuo
713 1178 888 1246 idem
938 1187 1034 1244 est
1079 1177 1246 1265 quod
1292 1177 1642 1263 prohibere.
1690 1177 1904 1244 Verbo
1946 1184 2291 1265 perterrere
2328 1175 2691 1244 infinitiuus
2722 1195 2902 1242 num-

518 1304 708 1369 quam
759 1285 1034 1350 additur.

615 1487 647 1549 1
661 1487 718 1548 1.
775 1485 833 1550 1.
886 1485 1100 1564 „Inter
1144 1487 1300 1552 haec
1346 1489 1439 1552 ita
1477 1489 1785 1575 ambigua
1826 1485 2273 1554 Constantium
2316 1485 2517 1554 Sirmi
2541 1491 2737 1554 etiam
2766 1493 2901 1554 tum

514 1592 779 1658 hiberna
825 1596 1038 1678 quiete
1083 1615 1116 1658 c
1137 1601 1514 1658 urantem
1561 1614 1701 1679 pro
1722 1614 1845 1659 mo
1864 1596 2014 1660 ueb
2033 1601 2173 1659 ant
2217 1597 2427 1660 nuntii
2477 1595 2809 1661 metuendi
2846 1601 2907 1658 et

517 1699 806 1787 graues.”

609 1803 750 1871 Non
813 1806 1076 1871 hiberna
1137 1809 1388 1872 curauit
1435 1804 1843 1873 Constantius
1864 1855 1878 1882 ,
1930 1807 2039 1873 sed
2091 1805 2289 1872 Sirmi
2337 1807 2596 1874 durauit
2642 1808 2907 1874 hiberna

519 1914 751 1998 quiete.
799 1911 1129 1979 Scribatur
1173 1917 1378 2001 igitur
1423 1914 1465 1978 d
1485 1935 1528 1978 u
1544 1935 1578 1978 r
1595 1935 1688 1979 an
1708 1921 1785 1980 te
1804 1935 1892 1978 m.
1940 1913 2066 1980 Pro
2114 1936 2154 1999 p
2170 1933 2252 1980 ro
2272 1935 2335 1978 m
2356 1935 2391 1980 o
2409 1936 2454 1979 u
2472 1935 2507 1979 e
2526 1913 2564 1979 b
2585 1934 2622 1979 a
2638 1937 2683 1978 n
2701 1919 2731 1979 t
2778 1935 2907 1979 cor-

517 2019 858 2108 rigendum
908 2041 1126 2106 perm
1148 2040 1184 2086 o
1207 2043 1244 2084 n
1267 2021 1534 2086 ebant.

614 2233 720 2296 11.
773 2231 835 2297 5.
897 2233 1298 2322 Limigantes
1347 2229 1759 2299 Constantius
1802 2241 2250 2319 percunctatus
2297 2242 2396 2299 est
2450 2236 2907 2320 „quamobrem

520 2339 614 2403 ita
662 2338 1027 2424 palarentur
1074 2343 1296 2404 uarii
1343 2339 1709 2425 limitesque
1757 2347 1974 2405 contra
2020 2341 2357 2406 interdicta
2404 2341 2795 2426 pulsarent.”

503 2446 510 2454 '
611 2443 775 2526 Quia
837 2443 988 2512 Vat.
1049 2446 1242 2513 babet
1301 2448 1583 2527 uaria,
1631 2445 2035 2512 scribendum
2098 2455 2255 2533 puto
2302 2467 2446 2533 per
2491 2450 2737 2514 uaria
2782 2451 2907 2515 i.e.

517 2572 631 2638 per
674 2552 926 2619 diuersa
951 2602 965 2629 ,
1017 2556 1274 2638 passim.
1325 2550 1422 2619 Of.
1477 2552 1829 2641 Wagnerus
1877 2554 1957 2617 ad
2004 2553 2136 2619 h.1.

614 2764 714 2829 11.
781 2763 846 2830 9.
931 2766 1108 2847 Quae
1175 2766 1576 2854 Limigantes
1648 2768 1799 2832 licet
1866 2772 2188 2853 properari
2260 2772 2567 2836 sentirent
2640 2768 2903 2846 „nihil

517 2878 733 2939 tamen
802 2880 1143 2957 praeter
1209 2894 1423 2959 preces
1494 2873 1803 2961 fingentes
1876 2876 2129 2941 stabant
2198 2876 2483 2953 incurui,
2552 2876 2745 2963 longe
2786 2875 2910 2943 alia

516 2994 708 3065 quam
769 2998 929 3064 quae
988 2986 1175 3066 gestu
1223 2980 1659 3064 praeferebant
1705 2988 1769 3045 et
1816 2981 2027 3046 uerbis
2075 2981 2225 3046 altis
2274 2980 2600 3047 mentibus
2649 3003 2909 3067 perpen-

517 3087 792 3150 santes.’‘
2286 3152 2295 3161 ,

611 3190 812 3269 „Voc.
861 3190 1192 3277 „praeter”
1244 3194 1512 3257 inseruit
1557 3190 1870 3258 Valesius.
1920 3192 1997 3257 In
2044 3192 2198 3259 Vat.
2248 3198 2345 3258 est
2389 3192 2657 3272 „nihil
2694 3198 2907 3259 tamen

516 3298 798 3384 preces.”
849 3296 1106 3366 Conicio
1158 3296 1566 3375 „humiles
1613 3306 1829 3365 tamen
1877 3300 2161 3385 preces.'’

615 3509 721 3576 11.
772 3510 876 3575 12.
928 3511 1318 3597 „Stipatores
1366 3517 1581 3576 tamen
1629 3513 1814 3595 pauci
1862 3511 2046 3575 dum
2096 3513 2121 3574 i
2137 3515 2327 3599 gnis
2374 3532 2551 3578 more
2598 3512 2907 3578 inundan-

518 3622 612 3682 tes
673 3616 1060 3683 conabantur
1115 3637 1361 3700 arcere,
1410 3628 1522 3680 aut
1571 3616 1891 3681 uulnerati
1940 3620 2316 3682 interierunt
2364 3632 2479 3683 aut
2526 3619 2905 3704 ponderibus

518 3725 1033 3808 superruentium
1083 3745 1114 3787 s
1133 3722 1204 3787 ol
1227 3726 1250 3786 i
1268 3744 1297 3787 s
1343 3720 1644 3787 adflicti.’'

607 3828 828 3914 Inepte
872 3829 1114 3916 legitur
1160 3836 1224 3893 et
1270 3828 1540 3894 absurde
1598 3831 1810 3915 „ignis
1861 3849 2034 3894 more
2072 3828 2511 3894 inundantes.’'
2552 3828 2687 3893 Nec
2726 3830 2903 3915 quid-

518 3957 710 4023 quam
775 3934 992 4000 ualent
1051 3936 1129 4001 ad
1173 3935 1514 4002 lectionem
1564 3936 1866 4001 tuendam
1913 3935 2037 4000 loci
2086 3957 2121 4001 a
2172 3936 2640 4022 Lindenbrogio
2687 3936 2901 4019 allati,

519 4046 750 4129 quippe
813 4041 1046 4127 quibus
1110 4042 1406 4106 omnibus
1462 4041 1724 4107 flamma
1787 4041 2101 4107 fluctuans
2166 4052 2231 4107 et
2278 4043 2525 4109 undans
2566 4042 2735 4107 dicta
2782 4044 2897 4122 sit,

515 4170 640 4216 non
687 4151 875 4237 ignis.
954 4148 1253 4234 Suspicor
1298 4170 1372 4213 ex
1423 4148 1651 4215 dumi
1668 4152 1855 4236 gnis
1900 4149 2244 4242 petendum
2294 4170 2428 4214 esse
2476 4148 2895 4223 fluminis,

515 4266 592 4323 ut
653 4259 740 4321 sit
797 4255 996 4335 „dum
1043 4254 1330 4320 fluminis
1376 4275 1552 4320 more
1598 4255 2045 4321 inundantes.”
2098 4292 2179 4303 -
2232 4253 2303 4319 In
2352 4276 2518 4340 seqq.
2570 4274 2893 4341 perperam

517 4362 760 4429 editum
807 4368 902 4427 est
947 4360 1177 4427 solis.
1227 4356 1491 4445 Corrige
1547 4357 1764 4435 „solo
1816 4363 1882 4443 (i.
1910 4382 1960 4425 e.
2010 4359 2238 4445 humo)
2287 4359 2585 4426 adflicti.”
