3150 5000
527 222 661 291 106

524 409 723 475 teriit.
795 408 968 475 Fieri
1027 411 1237 495 potest
1297 412 1374 476 ut
1434 408 1657 475 eodem
1712 429 1876 477 anno
1942 410 2021 477 ad
2078 408 2422 499 Corcyram
2483 408 2523 475 6
2570 409 2681 476 tal.
2728 430 2911 496 pensa

525 516 654 581 sint
667 536 686 593 ;
753 514 831 581 de
893 515 1013 583 hoc
1075 511 1292 601 tamen
1355 518 1627 584 minime
1686 522 1935 584 constat
1997 522 2062 583 et
2106 518 2272 584 infra
2315 518 2702 586 videbimus.
2772 515 2913 583 Sine

530 622 724 688 dubio
788 621 868 688 ad
930 620 1275 710 Corcyram
1327 644 1599 709 pensum
1647 628 1746 689 est
1792 644 1957 691 anno
2006 626 2294 710 proximo
2342 622 2439 691 01.
2493 621 2614 710 86,
2662 622 2719 687 4.
2796 620 2913 687 Ha·

527 728 754 795 bemus
833 731 1002 795 enim
1085 729 1372 796 tabulam
1389 778 1404 806 ,
1481 750 1608 817 qua
1668 730 1943 817 populus
2004 731 2497 797 Atheniensium
2558 727 2911 816 profitetur,

529 842 800 921 quantas
859 836 1158 921 pecunias
1205 856 1281 901 ex
1330 834 1502 902 Deae
1547 839 1785 903 aerario
1835 836 1912 903 ad
1962 835 2309 925 Corcyram
2356 837 2777 905 consumserit
2821 832 2915 918 (C.

527 942 582 1006 I.
633 944 712 1007 A.
761 940 825 1019 1,
894 939 1086 1028 179);
1149 942 1304 1009 haec
1361 949 1578 1009 tamen
1626 943 1813 1011 valde
1858 944 2163 1011 mutilata
2208 951 2325 1011 est.
2398 944 2695 1011 Ostendit
2740 964 2914 1030 prae-

527 1054 700 1113 terea
760 1048 1198 1115 Kirchhovius
1265 1051 1399 1135 (zur
1445 1046 1675 1117 Gesch.
1725 1056 1845 1117 etc.
1894 1073 1956 1137 p.
2007 1050 2091 1117 59
2140 1052 2295 1139 seq.)
2360 1073 2558 1139 parva
2611 1050 2915 1139 quaedam

529 1154 896 1242 fragmenta
942 1157 1204 1223 inventa
1251 1177 1288 1222 a
1331 1156 1649 1224 Koehlero
1695 1158 2009 1244 pertinere
2057 1158 2137 1224 ad
2182 1158 2501 1245 lapidem,
2550 1178 2675 1245 quo
2724 1159 2917 1224 conti-

529 1269 828 1329 nerentur
891 1266 1166 1329 rationes
1225 1263 1641 1349 pecuniarum
1691 1266 1769 1330 ab
1815 1265 2310 1331 Atheniensibus
2357 1272 2584 1331 mutuo
2630 1268 2917 1350 sumpta-

530 1390 677 1435 rum
739 1390 817 1435 ex
879 1369 1048 1435 Deae
1094 1371 1335 1437 aerario
1381 1371 1460 1437 ab
1509 1392 1671 1437 anno
1720 1369 1817 1437 Ol.
1868 1370 1955 1437 87
1975 1418 1993 1449 ,
2046 1373 2115 1437 1⁰
2163 1372 2246 1439 ad
2297 1392 2537 1438 annum
2586 1370 2919 1437 dumtaxat

534 1476 682 1551 lum.
748 1475 1165 1563 probabiliter
1225 1476 1351 1542 2um
1400 1475 1499 1544 01.
1548 1476 1655 1543 89.
1729 1476 2110 1545 Kirchhovii
2160 1480 2435 1566 suspicio
2482 1481 2551 1544 in
2598 1480 2681 1544 iis
2702 1524 2719 1557 ‚
2766 1496 2919 1564 quae

533 1588 906 1669 supersunt,
969 1586 1361 1649 mentionem
1423 1583 1631 1650 adhuc
1694 1583 1975 1671 aliquam
2051 1589 2295 1651 exstare
2366 1605 2789 1671 expensorum
2846 1581 2921 1648 ad

531 1688 906 1755 Potidaeam
972 1710 1134 1755 anno
1185 1690 1254 1754 1⁰
1304 1688 1404 1755 Ol.
1433 1687 1520 1756 87
1541 1705 1631 1777 ⁸0,
1677 1710 1981 1779 magnam
2030 1691 2222 1758 habet
2267 1690 2921 1757 verisimilitudinem.

534 1796 847 1862 Videntur
906 1796 1326 1862 Athenienses
1347 1844 1362 1873 ,
1427 1799 1537 1882 qui
1595 1804 1782 1863 antea
1826 1819 1986 1883 quae
2032 1797 2113 1863 ad
2164 1795 2505 1886 Corcyram
2562 1817 2920 1865 consumse-

534 1910 713 1983 rant,
762 1906 827 1969 in
875 1914 1228 1989 separatam
1279 1903 1564 1970 tabulam
1615 1904 2023 1993 redegerant,
2052 1942 2137 1954 —
2163 1906 2385 1973 eodem
2434 1906 2623 1971 modo
2665 1905 2921 1971 fortasse

536 2013 730 2077 etiam
779 2030 940 2095 quae
987 2010 1066 2076 ad
1115 2009 1382 2075 Samum
1433 2007 1530 2097 (C.
1561 2011 1610 2075 I.
1638 2013 1715 2076 A.
1764 2010 1826 2089 1,
1876 2009 2071 2095 177),
2104 2050 2188 2060 -
2217 2014 2294 2078 ab
2341 2011 2461 2077 hoc
2507 2014 2799 2096 primum
2841 2008 2925 2075 la·

535 2118 717 2203 pide,
787 2118 864 2183 ab
931 2137 1094 2183 anno
1158 2115 1256 2183 Ol.
1307 2115 1451 2183 87⁸0
1498 2118 1601 2201 1⁰,
1666 2116 1920 2183 solitam
1981 2116 2165 2184 illam
2219 2139 2511 2185 normam
2560 2117 2923 2184 tabularum

481 2223 484 2229 ’
535 2224 771 2290 talium
821 2224 1011 2309 (conf.
1061 2221 1132 2290 C.
1160 2223 1207 2287 Ι.
1236 2226 1310 2289 A.
1363 2224 1432 2300 Ι,
1489 2221 1651 2303 180,
1711 2222 1877 2309 183,
1929 2222 2096 2308 188,
2148 2222 2305 2309 189)
2364 2226 2757 2309 instituisse,
2808 2242 2923 2308 qua

542 2332 622 2398 ad
689 2351 1004 2417 quemque
1051 2352 1288 2397 annum
1311 2378 1327 2408 ,
1389 2331 1558 2416 quod
1603 2333 1670 2395 in
1717 2333 1927 2397 varias
1996 2353 2130 2415 res,
2188 2352 2313 2397 non
2358 2330 2439 2397 ad
2485 2333 2797 2417 cuiusque
2842 2330 2925 2395 rei

539 2440 1045 2526 designationem
1069 2486 1086 2516 ,
1135 2437 1303 2524 quod
1350 2437 1642 2525 pluribus
1689 2438 1870 2504 annis
1918 2459 2265 2524 expensum
2315 2444 2480 2506 esset
2498 2488 2515 2523 ,
2572 2438 2922 2504 referretur.

540 2544 740 2612 Valde
788 2544 1164 2628 dolendum,
1217 2543 1386 2630 quod
1435 2544 1514 2610 ad
1562 2544 1717 2610 haec
1764 2547 2001 2634 exigua
2046 2566 2243 2631 usque
2293 2551 2358 2611 et
2404 2543 2709 2611 mutilata
2758 2545 2924 2630 frag-

541 2657 761 2718 menta
803 2651 967 2737 lapis
1013 2650 1126 2718 ille
1173 2653 1441 2718 interiit.
1487 2651 1823 2718 Habemus
1872 2659 2087 2718 tamen
2135 2655 2289 2717 satis
2335 2671 2639 2740 magnam
2682 2657 2923 2736 partem

539 2758 798 2826 tabulae
857 2760 1241 2847 logistarum
1263 2808 1279 2833 ,
1343 2779 1468 2845 qua
1530 2757 1919 2837 declaratur,
1988 2763 2260 2843 quantae
2307 2778 2535 2823 usurae
2584 2757 2926 2824 debeantur

543 2865 686 2931 Diis
725 2873 981 2952 propter
1026 2869 1324 2951 pecunias
1368 2887 1481 2952 per
1529 2867 1823 2932 undecim
1872 2885 2103 2942 annos,
2154 2865 2260 2951 (ab
2309 2884 2469 2931 anno
2510 2862 2611 2930 Ol.
2638 2863 2750 2940 86,
2782 2863 2824 2926 4
2848 2895 2923 2912 --

543 2993 781 3038 annum
831 2970 926 3037 01.
979 2969 1066 3036 89
1086 3022 1104 3055 ,
1153 2971 1259 3057 2),
1311 2993 1388 3038 ex
1436 2991 1655 3038 eorum
1707 2974 1963 3038 aerariis
2008 2977 2239 3037 mutuo
2285 2976 2573 3057 sumptas
2620 2963 2719 3055 (C.
2763 2969 2818 3036 Ι.
2857 2970 2927 3033 A.

427 3069 434 3076 ’
543 3080 616 3158 1,
643 3078 825 3165 273).
874 3078 972 3144 Ex
1011 3079 1130 3143 hac
1170 3084 1460 3164 apparet,
1499 3085 1772 3164 quantae
1816 3080 2054 3144 fuerint
2099 3078 2219 3144 hae
2264 3079 2566 3163 pecuniae
2613 3077 2717 3141 his
2758 3078 2926 3143 annis

547 3192 776 3252 mutuo
824 3191 1151 3272 sumptae,
1206 3183 1449 3250 scilicet
1496 3186 1574 3250 ab
1623 3206 1786 3252 anno
1835 3184 1935 3251 01.
1986 3183 2129 3250 86⁰0
2174 3184 2245 3248 4⁰
2272 3221 2358 3233 —
2384 3205 2621 3250 annum
2661 3182 2769 3250 Ol.
2792 3181 2926 3248 88³0

547 3292 673 3357 2ιιιὶιι
734 3292 976 3359 talenta
1037 3294 1288 3358 circiter
1353 3289 1567 3377 4750;
1632 3292 2042 3379 quadriennio
2093 3293 2385 3378 proximo
2456 3291 2561 3370 (ab
2624 3311 2789 3356 anno
2836 3286 2925 3353 01.

547 3397 693 3464 88⁸0
742 3396 811 3463 3⁰
851 3438 938 3449 --
980 3417 1216 3465 annum
1286 3397 1384 3464 Ol.
1437 3397 1581 3464 89ειθ
1628 3398 1779 3484 2⁰³¹)
1847 3420 1924 3463 ex
1984 3398 2221 3464 aerario
2278 3397 2609 3463 Minervae
2656 3395 2927 3463 Poliadis

546 3526 708 3572 anno
757 3504 855 3572 Ol.
907 3501 1052 3570 881ιθ
1100 3502 1170 3569 3ο
1217 3503 1330 3570 tal.
1381 3501 1551 3583 261,
1621 3504 1832 3570 drach.
1886 3502 2096 3583 5640;
2150 3524 2313 3568 anno
2362 3501 2458 3568 Ol.
2512 3500 2658 3568 88⁰0
2704 3501 2778 3565 4⁰
2826 3497 2927 3565 tal.

552 3611 716 3698 1303
765 3633 926 3678 anno
973 3610 1070 3677 Ol.
1128 3609 1272 3677 891ιθ
1327 3612 1394 3676 1⁰
1442 3610 1554 3676 tal.
1610 3609 1776 3689 133,
1825 3610 2038 3677 drach.
2088 3607 2266 3675 2895
2316 3608 2415 3674 ob.
2467 3609 2588 3693 3&
2634 3627 2798 3674 anno
2836 3603 2922 3670 01.

549 3717 696 3784 89*ω
740 3717 812 3784 2⁰
859 3717 972 3785 tal.
1021 3717 1190 3803 222,
1240 3717 1452 3786 drach.
1508 3715 1718 3800 1642,
1766 3718 1871 3782 ob.
1921 3716 2044 3802 23,
2092 3721 2167 3781 ut
2206 3735 2317 3802 per
2363 3722 2575 3780 totum
2622 3715 2743 3780 hoc
2791 3731 2927 3799 qua·

549 3826 911 3892 driennium
966 3845 1043 3889 ex
1089 3827 1327 3890 aerario
1372 3824 1563 3889 hocce
1612 3829 1871 3908 sumpta
1918 3825 2045 3889 sint
2089 3820 2201 3888 tal.
2256 3820 2417 3898 747,
2474 3819 2683 3887 drach.
2738 3816 2926 3886 4178.

549 3932 651 4002 Ex
697 3933 936 3996 aerario
981 3952 1130 3997 vero
1176 3930 1508 3997 Minervae
1554 3929 1871 3996 Victoriae
1916 3935 2175 4014 sumpta
2214 3933 2362 3994 sunt
2385 3927 2504 3994 hoc
2528 3926 2926 4013 quadriennio

550 4037 790 4106 talenta
853 4040 1103 4104 circiter
1151 4036 1225 4116 6;
1293 4059 1372 4104 ex
1417 4038 1656 4104 aerario
1704 4042 2095 4102 caeterorum
2144 4034 2425 4101 Deorum
2476 4033 2716 4099 talenta
2762 4031 2925 4098 circi-

549 4153 646 4212 ter
696 4144 803 4212 50.
875 4143 972 4210 Ex
1040 4145 1338 4210 omnibus
1395 4144 1599 4233 igitur
1666 4144 1922 4208 aerariis
1983 4144 2173 4209 sacris
2220 4143 2341 4208 hoc
2389 4141 2803 4227 quadriennio
2849 4153 2925 4202 ta-

549 4252 726 4319 lenta
771 4253 1023 4318 circiter
1069 4250 1202 4316 803
1255 4252 1427 4334 (vide
1475 4249 1743 4316 Kirchh.
1795 4271 1905 4314 zur
1952 4247 2334 4316 Geschichte
2375 4255 2494 4313 etc.
2534 4268 2597 4331 p.
2626 4245 2762 4330 31).
2788 4244 2925 4311 Rec-

549 4361 797 4426 tissime
866 4364 1186 4447 praeterea
1255 4365 1470 4424 monet
1539 4356 1973 4424 Kirchhovius
2043 4354 2343 4441 pecunias
2405 4353 2685 4420 Deorum
2706 4399 2722 4432 ,
2786 4351 2919 4418 licet
