3150 5000
563 203 696 272 336
1535 221 1797 274 emerus
1838 221 1971 272 mo.

563 388 775 476 legem
843 409 992 454 cum
1057 386 1399 476 diligenter
1445 387 1691 454 codices
1736 390 2164 454 examinarem
2212 386 2571 454 Mediceum
2622 397 2666 450 B
2712 390 2904 452 cetero·

566 515 712 559 rum
777 493 1194 581 archetypum
1259 513 1392 560 esse
1455 495 1748 581 cognovi.
1823 495 1945 570 At,
1996 493 2167 560 dicat
2214 494 2481 580 aliquis,
2524 511 2605 559 ex
2652 493 2845 559 codice
2878 512 2907 557 a

561 599 728 668 libro
777 600 863 664 42
911 621 1164 685 exorso,
1213 601 1530 667 derivatos
1579 621 1713 668 esse
1760 621 1865 667 eos
1910 601 2143 686 quibus
2180 600 2343 666 liber
2384 599 2470 664 36
2508 601 2765 666 initium
2802 603 2907 676 est,

563 710 678 773 vix
737 706 1058 772 credibile.
1147 709 1236 773 At
1294 705 1714 772 nihilominus
1776 728 1911 772 rem
1976 709 2069 772 ita
2129 727 2266 772 sese
2326 706 2561 772 habere
2614 711 2678 770 et
2718 725 2791 770 ex
2828 703 2908 768 bis

565 834 766 879 unum
811 811 1010 880 libros
1061 811 1324 878 36—41
1377 833 1455 878 ex
1497 813 1625 879 alio
1664 813 1877 880 codice
1916 811 2311 899 supplevisse
2350 817 2413 877 et
2452 811 2534 877 ab
2574 831 2647 876 eo
2680 811 2908 876 demum

564 925 803 986 ceteros
841 939 976 984 esse
1013 918 1358 1007 descriptos
1395 921 1753 986 certissimo
1800 919 2269 986 demonstratur
2316 922 2695 1006 argumento
2710 963 2727 995 ,
2770 915 2910 1001 quod

478 1064 482 1069 -
565 1029 632 1091 in
680 1026 892 1092 codice
939 1023 1223 1092 Mediceo
1273 1035 1316 1090 B
1367 1025 1776 1093 describendo
1824 1045 1976 1092 mox
2019 1023 2385 1111 prolaturus
2432 1044 2600 1090 sum.

1219 1235 1436 1305 Codex
1481 1236 1813 1304 Mediceus
1858 1249 1902 1302 B
1956 1235 2101 1322 (70,
2158 1236 2294 1324 10).

656 1451 1183 1518 Membranaceus
1245 1455 1372 1528 est,
1427 1451 1669 1518 formae
1714 1450 2057 1537 quadratae
2078 1497 2095 1531 ‚
2140 1449 2443 1518 foliorum
2492 1447 2622 1516 361
2642 1495 2661 1526 ,
2710 1443 2919 1513 saeculi

565 1557 717 1636 XV,
763 1556 1002 1623 litteris
1045 1555 1422 1623 minusculis
1467 1557 1857 1622 nitidissime
1897 1557 2300 1643 perscriptus.
2350 1557 2423 1622 F.
2470 1557 2505 1621 1
2550 1557 2643 1622 sic
2683 1555 2919 1640 incipit:

1070 1663 1271 1734 δίωνος
1327 1667 1643 1728 κοκκιαινοῦ
1690 1667 2005 1745 ῥωμαικῶν
2052 1663 2307 1741 βιβλίον
2350 1663 2472 1740 μβ’

985 1773 1020 1847 ἦ
1067 1771 1182 1848 μὲν
1229 1764 1327 1836 οὖν
1373 1773 1562 1850 μοιχὲ
1610 1795 1669 1834 κ.
1697 1794 1757 1835 τ.
1783 1785 1843 1836 λ.

567 1876 757 1944 Initio
835 1876 1176 1943 mutilatus
1251 1897 1379 1944 non
1453 1883 1550 1942 est
1630 1883 1705 1942 ut
1775 1879 2265 1961 quaternionum
2336 1879 2595 1942 numeri
2660 1875 2921 1961 probant.

567 1984 734 2050 Data
797 2003 984 2070 opera
1045 1986 1252 2071 igitur
1314 1985 1422 2067 qui
1486 1984 1660 2055 hunc
1722 1983 2001 2050 codicem
2064 1985 2319 2069 scripsit
2358 1982 2466 2048 vel
2512 1982 2779 2048 describi
2818 1979 2925 2044 sibi

566 2091 756 2156 iussit
813 2089 961 2154 inde
1021 2110 1056 2154 a
1102 2109 1320 2176 pugna
1367 2088 1761 2166 Pharsalica,
1812 2109 1937 2174 qua
1981 2091 2112 2156 iam
2160 2087 2388 2156 Caesar
2434 2107 2693 2154 summa
2732 2105 2923 2152 rerum

566 2198 810 2280 potitus
867 2201 1001 2271 est,
1061 2195 1324 2260 initium
1386 2194 1591 2260 facere
1650 2196 1956 2262 instituit.
2044 2194 2249 2261 Verba
2309 2192 2545 2260 ultima
2614 2192 2750 2264 τοὺς
2813 2189 2924 2268 γὰρ

566 2300 854 2378 μύκητας
911 2301 1050 2365 θεῶν
1096 2301 1324 2390 βρῶμοι
1376 2299 1595 2378 ἔλεγεν
1642 2295 1833 2377 εἶναι,
1882 2297 1973 2366 ὅτι
2024 2301 2127 2366 καὶ
2180 2302 2395 2373 ἐκεῖνος
2444 2299 2549 2365 διὰ
2594 2303 2701 2365 τοῦ
2746 2297 2924 2376 μύκη-

567 2430 668 2477 τος
731 2405 857 2477 θεὸς
919 2407 1196 2485 ἐγεγόνει
1265 2406 1362 2490 (L.
1427 2405 1515 2472 60
1588 2406 1713 2492 ex.)
1787 2409 2203 2474 inveniuntur
2261 2407 2306 2471 f.
2374 2403 2553 2472 359‘.
2651 2404 2927 2491 Sequitur

567 2519 786 2581 autem
833 2512 983 2579 folio
1030 2512 1262 2579 ultimo
1313 2514 1751 2601 fragmentum
1800 2536 1834 2581 e
1882 2512 2203 2581 Ciceronis
2248 2534 2395 2580 cum
2438 2512 2719 2579 Philisco
2756 2506 2925 2575 collo·

568 2623 754 2708 quio,
803 2620 973 2707 quod
1019 2642 1057 2685 a
1103 2620 1304 2687 Dione
1344 2624 1408 2685 in
1445 2619 1610 2686 libro
1653 2619 1739 2687 38
1764 2627 2089 2698 narratur,
2120 2620 2264 2685 inde
2290 2641 2325 2686 a
2358 2620 2567 2687 verbis
2590 2621 2695 2685 οὐκ
2717 2612 2923 2695 αἰσχύ·

567 2752 670 2813 νῃ,
725 2726 884 2805 ἔφη,
933 2724 976 2791 ὦ
1025 2726 1281 2805 Κικέρων
1328 2728 1406 2811 (c.
1467 2726 1583 2803 18,
1640 2727 1704 2814 1)
1754 2747 1955 2814 usque
2001 2728 2081 2793 ad
2126 2748 2181 2791 c.
2228 2726 2355 2803 21,
2405 2726 2446 2791 2
2494 2728 2696 2798 κακῶς
2742 2724 2913 2793 αὐτῆς

567 2834 831 2914 ἐχούσης
892 2836 980 2912 μὴ
1027 2835 1094 2898 οὐ
1121 2882 1136 2909 ,
1189 2836 1566 2919 inscriptum
1618 2835 1683 2898 ἐκ
1733 2840 1837 2899 τοῦ
1886 2834 1967 2907 ᾖ
2017 2842 2127 2907 τῆς
2176 2832 2371 2903 δίωνος
2422 2834 2729 2912 §mummii-3
2774 2830 2921 2894 ἱστο·

570 2940 722 3021 plac.
793 2940 1006 3019 Haec,
1052 2960 1214 3027 quae
1261 2939 1477 3005 addita
1526 2940 1825 3006 videntur
1870 2961 1949 3006 ne
1993 2960 2414 3027 pergamenae
2462 2958 2607 3024 pars
2652 2956 2801 3023 pura
2836 2953 2923 2997 rs-

571 3052 856 3114 maneret
883 3042 970 3129 ¹),
1029 3046 1097 3111 id
1155 3053 1322 3111 certe
1385 3046 1568 3111 nobis
1636 3046 2071 3112 demonstrant
2118 3046 2455 3111 librarium
2502 3044 2715 3111 codice
2758 3059 2927 3107 usum

571 3172 704 3217 esse
761 3152 874 3237 qui
937 3153 1175 3235 priores
1221 3170 1472 3239 quoque
1517 3150 1713 3218 libros
1764 3150 1849 3217 36
1868 3153 2029 3217 -41
2081 3152 2427 3217 exhiberet.
2496 3151 2691 3215 Hunc
2734 3153 2925 3215 autem

569 3256 810 3323 librum
861 3256 1208 3322 Mediceum
1259 3268 1315 3323 A
1363 3258 1561 3322 fuisse
1609 3256 1715 3323 vel
1764 3278 1839 3323 ex
1887 3258 2096 3323 tribus
2141 3256 2387 3323 lacunis
2438 3256 2713 3323 Medicei
2757 3265 2798 3319 B
2840 3255 2926 3317 in-

572 3363 928 3451 tellegitur,
999 3365 1232 3451 quibus
1293 3385 1458 3451 quae
1517 3388 1635 3429 nmo
1698 3388 1871 3429 verm
1934 3366 2002 3429 in
2065 3364 2355 3431 Mediceo
2426 3376 2476 3429 A
2555 3366 2929 3430 continentur

571 3474 806 3537 omissa
855 3475 1041 3535 sunt:
1091 3469 1212 3549 43,
1257 3468 1364 3553 51,
1409 3472 1448 3535 3
1491 3470 1597 3535 καὶ
1650 3472 1708 3544 ἐς
1758 3472 1871 3547 μὲν
1917 3474 1987 3537 τὸ
2036 3477 2267 3549 πρῶτον
2310 3468 2441 3543 ἔτος
2488 3470 2775 3547 (ταμίαι
2810 3486 2927 3529 τεσ·

573 3578 926 3659 σαράκονται
973 3577 1508 3656 προεχειρίσθησοιν
1559 3574 1757 3657 ὥσπερ
1808 3579 1979 3649 xxi>
2024 3576 2306 3659 πρότερον
2352 3576 2475 3661 44,
2524 3576 2674 3654 2Ο,“
2706 3576 2740 3641 1
2788 3569 2921 3637 πάν·

569 3708 672 3755 τες
735 3686 810 3755 ὥς
881 3684 987 3749 καὶ
1053 3682 1490 3755 κινδυνεύοντες
1559 3686 1969 3765 ἐταράσσοντο
2037 3684 2205 3766 (καὶ
2271 3684 2450 3748 αὐτοί
2516 3707 2586 3747 τε
2637 3684 2697 3752 ἐς
2741 3678 2928 3762 Φυγῗιν

571 3786 856 3869 ὥρμησαν
923 3786 959 3869 ἦ
1020 3784 1277 3860 ἕκαστος
1342 3788 1656 3859 ἐδύνατο)
1716 3790 1822 3855 καὶ
1889 3789 2027 3862 τοὺς
2092 3787 2689 3871 προστυγχάνοντιίς
2738 3793 2927 3865 σφισιν

573 3894 950 3973 ἐξέπλησα-ον
997 3897 1120 3974 44,
1171 3895 1253 3961 31
1278 3943 1294 3975 ,
1347 3895 1387 3959 3
1433 3896 1576 3961 οὔτε
1624 3896 1845 3961 πολλοί
1890 3920 1985 3961 πω
2032 3896 2475 3971 συνεστήκασιν
2520 3892 2585 3960 οἵ
2620 3918 2691 3959 τε
2730 3914 2929 3962 nestun·

571 4003 736 4081 μένοι
797 4002 1010 4085 <ozia-s
1078 4006 1679 4078 πεπλεονειιτῆκοισιν
1746 4001 1861 4066 ἀπ’
1934 4003 2227 4078 ἀλλήλων
2296 4000 2425 4067 οὔτ’
2496 3996 2929 4077 ἠλάττωται)

641 4204 695 4267 l)
731 4201 1004 4260 Librarius,
1041 4217 1128 4267 per
1159 4204 1318 4252 totum
1351 4202 1558 4253 codicem
1592 4216 1779 4267 semper
1814 4200 2207 4265 quaternionibus
2240 4214 2376 4258 usus,
2411 4214 2521 4248 cum
2548 4198 2609 4249 ad
2634 4198 2789 4264 operis
2812 4198 2933 4244 finem

571 4302 720 4353 paene
763 4284 1055 4352 pervenisset
1099 4300 1186 4335 nec
1227 4285 1334 4350 plus
1379 4287 1474 4335 duo
1517 4284 1595 4335 vel
1643 4284 1741 4335 tria
1786 4284 1905 4334 solia
1936 4283 1981 4333 ei
2017 4282 2324 4333 describenda
2355 4284 2680 4348 superessent,
2715 4278 2931 4331 biniouem

477 4438 484 4445 ·
571 4372 814 4437 postremo
847 4366 939 4417 sibi
971 4366 1194 4433 sumpsit.
