3150 5000
549 232 680 299 396
1407 251 1681 301 rmvms
1725 242 2060 302 sosnmme.

540 420 786 483 λύσεν
837 417 1109 501 ἡσυχίᾳ·
1159 416 1388 483 malim
1437 438 1587 484 eane
1628 415 2043 493 ἐξένευσεν
2084 419 2373 484 seribere.
2419 418 2675 503 Nempe
2695 418 2919 485 Judaei

537 524 576 591 J
579 526 884 611 osephum
933 524 1137 591 odisse
1183 530 1556 611 coeperunt,
1598 530 1935 610 postquam
1969 540 2401 613 cognoverunt
2422 545 2571 590 eum
2597 546 2920 611 superesse

538 630 641 696 καὶ
705 632 880 712 παρὰ
941 631 1259 708 Ῥωμαίοις
1309 628 1454 695 ὄντα
1503 630 1607 696 καὶ
1658 632 1800 711 πρὸς
1850 637 1966 696 τῶν
2016 631 2438 709 ἡγεμόνων
2484 633 2517 705 ἢ
2566 634 2717 697 κατ’
2765 633 2917 713 αἰχ-

537 738 829 816 μαλώτου
891 737 1092 817 τύχην
1157 736 1586 821 περιέπεσθαι,
1650 737 1724 801 Β.
1772 737 1831 803 J.
1886 738 1948 800 3.
1996 736 2060 803 9.
2112 740 2171 803 6.
2218 738 2349 804 Hie
2396 736 2725 803 Bekkerue
2771 760 2919 804 eum

537 845 784 911 duobus
845 842 1188 911 Oodieibus
1247 844 1435 909 πλέον
1497 845 1795 919 inseruit,
1866 844 1977 908 sed
2037 843 2225 909 facile
2286 844 2581 910 obtinebo
2636 845 2917 910 inseren-

536 954 692 1019 dum
739 973 872 1019 esee
919 951 1255 1030 ἄμεινον
1300 956 1444 1037 post
1493 951 1757 1030 ἧγεμό
1774 975 1936 1016 νων.
1986 947 2400 1037 Corruptelae
2448 954 2626 1038 origo
2673 951 2803 1017 fuit
2850 954 2916 1016 τὸ

533 1059 1007 1137 ὅμοιοτέλευτον.
1238 1074 1247 1079 ’

623 1227 892 1315 Legitur
952 1225 1025 1291 B.
1070 1224 1130 1290 J.
1182 1225 1244 1290 4.
1291 1223 1350 1291 2.
1407 1228 1450 1293 3
1511 1226 1826 1312 quomodo
1889 1225 1927 1291 J
1932 1226 2209 1293 ohannes
2256 1223 2655 1313 Giegalensis
2702 1226 2918 1293 salvus

530 1331 983 1419 Hierosolyma
1041 1334 1348 1418 evaserit,
1409 1330 1690 1398 ἐδεδοίκει
1752 1332 1814 1396 δὲ
1878 1333 2665 1412 ἐγκαταλειφθῆναι
2718 1357 2919 1413 παρα-

527 1446 752 1521 χρῆμα
799 1448 908 1513 τῆς
959 1436 1193 1510 πόλεως
1240 1439 1544 1516 ἁλούσης,
1596 1438 1760 1524 quod
1805 1441 2151 1504 necessario
2190 1438 2592 1503 scribendum
2631 1440 2759 1503 erit
2797 1440 2916 1517 ε’γ-

533 1545 1194 1625 καταληφθῆναι.
1269 1543 1588 1610 Similiter
1646 1566 1769 1610 non
1830 1548 2045 1610 minue
2110 1550 2278 1610 certo
2338 1544 2775 1630 reponendum
2824 1554 2917 1613 est

530 1651 1060 1733 καταληφθέντας
1104 1649 1174 1715 Β.
1215 1649 1277 1715 J.
1315 1655 1376 1715 4.
1417 1648 1478 1717 Ι7.
1519 1650 1601 1735 2,
1649 1651 1757 1716 sed
1796 1650 1915 1715 hoe
1952 1648 2281 1715 Bekkerue
2322 1652 2659 1735 occupavit
2697 1672 2914 1719 emen-

531 1760 698 1825 dare.
770 1757 843 1822 B.
900 1755 958 1821 J.
1019 1756 1080 1821 4.
1132 1756 1190 1820 3.
1248 1756 1362 1821 10:
1438 1753 1961 1835 καθοπλιζομένων
2034 1758 2391 1836 ἠρεμοῦντες
2468 1756 2606 1820 καθ’
2682 1758 2914 1823 ἑαυτῶν

532 1868 731 1933 ἐπες·
749 1861 1054 1945 ρέψατε
1120 1863 1204 1929 τὰ
1269 1858 1478 1941 ὅπλα,
1545 1862 1885 1929 dicendum
1944 1862 2063 1929 hoc
2110 1867 2239 1937 eet,
2290 1864 2416 1927 nisi
2462 1860 2686 1942 fallor,
2740 1866 2912 1929 έπε-

531 1973 902 2052 θρέψατε.
953 1968 1160 2055 Supra
1207 1990 1452 2056 quoque
1497 1969 1617 2036 hoe
1665 1970 1933 2034 verbum
1983 1971 2195 2056 attigi.
2245 1967 2406 2035 Eece
2452 1968 2579 2035 alia
2617 1971 2913 2057 exempla

527 2080 602 2146 B.
649 2078 708 2145 J.
761 2077 822 2143 4.
873 2076 936 2143 3.
988 2076 1106 2142 103
1156 2076 1226 2141 τὸ
1274 2077 1500 2149 πλῆθος
1549 2077 1761 2148 αὐτοῖς
1810 2074 2211 2154 ἐπιτρέφεται
2258 2077 2394 2142 καθ’
2446 2075 2701 2155 ἡμέραν.
2754 2078 2828 2144 Β.
2853 2078 2911 2144 J.

531 2186 592 2253 6.
642 2184 700 2249 6.
754 2184 832 2249 23
881 2185 949 2248 ἐκ
995 2192 1106 2258 τῆς
1159 2183 1463 2263 ἡμετέρας
1513 2181 1854 2265 πραότητος
1904 2183 2013 2256 τῆν
2056 2182 2299 2259 τόλμαν
2342 2181 2749 2261 ἐπεθρέψατε.
2804 2184 2915 2250 Iti-

529 2293 675 2358 dem
722 2291 985 2357 fortasse
1028 2288 1474 2377 corrigendum
1525 2299 1622 2354 est
1668 2289 1740 2354 B.
1790 2288 1851 2353 J.
1902 2290 1962 2353 4.
2013 2286 2075 2353 2.
2132 2289 2205 2351 1:
2256 2290 2341 2353 τά
2380 2314 2449 2354 τε
2489 2292 2765 2366 σώματα
2808 2290 2911 2355 καὶ

529 2400 598 2462 τὸ
647 2398 944 2477 πρόθυμον
1012 2396 1499 2477 ὑποθρέψειν
1567 2396 1829 2472 οἰόμενος
1881 2394 1979 2460 ἐπὶ
2031 2396 2169 2467 τοὺς
2219 2396 2569 2471 μέλλοντας
2618 2399 2912 2477 άγῶνας,

525 2505 635 2571 eed
680 2503 846 2570 nihil
891 2502 1142 2570 definio.

615 2687 799 2753 Nihil
843 2685 1164 2774 signifieat
1210 2685 1284 2751 B.
1331 2685 1393 2752 J.
1447 2687 1508 2749 4.
1559 2683 1621 2749 3.
1677 2685 1792 2751 10:
1854 2687 1905 2748 εἰ
1964 2687 2130 2751 ἑτοΙ
2146 2709 2341 2762 μους
2392 2686 2488 2752 δεῖ
2528 2695 2653 2760 τοῖς
2703 2691 2908 2768 πράγ-

524 2818 685 2872 μασι
733 2794 852 2866 τοὶς
898 2793 1146 2867 κλήσεις
1195 2791 1567 2875 ἐφαρμόζειν
1612 2799 1677 2856 et
1724 2796 1865 2857 tuto
1910 2792 1976 2856 id
2014 2793 2283 2858 seribere
2320 2797 2704 2879 poterimus:
2751 2793 2903 2860 ἐτύ-

525 2924 747 2979 μους.
807 2899 878 2964 Β.
939 2898 1004 2965 J.
1055 2899 1112 2962 4.
1168 2896 1229 2964 3.
1284 2897 1406 2962 123
1472 2898 1758 2978 άθέμιτον
1806 2897 1861 2962 δ’
1930 2899 2138 2976 ἡγεῖτο
2194 2901 2281 2974 μὴ
2332 2901 2901 2978 προηγνευκῶς

523 3006 800 3085 εἰσάγειν
861 3004 931 3069 τὸ
996 3005 1220 3079 πλῆθος
1243 3052 1260 3082 ,
1323 3007 1519 3072 etiam
1569 3000 1901 3069 Bekkerus
1948 3004 2181 3069 oblitus
2232 3011 2326 3070 est
2372 3008 2689 3094 corrigere
2734 3032 2787 3072 π·
2800 3033 2829 3089 ρ
2847 3031 2903 3072 ο-

523 3111 934 3190 ηγνευκός.
1004 3109 1080 3176 Β.
1129 3108 1194 3175 J.
1242 3112 1303 3174 4.
1355 3111 1418 3174 4.
1471 3111 1538 3175 l:
1610 3109 1885 3188 καθάπερ
1948 3111 2031 3182 εἰς
2101 3112 2302 3190 ἑορτὴν
2360 3114 2473 3184 εἰς
2532 3112 2650 3187 τάς
2702 3138 2907 3197 παρα-
2994 3193 2999 3200 ¹
3091 3169 3092 3182 ,

523 3216 733 3294 τάξεις
783 3216 1178 3296 ἐπειγόμενον
1199 3265 1218 3300 ,
1254 3216 1527 3282 alterum
1569 3217 1682 3289 εἰς
1709 3215 2025 3301 Josephus
2051 3215 2376 3304 eleganter
2398 3222 2694 3285 omittere
2718 3221 2903 3290 solet.

522 3325 594 3390 B.
644 3323 703 3390 J.
758 3323 819 3388 4.
873 3323 933 3388 4.
985 3321 1024 3386 3
1073 3323 1651 3389 orator'invehitur
1697 3323 1763 3388 in
1811 3322 2059 3389 Zelotae
2107 3344 2334 3409 eosque
2383 3324 2660 3411 appellat
2694 3328 2835 3394 άθύ
2848 3353 2904 3410 ρ-

519 3455 744 3510 ματα
811 3429 912 3496 καὶ
979 3427 1360 3510 καθάρματα
1423 3437 1532 3504 τῆς
1595 3431 1805 3512 χώρας
1860 3427 2039 3505 ὅλης·
2086 3449 2211 3495 non
2257 3451 2483 3516 sequar
2531 3431 2903 3500 Lowthium

518 3540 940 3627 corrigentem
986 3536 1288 3614 λύματα,
1347 3557 1496 3602 nam
1543 3538 1804 3622 propius
1852 3538 2029 3602 abest
2074 3537 2573 3616 φθάρματα,
2620 3560 2747 3624 quo
2796 3563 2903 3607 vo·

519 3644 743 3712 cabulo
789 3643 1106 3729 Josephus
1151 3645 1388 3708 iterum
1437 3644 1643 3708 utitur
1688 3642 1764 3709 B.
1812 3642 1875 3708 J.
1928 3645 1993 3708 5.
2046 3638 2149 3707 10.
2201 3643 2260 3709 5.

611 3827 768 3892 Dele
813 3828 1318 3892 coniunctionem
1369 3825 1477 3889 καί
1523 3825 1599 3890 Β.
1645 3824 1708 3891 J.
1760 3825 1821 3890 4.
1874 3823 1935 3888 6.
1989 3824 2061 3889 13
2128 3827 2352 3904 τάχιον
2416 3827 2549 3891 καὶ
2598 3835 2709 3902 τῆς
2760 3830 2898 3894 {m-

518 3934 710 4011 νοὶας,
760 3934 950 3998 sicuti
998 3936 1164 3997 reete
1207 3931 1448 4019 legitur
1492 3931 1564 3996 B.
1607 3930 1670 3996 J.
1715 3932 1779 3996 4.
1826 3929 1929 3995 10.
1973 3929 2013 3996 6
2058 3937 2121 3998 et
2168 3932 2240 3997 B.
2266 3931 2331 3998 J.
2370 3936 2426 3997 4.
2460 3935 2521 4001 4.
2548 3933 2622 3999 2:
2671 3935 2898 4016 τάχιον

517 4045 624 4105 τοῦ
674 4039 1241 4118 παραγγέλματος.
1293 4037 1367 4103 Β.
1414 4036 1478 4103 J.
1530 4036 1592 4101 4.
1646 4039 1706 4103 7.
1756 4036 1797 4101 4
1844 4037 2097 4123 supple:
2164 4039 2468 4117 λαβόντες
2520 4040 2584 4105 δὲ
2631 4041 2717 4112 εἷς
2765 4041 2899 4106 ἑπι-

517 4146 746 4222 τῆδειον
792 4144 1092 4230 (τόπον).
1141 4143 1214 4208 Β.
1261 4142 1324 4210 J.
1375 4142 1436 4210 4.
1487 4141 1550 4208 8.
1605 4144 1676 4207 13
1724 4143 1857 4222 περὶ
1906 4139 1981 4208 ὦν
2028 4145 2086 4208 ἕν
2132 4143 2697 4227 άκριβεςέροις
2747 4148 2896 4213 aiva-

515 4250 922 4333 γέγραπται,
971 4249 1453 4337 corrigendum:
1512 4251 1571 4313 έν
1628 4247 1919 4322 ἄλλοις
1967 4252 2521 4336 ἀκριβές-ερον.
2595 4253 2671 4319 Β.
2718 4254 2779 4321 J.
2828 4251 2889 4316 4.

518 4358 581 4428 8.
634 4358 704 4423 33
765 4363 1030 4436 ἀγγεῖον
1076 4353 1466 4460 κεράμου,
1515 4355 1691 4444 lege:
1760 4363 2182 4438 κεραμοῦν.
2256 4357 2542 4446 Denique
2590 4359 2663 4424 B.
2712 4359 2774 4426 J.
2822 4357 2885 4423 4.
