3150 5000
1237 131 1686 243 mmmmm.
2535 174 2663 241 143
2736 147 2743 157 ’

277 360 388 429 καὶ
459 358 637 443 κρέας
660 383 676 400 ·
747 361 845 425 the
891 360 1034 449 fact
1097 360 1230 427 that
1287 361 1388 426 the
1440 364 1716 447 quantity
1774 358 1859 445 cf
1904 370 2063 425 meat
2102 364 2157 459 if
2202 370 2308 426 not
2350 361 2665 447 εροοιζίίσᾶ,

275 488 485 537 seems
545 472 614 534 to
676 466 852 533 show
917 468 1046 531 that
1109 466 1243 553 they
1287 466 1400 531 did
1441 474 1543 531 noc
1579 466 1731 555 sear
1776 466 1954 531 abu-sc
1998 466 2067 531 in
2110 466 2230 533 this
2275 466 2433 532 item.
2482 464 2668 549 Quod

274 577 336 643 si
383 574 646 661 probare
695 572 1002 657 ‚voluisset
1047 578 1111 639 et
1157 572 1315 639 alios
1362 572 1532 639 locos
1578 571 1840 639 laudare
1884 573 2199 658 potuisset
2259 577 2325 639 et
2382 572 2501 639 hos
2554 575 2668 661 qui

272 682 448 749 mihi
509 680 770 766 quidem
829 677 1018 747 valde
1064 679 1511 746 memorabiles
1557 699 1694 746 esse
1739 679 2040 747 videntur
2054 728 2071 763 ‚
2121 684 2197 744 ut
2242 700 2390 749 vere
2434 678 2665 747 intelli·

271 810 396 879 gas
458 788 537 855 de
597 787 899 876 gustibus
955 806 1081 853 non
1144 785 1371 852 debere
1431 786 1765 872 disputari.
1816 782 2065 853 Caesar.
2111 784 2274 854 Bell.
2324 783 2495 855 Gall.
2529 782 2669 870 ¹VII

273 894 405 963 17:
453 892 828 980 Complures
876 892 1010 958 dies
1057 891 1300 960 milites
1346 892 1667 959 frumento
1714 903 2049 959 caruerunt
2094 897 2159 959 et
2196 912 2419 979 pecore
2456 912 2493 959 e
2531 890 2669 959 lon·

270 1000 728 1092 ginquioribus
791 1001 955 1067 vicis
1026 998 1247 1067 adacto
1320 999 1560 1066 famem
1630 1004 2087 1067 sustentarunt.
2166 997 2369 1067 Tacit.
2432 998 2666 1067 Annal.

270 1107 469 1177 XIV.
534 1105 656 1173 23:
724 1104 1000 1173 Corbulo
1045 1108 1485 1195 exercitusque
1530 1127 1643 1193 per
1686 1109 1968 1194 inopiam
2015 1111 2080 1174 et
2123 1106 2372 1174 labores
2418 1106 2669 1175 fatisce-

269 1216 466 1293 bant,
513 1234 697 1280 carne
741 1213 1060 1299 pecudum
1105 1212 1471 1300 propulsare
1520 1212 1759 1279 famem
1800 1212 2043 1291 adacti;
2081 1232 2199 1279 nec
2236 1212 2548 1279 dissimile
2570 1218 2667 1281 est

271 1320 449 1408 quod
497 1324 711 1386 narrat
753 1318 1101 1406 Procopius
1146 1318 1224 1385 de
1271 1318 1438 1386 bello
1485 1315 1761 1386 Gothico
1798 1318 1861 1385 11
1898 1316 1986 1383 25
2026 1340 2090 1405 p.
2130 1318 2282 1386 249.
2333 1316 2461 1387 Sed
2496 1340 2667 1387 nunc

271 1426 539 1517 quidem
609 1446 798 1493 causa
865 1424 1344 1512 simplicissima
1406 1430 1534 1491 est:
1597 1426 1912 1491 nimirum
1971 1424 2370 1493 frumentum
2428 1427 2669 1495 servari

270 1537 528 1623 poterat
594 1532 843 1619 fuitque
912 1552 1133 1599 revera
1192 1538 1517 1600 servatum
1575 1533 1657 1599 ab
1721 1530 2081 1618 Spartanis,
2150 1554 2404 1603 carnem
2449 1538 2667 1603 autem

271 1661 532 1709 servare
577 1660 704 1707 non
747 1643 1060 1726 poterant.

367 1856 581 1924 Verba
642 1854 888 1922 faciunt
947 1852 1406 1939 Spartanorum
1462 1852 1667 1941 legati
1729 1851 1830 1919 IV
1890 1851 2007 1922 1¹7:
2069 1854 2427 1935 Ἔπεμψαν
2496 1857 2668 1935 ἡμᾶς

274 1962 756 2042 Λακεδαιμόνιοι
808 2000 890 2013 --
943 1960 1290 2046 πράξοντας
1351 1956 1444 2027 ὅτι
1507 1959 1586 2027 ἂν
1635 1961 1781 2039 ὑμῖν
1828 1960 2139 2044 ὠφέλιμον
2186 1961 2248 2029 ὃν
2292 1963 2488 2030 ταύτὸ
2538 1964 2675 2031 πεί-

274 2076 476 2152 θωμεν
523 2070 628 2136 καὶ
680 2073 827 2147 ἡμῖν
877 2068 937 2142 ἐς
986 2069 1096 2145 τὴν
1145 2066 1472 2149 ξυμφορὰν
1516 2069 1596 2142 ὦς
1643 2068 1715 2134 ἐκ
1758 2074 1873 2133 τῶν
1920 2065 2235 2148 παρόντων
2280 2066 2507 2149 κόσμον
2544 2066 2673 2152 μά·

269 2194 429 2249 λιςα
486 2175 695 2257 μέλλ
712 2202 746 2260 ῃ
808 2174 1022 2262 οἵσειν,
1087 2175 1198 2242 sed
1261 2175 1429 2240 mihi
1489 2174 1749 2262 quidem
1810 2193 1937 2241 non
1999 2179 2288 2262 appetet,
2350 2176 2669 2262 quomodo

271 2286 434 2351 haec
505 2283 701 2351 verba
765 2283 1173 2367 cohaereant,
1218 2283 1344 2347 nisi
1391 2302 1689 2368 reponam
1738 2305 1787 2358 μ
1805 2279 1834 2347 ἐ
1851 2295 1892 2348 λ
1908 2296 1949 2347 λ
1965 2305 1993 2347 ο
2011 2305 2061 2348 ν.
2111 2279 2419 2368 Sequenti
2464 2285 2673 2371 capite

273 2390 582 2478 perplexa
641 2391 948 2455 sententia
1011 2396 1144 2455 est:
1210 2388 1462 2467 ἑλάχις·’
1525 2386 1603 2453 ἂν
1665 2388 1718 2453 01
1776 2391 2026 2454 τοιοῦτοι
2077 2388 2405 2460 πταίοντες
2451 2388 2554 2456 δια
2598 2390 2670 2459 τὸ

276 2498 366 2578 μὴ
433 2497 520 2579 τῷ
584 2494 908 2578 ὀρθουμένῳ
974 2496 1162 2563 αὐτοῦ
1211 2496 1562 2568 πιςεύοντες
1610 2494 1969 2596 ἐπαίρεσθαι
2015 2498 2074 2561 ἐν
2121 2495 2205 2577 τῷ
2256 2496 2543 2578 εὐτυχεῖν
2592 2496 2671 2566 ἂν

274 2632 327 2687 μ
343 2605 447 2672 αλ
466 2631 485 2672 ι
502 2630 542 2673 ς
560 2629 603 2670 α
660 2603 1090 2670 καταλύοιντο.
1138 2602 1358 2690 Poppo
1404 2601 1671 2670 lectores
1718 2622 1864 2668 suos
1909 2601 2093 2668 iubet
2137 2600 2294 2670 haec
2338 2604 2535 2671 verba
2576 2607 2673 2674 ita

275 2716 596 2800 accipere:
663 2712 860 2777 etiam
915 2711 1142 2776 minim
1151 2730 1264 2775 um
1321 2708 1482 2776 tales
1526 2710 1654 2778 viri
1699 2707 1983 2775 labentes
2048 2707 2234 2796 (quod
2276 2711 2672 2795 participium

275 2820 642 2904 iunqendum
710 2840 839 2882 cum
906 2817 1076 2882 verbo
1145 2816 1573 2903 component),
1647 2820 1977 2902 propterea
2046 2814 2214 2900 quod
2281 2837 2405 2883 non
2466 2819 2671 2904 ipsius

273 2926 486 3015 (belli)
549 2925 942 2992 successibus
996 2923 1339 2990 efferuntur
1359 2971 1376 3000 ‚
1437 2925 1506 2989 in
1567 2923 1732 2989 bona
1778 2921 2190 3008 potissimum
2240 2921 2496 2990 fortuna
2540 2925 2671 2995 bel-

276 3034 420 3100 lum
490 3035 887 3119 component.
960 3030 1090 3097 Hic
1153 3035 1372 3097 autem
1433 3030 1560 3096 duo
1622 3032 1772 3096 sunt
1831 3048 1992 3115 quae
2046 3049 2155 3096 me
2200 3028 2370 3097 male
2414 3029 2672 3100 habent.

233 3218 236 3222 ,
275 3140 580 3206 Primum
627 3160 964 3223 componere
1008 3137 1222 3202 bellum
1263 3136 1431 3223 apud
1471 3134 1919 3224 Thucydidem
1960 3140 2217 3202 tantum
2254 3156 2382 3203 non
2420 3159 2675 3225 semper

279 3248 553 3326 πόλεμον
602 3243 941 3312 καταλύειν
989 3244 1258 3324 dicitur,
1303 3263 1428 3328 non
1476 3240 1946 3310 καταλύεσθαι.
1991 3241 2235 3310 Deinde
2282 3264 2408 3329 quo
2442 3245 2669 3314 refere-

276 3375 426 3420 mus
466 3353 544 3420 ἂν
582 3352 968 3439 particulam
1005 3354 1074 3417 in
1110 3351 1274 3419 illis:
1319 3352 1378 3416 ἐν
1417 3351 1503 3434 τῷ
1527 3353 1818 3431 εὐτυχεῖν
1843 3349 1919 3415 ἂν
1943 3352 2195 3429 μέλις-α
2220 3351 2673 3422 καταλύοιντοῗ

278 3459 708 3527 Prohibemur
752 3461 924 3524 enim
972 3461 1311 3526 verborum
1352 3457 1571 3525 ordine
1588 3505 1605 3534 ,
1639 3458 1982 3544 quominus
2018 3457 2481 3546 coniungamus
2520 3481 2669 3528 cum

279 3567 475 3634 verbo
544 3564 983 3650 καταλύοιντο,
1053 3583 1200 3630 cum
1273 3565 1723 3650 interpositum
1794 3565 1881 3630 sit
1951 3562 2327 3630 adverbium
2391 3563 2664 3642 μάλιςα.

281 3669 450 3752 Quid
508 3669 835 3758 superest?
895 3671 1145 3757 Nempe
1205 3676 1280 3737 ut
1341 3670 1720 3738 abiiciamus
1781 3672 2221 3756 importunum
2282 3673 2667 3741 vocabulum

279 3776 551 3854 μόλις-α.
618 3776 920 3858 Ἐλοὶχις·’
985 3778 1060 3846 ἂν
1113 3815 1200 3828 -
1246 3778 1306 3842 ἐν
1371 3779 1455 3860 τῷ
1521 3778 1809 3856 εὐτυχεῖν
1859 3775 1936 3842 ἄν
1985 3777 2432 3846 καταλύοιντοε
2480 3779 2667 3849 facile

282 3882 400 3950 hoc
460 3891 576 3952 est.
625 3885 860 3972 Accipe
903 3883 1173 3952 verbum
1221 3903 1346 3970 quo
1391 3904 1579 3951 sensu
1626 3883 1872 3950 dictum
1919 3889 2015 3951 est
2060 3885 2115 3950 οἱ
2161 3883 2431 3966 τύραννοι
2477 3912 2667 3957 κατε-

282 3990 587 4072 λύύησαν,
633 3989 667 4057 I
716 3989 800 4058 18
846 3989 1204 4078 itidemque
1250 3990 1439 4070 δῆμος
1487 4010 1671 4078 saepe
1721 3991 1958 4058 dicitur
2002 3991 2453 4064 καταλύεσθαι.

374 4199 600 4291 Capite
659 4203 777 4270 28:
853 4206 882 4272 ὅ
943 4203 1005 4271 δὲ
1068 4203 1294 4278 Νικίας
1355 4211 1470 4270 τῶν
1532 4228 1605 4270 τε
1673 4202 2012 4282 Ἀθηναίων
2057 4229 2117 4271 τι
2164 4207 2668 4290 ὔποθορυβη-

277 4305 599 4384 ,σάντων
672 4312 734 4386 ἐς
795 4311 898 4379 τὸν
959 4309 1212 4380 Κλέωνα
1269 4308 1306 4380 δ’
1361 4336 1421 4380 τι
1482 4311 1550 4380 οὔ
1616 4310 1719 4380 καὶ
1785 4315 1918 4380 νῦν
1982 4319 2167 4396 πλεῖ,
2235 4315 2288 4382 εἰ
2338 4312 2540 4402 ῥᾴδιόν
2584 4339 2665 4398 γε
