3150 5000
1219 243 1559 294 mmmm.
1721 320 1729 331 ἱ
1851 251 1866 270 ·
2449 223 2580 292 407

186 427 379 494 Nihil
447 447 667 494 eorum
726 447 893 513 quae
936 429 1217 494 coniecta
1266 425 1451 496 video
1499 425 1756 494 sufficit.
1807 425 1976 492 Vide
2020 445 2178 540 num
2223 425 2390 492 forte
2433 423 2582 491 reli-

186 537 333 622 quis
380 534 628 602 felicior
675 534 910 601 fuerim
959 539 1314 620 temptans:

560 639 697 708 ’Ἤν
743 663 859 709 τοι
906 641 1275 726 φωνῆσαν,
1326 639 1555 722 Cui>
1603 639 1790 720 μέσον
1839 638 2053 720 λάβε,
2103 639 2240 706 κτὲ.

278 855 411 945 Ep.
460 855 593 925 228

464 964 675 1032 Παῖδα
721 965 836 1043 μὲν
882 963 1243 1045 ἠλιτόμηνον
1291 965 1352 1038 ἐς
1402 960 1646 1046 ἄφρονα
1695 962 1896 1043 καιρὸν
1946 961 2274 1043 ἁμαρτεῖν,

560 1073 643 1152 τῷ
692 1071 954 1138 πείθοντι
1000 1071 1174 1155 φέρει
1222 1079 1434 1138 πλεῖον
1483 1067 1762 1151 ὕβρισμα
1809 1069 2011 1152 φίλῳ·

460 1177 619 1254 Ἤδη
670 1180 723 1245 δ’
771 1179 846 1244 ἐν
896 1179 1218 1253 νεότητι
1278 1177 1598 1258 παρήλικα
1644 1175 1908 1243 παιδικὰ
1957 1173 2234 1258 πάσχειν

559 1287 641 1367 τῷ
691 1284 1029 1368 παρέχοντι
1076 1284 1270 1352 πάλιν
1317 1289 1493 1351 τοῦτο
1542 1284 1630 1356 δὶς
1681 1282 2100 1366 αἰσχρότερον.

188 1391 631 1478 Depravatum
694 1413 831 1458 esse
878 1373 937 1457 ἐν
989 1391 1225 1468 νεότητι
1272 1389 1507 1458 clamat
1552 1392 1867 1457 sententia
1887 1439 1906 1471 ,
1953 1409 2112 1476 quae
2158 1387 2443 1474 postulat
2489 1390 2583 1475 ip-

188 1520 335 1564 sum
405 1501 799 1567 contrarium
872 1523 899 1564 ο
919 1501 952 1565 ὖ
1018 1499 1154 1580 νέῳ
1214 1497 1378 1564 ὄντι
1442 1497 1611 1585 quod
1673 1519 1784 1583 per
1842 1497 2288 1562 attractionem
2336 1494 2583 1596 dictum

188 1626 303 1692 pro
349 1609 419 1672 οὐ
468 1607 593 1672 νέον
640 1605 790 1671 ὄντα
837 1605 989 1694 (nisi
1038 1606 1198 1672 sorte
1242 1606 1361 1673 hoc
1409 1606 1626 1691 ipsum
1674 1603 1975 1689 praefers)
2025 1606 2280 1688 propter
2325 1621 2590 1686 sequens

192 1714 277 1792 τῷ
340 1713 725 1794 παρέχοντι,
788 1716 913 1780 i.e.
979 1715 1103 1800 ipsi
1163 1714 1247 1792 τῷ
1296 1713 1613 1792 πάσχοντι
1663 1711 1764 1790 (cf.
1814 1731 1874 1775 v.
1926 1730 1976 1776 c.
2028 1706 2182 1786 238,
2239 1707 2325 1796 l).
2375 1707 2585 1795 Iunge

194 1820 516 1899 παρήλικα
565 1817 823 1885 παιδικά
845 1866 862 1898 ,
906 1819 1171 1903 puerilia
1218 1817 1406 1884 aetati
1452 1839 1570 1882 non
1620 1838 1895 1898 conyrua.

282 2033 405 2120 Ep.
455 2030 609 2112 238,
662 2031 702 2100 '7

374 2139 567 2205 Τοῦτ’
617 2140 781 2205 ἐστὶν
828 2139 1073 2212 πάντως
1122 2141 1191 2206 τὸ
1242 2139 1711 2220 προοίμιον·
1763 2139 1847 2208 εἷς
1895 2138 2022 2219 γὰρ
2071 2135 2374 2215 ἀμοιβήν,

378 2247 457 2319 ὥς
498 2246 805 2324 λέγεται,
855 2247 1083 2322 κνῆθειν
1132 2242 1289 2312 οἶδεν
1335 2247 1457 2319 ὄνος
1506 2247 1610 2310 τὸν
1657 2243 1800 2312 όνονι

198 2350 360 2431 Quid
406 2351 533 2417 sibi
580 2352 685 2416 hic
732 2351 893 2418 velit
941 2352 1265 2432 προοίμιον,
1308 2371 1560 2438 prorsus
1603 2351 1944 2416 obscurum
1985 2355 2103 2416 est.
2149 2349 2228 2414 In
2268 2369 2587 2437 praegres-

198 2460 282 2522 sis
338 2461 515 2524 enim
576 2455 875 2525 Summe
942 2457 1315 2527 laudaverat
1362 2479 1590 2525 canum
1644 2459 1922 2523 invicem
1973 2456 2098 2523 sibi
2145 2456 2590 2545 praebentium

199 2567 609 2650 aequitatem.
682 2565 952 2651 Propter
1012 2586 1276 2651 sequens
1341 2566 1752 2651 proverbium
1818 2570 2112 2649 expectes
2162 2563 2322 2641 „hoc
2368 2564 2592 2647 utique

199 2668 356 2735 illud
405 2677 505 2737 est
551 2670 715 2756 quod
765 2677 861 2737 est
906 2674 976 2736 in
1023 2670 1423 2757 proverbio”,
1472 2670 1582 2736 sed
1629 2671 1722 2736 ita
1769 2670 1906 2734 sine
1945 2668 2236 2754 exemplo
2276 2672 2593 2754 poetaster

202 2779 521 2863 scripserit
558 2778 993 2857 παροίμιον
1032 2798 1145 2863 pro
1188 2776 1489 2858 παροιμία
1540 2776 1645 2842 vel
1700 2776 2122 2855 παροιμιῶδες.
2189 2774 2324 2841 Nec
2373 2780 2588 2841 tamen

203 2883 434 2950 melius
482 2884 737 2971 reperio.
786 2883 1067 2950 Videant
1112 2882 1244 2949 alii.

287 3094 404 3181 Ep.
456 3096 607 3163 253.
684 3096 997 3182 Loquitur
1065 3098 1145 3163 ab
1215 3099 1457 3163 amasio
1520 3096 1752 3162 illusus
1811 3100 2076 3181 amator,
2143 3097 2253 3180 qui
2301 3093 2591 3160 saltando

204 3201 569 3269 ebrietatem
592 3250 608 3281 ,
662 3224 857 3289 quam
903 3226 971 3269 re
1018 3224 1284 3270 venerea
1322 3225 1389 3269 se
1432 3207 1886 3269 restincturum
1929 3203 2162 3267 frustra
2201 3207 2583 3287 speraverat,

203 3327 365 3373 nunc
434 3312 830 3397 restinguere
897 3316 1177 3375 conatur.
1256 3308 1437 3376 Nihil
1505 3329 1730 3375 causae
1777 3329 1910 3374 esse
1952 3308 2226 3373 arbitror
2276 3328 2390 3373 cur
2436 3328 2584 3375 cum

208 3411 440 3482 editore
488 3421 847 3482 statuamus
892 3416 1202 3501 quaedam
1252 3436 1331 3481 ex
1379 3414 1499 3482 hoc
1546 3419 2014 3503 epigrammate
2061 3414 2389 3481 excidisse.

292 3622 408 3714 Ep.
456 3624 614 3707 256,
664 3625 705 3693 5

472 3734 600 3799 Ναὶ
650 3734 771 3811 μὴν
818 3732 1213 3813 Ἠράκλειτον
1263 3734 1604 3801 ἕπέπλεκον
1627 3782 1645 3813 ,
1693 3735 1773 3807 ὥς
1821 3732 1934 3798 ἀπ’
1983 3732 2251 3811 ἀκάνθης

472 3843 587 3913 εἷς
636 3839 830 3922 ῥόδον·
883 3840 1011 3907 κτὲ.

208 3937 323 4006 Pro
361 3945 443 4018 εἷς
493 3944 709 4012 Iacobs
755 3947 871 4023 ὡς,
922 3944 1303 4013 Boissonade
1347 3947 1442 4019 τὶς
1490 3944 1658 4033 (sic),
1711 3945 2010 4013 Duebner
2049 3947 2120 4013 τὸ
2163 3950 2581 4017 coniecerunt.

212 4042 573 4135 Legendum
622 4058 811 4138 puto:

1560 4160 1656 4234 ὥς
1704 4160 1826 4229 ἀπ’.
1867 4156 2135 4236 ἀκάνθης

575 4264 639 4329 εἰ
687 4262 848 4346 ῥόδον
870 4286 884 4303 ·

220 4382 369 4448 quae
411 4372 565 4438 satis
608 4374 763 4437 trita
808 4376 905 4437 est
952 4369 1211 4437 dicendi·
1248 4372 1433 4439 ratio.
