3150 5000
601 277 739 344 242
1638 295 1949 346 sums.

697 458 1013 526 Continuo
1061 459 1240 525 addit
1285 458 1467 524 Tom.
1516 458 1733 524 XVII.
1787 459 1849 524 1.
1894 479 2043 545 pag.
2097 458 2263 524 151:
2306 456 2503 538 ἕτερον
2539 459 2593 523 δ’
2633 457 2835 536 ἰατρὸν
2876 455 2959 519 ἐπὶ

604 572 714 638 τῆς
778 563 1083 643 ἡμετέρας
1149 563 1371 637 Ἀσίας
1437 559 1583 629 οἶδα
1638 565 1917 637 δυσώδεις
1982 564 2211 644 ἔχοντα
2273 565 2389 637 τάς
2438 562 2712 641 μάΛΑΟ
2758 566 2831 636 ὧς
2880 563 2964 626 διὰ

603 677 781 736 τοῦτο
823 672 911 748 μη
953 671 1158 753 Φέρειν
1197 671 1388 736 αὐτοῦ
1427 675 1537 744 την
1575 669 1804 736 εἴσοδον
1841 670 2144 750 ἄνθρωπον
2186 676 2477 748 νοσοῦντα
2515 670 2753 747 μηδένα
2794 667 2963 734 καθά-

603 787 748 858 ρΙον.
817 777 892 842 In
936 778 1038 842 his
1083 780 1248 842 inest
1293 776 1545 842 dicendi
1595 776 1829 842 vitium
1876 776 1955 841 ab
2000 779 2139 862 ipso
2187 774 2430 843 Galeno
2470 775 2823 862 profectum
2860 776 2962 844 τὰς

600 883 819 962 μάλας
878 904 990 970 pro
1032 883 1154 958 ,τὰς
1203 881 1587 961 μασχάλας.
1660 881 1932 947 Photius
1980 903 2055 948 ex
2104 881 2286 948 Aelio
2335 882 2643 968 Dionysio
2690 905 2755 948 v.
2824 881 2962 945 ’Ττὸ

602 990 812 1069 μάλης
875 996 1170 1057 annotat:
1217 985 1364 1054 ὅταν
1413 988 1478 1052 δὲ
1525 989 1941 1062 πληθυντικῶς
1993 987 2254 1066 λέγωσιν
2305 991 2369 1054 ού
2420 987 2713 1066 μάλας
2759 986 2961 1064 λέγου-

599 1121 692 1163 σιν
739 1098 918 1163 άλλοὶ
965 1095 1350 1175 μασχάλας.
1425 1094 1665 1166 Λυσίας
1690 1118 1705 1133 ·
1756 1093 1860 1159 καὶ
1909 1097 2019 1170 την
2068 1095 2181 1173 μὲν
2227 1094 2419 1172 κόμην
2460 1095 2632 1182 (Iege
2672 1095 2960 1178 κεφαλὴν)

599 1205 790 1284 ψιλην
853 1200 1021 1282 ἔχεις
1042 1251 1058 1280 ,
1105 1202 1223 1272 τοὶς
1271 1201 1332 1266 δὲ
1383 1201 1744 1281 μασχάλας
1792 1201 2070 1274 δασείας.
2142 1200 2369 1268 Lat-ius
2414 1207 2632 1266 autem
2680 1201 2786 1266 hio
2830 1221 2962 1266 usus

597 1315 774 1396 patet
839 1330 1032 1394 quam
1095 1308 1122 1372 ο·
1190 1308 1512 1380 άττικιςὺς
1568 1307 1824 1383 scribit,
1874 1325 2151 1392 namque
2201 1309 2268 1371 in
2316 1312 2585 1391 utroque
2630 1326 2890 1372 numero
2932 1306 2958 1378 ἧ

598 1413 916 1495 μασχάλη
979 1420 1043 1480 et
1105 1415 1170 1478 αἱ
1232 1411 1583 1492 μασχάλαι
1649 1412 1943 1478 dicebant
2007 1417 2365 1478 constanter
2424 1418 2865 1497 praeterquam
2907 1413 2961 1474 in

599 1523 860 1606 antiqua
921 1519 1239 1587 locutione
1306 1520 1421 1585 ὑπὸ
1479 1517 1690 1596 μάλης
1753 1519 1903 1582 elam
1921 1567 1940 1602 ,
2003 1519 2338 1583 clanculum
2358 1566 2374 1597 ,
2416 1519 2679 1604 furtim.
2762 1518 2961 1602 Itaque

599 1626 893 1692 dicebant
950 1629 1036 1698 εἷς
1100 1625 1488 1705 μασχάλην,
1550 1619 1680 1705 αἶρε
1744 1626 2097 1703 μασχάλην
2165 1631 2231 1690 et
2289 1624 2569 1698 δυσώδεις
2635 1623 2797 1707 ἔχων
2861 1625 2957 1694 τὰς

598 1734 997 1812 μασχάλας,
1045 1729 1213 1814 ἔχεις
1264 1732 1382 1802 τοὶς
1430 1731 1793 1813 μασχάλας
1844 1730 2119 1803 δασείας.

692 1836 928 1906 Contra
985 1840 1338 1904 scribarum
1403 1856 1595 1902 error·
1630 1843 1727 1903 est
1784 1839 1853 1901 in
1910 1834 2213 1915 ἄνθρωπον
2260 1834 2578 1916 καθάριον,
2628 1859 2743 1922 pro
2790 1833 2957 1900 καθά·

600 1954 797 2025 ρΕΙον.
871 1943 1144 2024 Καθαρός
1205 1948 1271 2010 et
1331 1941 1646 2023 καθάρειος
1713 1943 1909 2029 proba
1973 1950 2124 2008 sunt
2172 1942 2284 2008 sed
2331 1962 2455 2009 non
2502 1943 2728 2008 eodem
2776 1953 2957 2008 sensu.

600 2052 895 2129 Καθάριος
960 2052 1267 2115 vitiosum
1331 2055 1429 2114 est
1499 2054 1564 2114 et
1632 2049 1871 2132 ubique
1938 2050 2009 2112 in
2080 2049 2390 2126 καθάρειος
2463 2048 2953 2115 convert-endum.

597 2157 948 2222 Emendate
1009 2155 1256 2242 legitur·
1314 2154 1483 2239 apud
1547 2151 1867 2220 Galenum
1931 2151 2113 2218 Tom.
2178 2153 2326 2218 XV.
2377 2175 2525 2241 pag.
2578 2153 2745 2218 192:
2794 2152 2955 2222 οὐδεὶς

600 2261 662 2326 δὲ
708 2269 825 2326 τῶν
873 2259 1334 2340 καθαρείων
1381 2262 1694 2338 ἀνθρώπων
1744 2258 2045 2340 άνέχεται
2091 2264 2368 2341 ῥυπαρῶν
2414 2260 2707 2336 ἱματίων.

688 2367 976 2447 Καθαρῶς
1041 2373 1105 2430 et
1152 2364 1451 2445 καθαρίως
1502 2365 1718 2450 (scrib.
1768 2365 2129 2450 καθαρείως)
2182 2368 2249 2440 in
2294 2364 2713 2451 Hippocratis
2758 2363 2955 2430 codici·

598 2474 718 2540 bus
765 2472 1065 2538 confundi
1111 2473 1441 2540 annotavit
1489 2468 1773 2538 Galenus
1821 2469 2003 2537 Tem.
2054 2469 2261 2537 XVII.
2310 2471 2375 2538 2.
2422 2492 2565 2560 pag.
2622 2467 2775 2538 138.

683 2686 866 2753 Tom.
914 2685 1122 2752 XVII.
1171 2686 1233 2751 2.
1286 2707 1434 2773 pag.
1487 2685 1650 2749 151:
1702 2684 1799 2748 ἐπὶ
1850 2683 1911 2749 δὲ
1960 2684 2209 2750 Κοΐντου
2256 2691 2362 2749 τοῦ
2405 2686 2577 2750 κατὰ
2606 2694 2792 2751 ΤΗΝ
2829 2692 2953 2749 ΠΑ-

592 2802 850 2860 ΤΡΙΔΑ
917 2794 1083 2869 ἡμῶν
1148 2793 1524 2871 ἰατρεύοντος
1590 2792 1650 2853 ἐν
1699 2790 1899 2871 Ῥώμη
1946 2790 2051 2854 καὶ
2103 2790 2369 2855 τοιοῦτόν
2414 2814 2473 2855 τι
2523 2792 2776 2868 συνέβη.
2842 2786 2954 2853 Ad·
3065 2792 3066 2797 ’

591 2901 792 2966 versis
855 2901 1165 2964 frontibus
1226 2900 1391 2963 inter
1453 2894 1520 2961 se
1578 2901 1870 2983 pugnant
1934 2896 2105 2962 κατὰ
2166 2897 2277 2970 την
2339 2897 2608 2977 πατρίδα
2661 2900 2858 2974 ἡμῶν,
2898 2890 2955 2957 id

591 3012 687 3072 est
731 3005 1070 3093 Pergami,
1117 3010 1183 3070 et
1231 3004 1290 3067 ἐν
1336 3004 1553 3080 Ῥώμη.
1623 2999 1869 3069 Callide
1917 3006 2224 3089 interpres
2276 3003 2549 3085 „Quinto
2595 3007 2731 3072 civi
2768 3006 2953 3069 nostro

591 3112 814 3175 Romae
873 3110 1224 3175 medicinam
1281 3108 1575 3173 exercenti
1638 3108 1711 3170 id
1768 3107 2079 3190 contiqit''.
2166 3107 2289 3174 Sed
2353 3130 2478 3175 non
2530 3112 2702 3176 inest
2746 3110 2859 3173 hoe
2900 3106 2953 3169 in

589 3217 801 3285 verbis
849 3212 1129 3281 Graecis.
1202 3212 1522 3281 Galerium
1569 3214 1897 3299 scripsisse
1947 3215 2217 3279 arbitror
2264 3214 2435 3279 κατὰ
2482 3224 2718 3282 TOTC
2764 3220 2955 3279 παι-6·

592 3330 750 3389 PAC
817 3324 984 3399 ἡμῶν
1037 3330 1278 3400 patrum
1339 3327 1669 3385 nostrorum
1716 3325 2011 3385 memoria.
2084 3319 2363 3399 Quintus
2410 3324 2581 3387 enim
2630 3318 2955 3406 discipulos

586 3430 816 3495 habuit
873 3425 1180 3514 Satyrum
1228 3432 1291 3492 et
1337 3428 1723 3491 Phicianum
1742 3472 1760 3501 ‚
1810 3445 1967 3509 quos
2017 3423 2298 3493 Galenus
2346 3426 2572 3493 habuit
2616 3432 2954 3512 praecepto·

588 3556 689 3601 res
751 3535 829 3600 cf.
892 3532 1074 3599 Tom.
1137 3532 1218 3596 ΙΙ.
1281 3553 1430 3619 pag.
1493 3530 1663 3596 224:
1724 3532 1845 3608 ἐγὼ
1905 3531 1966 3595 δὲ
2032 3533 2093 3595 ἐν
2140 3541 2217 3612 τῇ
2267 3534 2511 3612 πατρίδι
2563 3536 2709 3598 κατ’
2756 3534 2954 3597 ἐκεῖνον
3065 3552 3066 3561 ’

593 3639 684 3705 ἔτι
733 3640 1029 3720 διέτριβον
1074 3641 1176 3705 τὸν
1223 3639 1435 3717 χρόνον
1483 3637 1598 3701 ὑπὸ
1652 3636 1909 3719 Σατύρῳ
1961 3637 2394 3714 παιδευόμενος
2444 3674 2532 3688 -·
2575 3640 2870 3714 ἐτεθνήκει
2906 3633 2951 3699 δ’

593 3748 657 3811 ού
705 3746 817 3825 πρὸ
866 3748 1099 3811 πολλοῦ
1149 3744 1397 3816 Κόϊντος
1445 3744 1471 3807 ὅ
1512 3742 1883 3815 διδάσκαλος
1923 3749 2027 3808 τοῦ
2072 3745 2373 3825 Σατύρου.
2415 3745 2495 3811 ef.
2536 3745 2720 3811 Tom.
2761 3738 2953 3809 XVII.

601 3854 658 3915 1.
722 3872 871 3939 pag.
923 3850 1052 3917 575
1102 3856 1166 3917 et
1213 3847 1394 3915 Tom.
1445 3848 1631 3913 XVI.
1680 3869 1825 3936 pag.
1878 3848 2039 3913 524:
2094 3855 2271 3914 τοῦτο
2320 3849 2596 3931 Σάτυρος
2646 3851 2675 3915 ὃ
2728 3850 2953 3915 Κοΐντου

593 3958 874 4035 μαθητής
895 4004 911 4035 ,
950 3954 1011 4022 ὃν
1049 3958 1172 4035 ἐγὼ
1214 3956 1492 4037 πρότερον
1527 3952 1697 4035 εἶχον
1721 3955 2089 4020 διδάσκαλον
2118 3956 2425 4032 Πέλοπος,
2455 3955 2641 4029 οὕτως
2667 3956 2953 4035 ἐξηγεῖτο.

686 4168 868 4234 [Pom.
931 4170 1148 4235 XVII.
1213 4170 1276 4235 2.
1339 4191 1486 4258 pag.
1557 4166 1722 4234 166:
1787 4169 1940 4234 ἀλλ’
2002 4170 2134 4235 ἐπεὶ
2196 4172 2551 4254 τυφλώττει
2615 4174 2684 4237 τὸ
2746 4173 2953 4252 Φιλοῢν

595 4277 730 4357 περὶ
779 4275 849 4340 τὸ
896 4274 1261 4357 Φιλούμενον
1307 4276 1407 4340 διὰ
1455 4280 1634 4340 τοῦτο
1684 4278 1717 4350 ἡ
1766 4275 2076 4357 Φιλαυτία
2124 4279 2429 4351 πολλάκις
2478 4276 2807 4360 ἐργάζεται
2852 4297 2951 4337 τυ-

591 4381 793 4467 φλοὺς
841 4384 1025 4461 4ἧμιὶἱς
1090 4380 1191 4445 ἐπὶ
1256 4389 1379 4456 τοῖς
1440 4380 1749 4462 ἡμετέροις
1796 4380 2029 4460 μόνοις,
2078 4383 2131 4449 εἱ
2180 4384 2287 4449 καὶ
2334 4386 2420 4451 τοὶ
2467 4384 2767 4466 άλλότρια
2810 4376 2950 4459 βλέ·
3065 4400 3066 4403 ’
