3150 5000
1225 218 1647 269 mucymnns.
2533 200 2620 266 85

317 388 744 455 Athenienses
789 386 840 455 Ι.
891 384 1012 473 70:
1072 381 1118 451 ἃ
1181 384 1260 451 ἂν
1323 387 1749 463 ἐπινοήσαντες
1798 384 1888 463 μὴ
1936 372 2375 465 ἔξέλθωσιν
2421 387 2616 452 οἰκεῖα

221 494 509 577 ςέρεσθαι
584 497 900 573 ἡγοῦνται.
983 492 1114 558 Hie
1178 492 1494 579 plerisque
1564 492 1896 579 displicuit
1961 494 2229 560 verbum
2300 490 2616 568 ἐξέλθωσιν

217 604 450 687 itaque
525 600 896 666 Badhamus
971 596 1184 665 ἕλωσιν
1263 602 1565 678 coniecit,
1650 598 2114 666 Herwerdeuus
2194 598 2614 665 ἐκτελέσωσιν.

217 704 518 774 conferri
565 712 774 793 potest
819 703 932 771 111.
980 703 1107 771 81:
1155 705 1228 769 τὸ
1275 703 1433 783 πολὺ
1484 708 1592 770 τοῦ
1641 704 1818 785 ἔργου
1866 705 2109 783 ἐξῆλθον
2129 751 2146 784 ,
2188 705 2357 791 quod
2394 706 2450 771 si
2490 726 2616 771 non

215 816 379 880 satis
429 811 755 879 videbitur
801 812 884 878 ad
931 810 1268 899 vulgatam
1313 810 1651 877 tutandam
1672 860 1691 890 ‚
1739 812 1991 897 probari
2036 796 2302 879 fortasse
2346 812 2615 899 poterit:

217 917 846 985 ἐπιτελέσωσιν.
897 917 1060 983 Sunt
1100 920 1272 983 enim
1317 917 1780 996 Athenienses,
1822 918 1990 1004 quod
2024 940 2213 1005 supra
2234 917 2615 997 habuimus,

216 1028 544 1103 ἐπινοῆσαι
589 1022 745 1101 ὀξεῖς
794 1024 899 1090 καὶ
947 1024 1307 1091 ἐπιτελέσαι
1353 1024 1508 1107 ἔργῳ
1553 1016 1599 1091 ἃ
1648 1023 1724 1091 ἂν
1770 1025 2014 1105 γνῶσιν.

277 1294 505 1383 'Quod
570 1301 812 1391 legitur
879 1300 932 1366 I.
1006 1298 1129 1367 ¹73:
1205 1302 1292 1367 τοὶ
1354 1301 1469 1381 μὲν
1533 1297 1698 1365 πάνυ
1761 1300 2018 1365 παλαιά
2077 1299 2143 1364 τί
2212 1298 2309 1364 δεῖ
2369 1296 2616 1378 λέγειν,

217 1406 295 1474 ὧν
388 1408 578 1473 άκοα)
650 1409 898 1485 μᾶλλον
968 1408 1168 1486 λόγων
1239 1406 1543 1486 μάρτυρες
1616 1407 1650 1483 ἢ
1725 1404 1895 1487 ὄψεις
1973 1406 2092 1471 τῶν
2168 1406 2617 1484 άκουσομέ-

219 1540 309 1579 νω
330 1540 400 1600 ν,
466 1514 816 1579 ridiculum
862 1514 1321 1600 propemodum
1370 1513 1536 1578 mihi
1583 1511 1839 1579 videtur
1884 1511 2291 1596 contendere,
2355 1532 2459 1578 eos
2505 1513 2618 1597 qui

215 1621 492 1687 audient
554 1640 675 1686 non
739 1626 932 1685 testes
994 1619 1276 1686 oculatos
1347 1620 1544 1684 fuisse
1605 1620 1726 1683 τῶν
1786 1616 1953 1682 πάνυ
2014 1624 2321 1683 παλαιῶν.
2408 1617 2619 1699 Quam

216 1732 511 1793 contorte
567 1723 965 1792 Classenius:
1027 1727 1128 1791 die
1187 1728 1350 1789 alten
1410 1726 1822 1803 &asebia-laten,
1873 1726 2134 1789 woric'bcr
2178 1726 2291 1788 dae
2340 1727 2616 1789 Annam

218 1834 328 1897 der
378 1833 571 1915 Sayen
615 1856 745 1896 zum
791 1832 1079 1913 Zeuqnies
1116 1832 1330 1896 dienen
1377 1854 1534 1894 muse
1551 1877 1568 1908 ‚
1629 1831 1757 1893 und
1798 1830 1964 1895 nicht
2007 1831 2107 1895 die
2152 1831 2450 1913 lebendiqe
2498 1834 2621 1895 An-

218 1940 534 2019 schauuny
591 1938 764 2002 deror
783 1986 798 2013 ‚
865 1939 1052 2001 denen
1114 1937 1204 2002 eie
1265 1943 1642 2017 vorqetraqen
1686 1937 1918 2000 werden
1961 1936 2171 2001 collon.
2243 1934 2367 2002 Sed
2414 1936 2491 2002 de
2537 1937 2619 2001 iis

221 2066 385 2131 quae
432 2064 638 2129 nuper
683 2042 1081 2121 acciderunt,
1131 2042 1572 2109 testimonium
1618 2041 1832 2107 dicent
1867 2042 1973 2127 qui
1995 2043 2308 2119 viderunt3
2337 2048 2619 2108 remotae

222 2152 634 2235 antiquitatis
680 2169 804 2214 non
851 2151 974 2215 nisi
1023 2152 1214 2215 auriti
1263 2154 1456 2214 testes
1504 2154 1673 2213 sunt.
1744 2150 2167 2234 Antiquitatis
2214 2148 2397 2215 άκοαὶ
2447 2152 2619 2227 μάλ-

224 2269 328 2319 λον
376 2256 585 2334 λόγων
634 2256 935 2335 μάρτυρες
990 2256 1023 2329 ἢ
1073 2252 1280 2335 ὄψεις,
1330 2256 1601 2320 minime
1641 2261 1759 2319 τῶν
1785 2254 2370 2335 άκουσομένων,εθ(1
2395 2276 2616 2322 eorum

224 2366 334 2447 qui
395 2360 862 2446 interfuerunt,
926 2363 1045 2428 hoc
1107 2366 1202 2427 est
1261 2364 1378 2425 τῶν
1441 2360 1964 2437 αἰσθομένων.
2067 2360 2272 2427 Incidi
2330 2365 2397 2427 in
2458 2362 2617 2441 hoo,

224 2488 477 2535 memor
540 2488 760 2535 eorum
823 2488 984 2554 quae
1044 2467 1122 2533 de
1183 2466 1446 2533 Brasida
1504 2465 1790 2556 legeram
1855 2466 1963 2532 lv.
2022 2466 2145 2533 81:
2226 2471 2259 2544 ἦ
2323 2469 2615 2548 Βρασίδου

225 2575 412 2654 &perh
461 2575 569 2640 καὶ
617 2573 892 2651 ξύνεσις,
957 2580 1073 2638 τῶν
1128 2573 1241 2650 μὲν
1287 2573 1469 2657 πείρα
1517 2573 1921 2652 αἰσθομένων,
1970 2581 2086 2640 τῶν
2134 2575 2196 2640 δὲ
2243 2575 2399 2657 άκοῇ
2445 2597 2616 2653 νομι-

227 2679 506 2766 σάντων,
553 2681 684 2746 κτὲ.

316 2937 476 3026 Gap.
526 2938 581 3007 I.
631 2937 756 3008 ¹79:
817 2945 933 3004 τῶν
988 2939 1104 3017 μὲν
1149 2936 1440 3004 πλειόνων
1488 2937 1588 3003 ἐπὶ
1639 2937 1836 3004 ταύτὸ
1884 2939 1951 3004 αἱ
2000 2944 2246 3019 γνῶμαι
2294 2936 2325 3004 ἔ
2338 2947 2393 3021 Φ
2412 2966 2439 3005 ε
2452 2959 2615 3019 pov:

228 3049 524 3112 omnium
587 3047 934 3112 sententiae
994 3047 1308 3128 vomebant
1372 3045 1631 3112 eodem:
1686 3065 1893 3111 nonne
1939 3045 2057 3112 hoc
2106 3052 2202 3111 est
2249 3045 2280 3112 ἓ
2295 3071 2325 3126 ρ
2342 3071 2417 3126 ρε
2435 3043 2617 3112 arou?

229 3151 388 3220 Vide
435 3152 730 3238 exempla
776 3172 935 3237 quae
981 3154 1269 3241 congessi
1319 3153 1539 3217 Mnem.
1590 3151 1735 3216 XX.
1786 3150 1941 3216 225.
1990 3152 2089 3217 Ad
2129 3150 2181 3218 Ι.
2222 3149 2311 3217 84
2354 3151 2616 3218 Bloom-

230 3256 454 3326 fieldus
516 3259 737 3326 laudat
782 3258 1090 3346 Polyaeni
1137 3258 1352 3325 locum
1373 3306 1392 3337 ‚
1450 3278 1643 3344 quem
1693 3259 1889 3324 etiam
1935 3258 2269 3324 emendare
2315 3266 2612 3338 conatur,

233 3367 340 3431 sed
406 3364 895 3432 Bloomfieldum
959 3368 1373 3431 coniectorem
1439 3365 1634 3430 fuisse
1681 3365 2101 3452 cognovimus
2146 3364 2213 3430 in
2260 3364 2478 3450 paucis
2522 3367 2616 3430 in-

232 3468 506 3537 felicem.
565 3470 804 3538 Scribit
846 3470 1208 3559 Polyaenus
1257 3469 1368 3536 111.
1422 3471 1539 3548 11,
1598 3472 1670 3555 1,
1718 3467 2062 3536 Chabriam
2109 3468 2447 3555 aliquando
2494 3475 2617 3536 mi-

233 3571 456 3644 litibus
502 3578 771 3644 dixisse:
821 3579 910 3657 μή
958 3601 1050 3643 τοι
1097 3578 1433 3659 νομίζωμεν
1476 3580 1554 3650 ὥς
1605 3576 2037 3654 πολεμίοις
2092 3576 2616 3655 συμβάλλοντες,

235 3679 380 3747 ἀλλ’
441 3685 764 3763 ἀνθρώποις
827 3677 993 3761 αἷμα
1058 3684 1164 3749 καὶ
1228 3681 1434 3764 σάρκα
1495 3681 1740 3762 ἔχουσιν
1762 3729 1779 3762 ,
1834 3682 1943 3748 sed
1988 3681 2434 3769 corrigendum
2482 3687 2613 3760 est,

237 3788 334 3852 uti
378 3789 591 3868 vides,
642 3788 771 3854 δαι
790 3814 841 3870 μ
862 3790 976 3854 ονί
993 3813 1105 3862 oce,-
1157 3809 1231 3855 eo
1278 3809 1465 3855 sensu
1511 3809 1635 3874 quo
1674 3787 1993 3856 Lucienus
2034 3789 2287 3874 scripsit
2324 3790 2392 3854 in
2418 3790 2614 3855 Asino

235 3891 270 3975 ἓ
314 3891 437 3960 24;
495 3903 606 3961 ποῖ
645 3894 924 3977 βαδίζεις
973 3897 1168 3980 α’ωρίᾳ
1212 3896 1609 3974 ταλαίπωρε,
1656 3892 1788 3958 οὐδὲ
1833 3893 1918 3958 τά
1966 3892 2255 3974 δαιμόνια
2300 3894 2612 3973 naaman

239 4006 300 4063 et
343 4009 663 4087 praeterea
707 4002 791 4068 cf.
837 4001 1036 4068 Arist.
1085 4004 1207 4068 Av.
1264 3999 1458 4068 1487.
1529 4001 1716 4068 Nunc
1778 4001 1976 4066 etiam
2038 3999 2223 4068 facile
2268 4007 2365 4067 est
2403 4022 2617 4067 emen-

241 4103 382 4172 dare
440 4108 725 4177 Platonis
788 4108 1000 4175 locum
1061 4111 1129 4174 in
1193 4107 1547 4175 Menexeno
1610 4128 1673 4192 p.
1724 4105 1858 4172 243
1904 4105 1994 4172 B:
2059 4107 2275 4180 πάσας
2329 4107 2447 4180 τὰς
2498 4114 2614 4172 τῶν

241 4223 645 4292 πολεμίων
695 4214 932 4288 ἑλόντες
981 4220 1164 4294 ναῦς,
1215 4216 1458 4287 πολλὰς
1507 4215 1571 4279 δὲ
1619 4211 1725 4277 καὶ
1773 4209 1980 4288 ἄλλας
2030 4215 2422 4292 νικήσαντες,
2465 4234 2616 4280 nam

245 4320 530 4387 omnibus
575 4322 860 4389 hostium
906 4324 1179 4390 navibus
1225 4323 1428 4409 captis
1447 4367 1463 4400 ‚
1504 4322 1636 4386 iam
1678 4339 1801 4385 non
1842 4326 2215 4406 supererunt
2238 4319 2431 4399 aliae,
2461 4339 2617 4406 quas
