3150 5000
1204 261 1628 312 meminus.
2479 244 2609 312 417

216 433 465 516 ὁρῶσιν,
536 432 586 496 οἱ
655 430 770 507 μὲν
840 431 939 494 ἐπ’
1012 429 1523 507 αὐτομολίας
1598 429 1904 512 προφάσει
1978 430 2359 510 ἀπέρχονται
2421 425 2481 496 οἷ
2533 433 2611 503 ὡς

218 534 436 606 ἔκαε-οι
484 536 810 604 δύνανται·
858 541 1059 613 πολλη
1108 538 1160 603 δ’
1210 539 1243 612 ἦ
1295 538 1569 604 Σικελία.
1641 536 1882 605 Deinde
1926 538 2006 603 de
2044 537 2241 604 altera
2273 537 2609 602 hominnm

218 647 471 731 specie:
537 645 653 709 εἶσὶ
719 645 771 710 δ’
831 643 885 712 οἳ
943 647 1045 710 καὶ
1097 645 1271 710 αὐτοὶ
1321 644 1824 724 ἐμπορευόμενοι,
1872 644 2222 724 ἀνδράποδα
2267 645 2610 724 ’Τκκαρικᾶ

216 749 825 831 άντεμβιβάσαντες
876 752 1023 832 ὑπὲρ
1070 759 1245 834 σφῶν
1292 753 1618 824 πείσαντες
1666 753 1806 824 τοὺς
1855 751 2251 833 τριηράρχους
2290 754 2399 827 τὴν
2438 751 2610 830 άκρί-

216 859 413 937 βειαν
461 863 565 923 τοῦ
614 864 900 925 ναυτικοῦ
946 861 1317 942 ἀφῄρηνται.
1379 857 1461 922 Et
1506 859 1575 923 hi
1624 858 1913 924 homines
1961 863 2026 924 et
2069 858 2172 924 illi
2228 858 2611 925 delabuntur

214 967 415 1032 venia
460 967 830 1051 impetrata,
886 967 1041 1032 dum
1088 966 1216 1033 fere
1257 986 1368 1051 pro
1411 985 1700 1030 concesso
1738 965 2027 1041 habetur,
2071 965 2239 1049 quod
2279 964 2609 1031 trierarchi

216 1093 347 1138 non
418 1077 683 1158 possunt
739 1077 990 1149 vetare3
1042 1093 1231 1158 supra
1279 1073 1450 1152 enim
1496 1073 1630 1138 iam
1677 1071 1804 1135 fuit
1848 1091 2054 1136 sermo
2100 1070 2176 1136 de
2223 1071 2607 1157 transfugis:

214 1181 269 1243 οἱ
320 1178 391 1270 δὲ
441 1177 841 1258 θεράποντες,
892 1178 1101 1253 ἐπειδὴ
1149 1180 1207 1252 ἐς
1256 1180 1600 1244 ἀντίπαλον
1647 1179 2111 1254 καθεςηκαμεν,
2161 1178 2609 1262 αὐτομολοῦσι,

219 1284 325 1349 καὶ
394 1285 447 1350 οἱ
510 1283 665 1361 ξένοι
728 1288 779 1352 οἱ
843 1287 957 1366 μὲν
1004 1284 1353 1363 άναγκαςοὶ
1402 1284 1708 1363 ἐσβάντες
1757 1285 1928 1357 εὐθὺς
1976 1285 2144 1350 κατά
2194 1281 2403 1357 πόλεις
2451 1284 2612 1348 άπο-

217 1397 542 1474 χωροῦσιν.
622 1392 866 1458 Deinde
928 1396 1215 1479 sequitur
1272 1392 1340 1457 id
1388 1391 1465 1458 de
1512 1391 1752 1477 duplici
1799 1393 2135 1458 hominum
2181 1412 2409 1478 genere
2454 1409 2610 1477 quos

218 1498 515 1564 vidimus
536 1546 553 1575 ,
618 1501 729 1585 qui
791 1504 1014 1584 sponte
1073 1519 1277 1585 neque
1337 1498 1689 1576 άναγκαςοὶ
1753 1518 1946 1563 naves
2005 1497 2498 1564 conscenderunt
2544 1501 2610 1562 et

218 1627 394 1671 nunc
470 1608 655 1672 venia
718 1607 1059 1692 impetrate
1122 1625 1594 1692 quoquoversus
1655 1603 2040 1670 dilabuntur.
2114 1603 2285 1679 Quid
2350 1602 2608 1670 tandem

217 1713 493 1777 interest
555 1713 719 1778 inter
784 1712 941 1777 duas
1001 1714 1275 1798 species,
1340 1732 1501 1798 quse
1560 1716 1697 1775 tam
1745 1711 1974 1776 diserte
2020 1712 2187 1775 inter
2233 1731 2365 1776 sese
2412 1730 2608 1797 oppo-

219 1817 519 1884 nuntur?
564 1818 811 1905 Nempe
856 1821 966 1906 qui
1008 1817 1279 1884 secundo
1317 1817 1452 1884 loco
1488 1821 1944 1894 memorantur,
1988 1823 2063 1882 ut
2101 1816 2350 1905 digredi
2389 1815 2608 1900 liceat,

218 1925 377 1991 dant
442 1927 797 2010 vicarium,
863 1927 1259 2010 mancipium
1324 1923 1582 2010 aliquod
1639 1925 1994 2001 ’Τκκαρικὸν
2040 1926 2290 2008 itaque,
2337 1925 2488 2008 quia
2533 1922 2610 1989 de
2655 1921 2664 1926 ’

218 2032 426 2098 altero
498 2037 695 2119 negat
756 2034 864 2117 qui
926 2033 1019 2097 ait
1077 2031 1155 2097 de
1215 2030 1446 2114 altero,
1512 2030 1614 2096 illi
1679 2033 1990 2096 vicarium
2053 2050 2178 2095 non
2237 2029 2407 2097 dant.
2479 2027 2610 2096 Gur

218 2135 527 2203 tandem?
597 2139 749 2222 quis
818 2157 889 2202 eo
952 2143 1284 2222 praetextu
1346 2136 1708 2212 utebantur,
1777 2158 1843 2202 se
1902 2156 2026 2201 non
2088 2135 2312 2202 debere
2371 2137 2608 2202 invitos

218 2245 519 2320 retineri,
571 2244 739 2330 quod
780 2245 912 2309 suis
948 2245 1255 2328 impensis
1294 2245 1361 2308 in
1402 2243 1819 2328 expeditionis
1859 2244 2180 2309 venissent
2216 2245 2606 2310 societatem.

219 2347 357 2413 Iam
408 2349 479 2414 id
528 2350 848 2435 quomodo
894 2347 1223 2416 literarum
1274 2349 1573 2415 ductibus
1621 2352 2062 2416 convenienter
2106 2351 2340 2434 poterit
2387 2347 2532 2415 elici
2573 2370 2608 2415 e

219 2458 538 2543 corruptis
586 2457 797 2522 verbis
848 2456 946 2521 ἐπ’
994 2456 1373 2534 αὐτομολίας
1422 2453 1777 2539 προφάσειῖ
1823 2455 2010 2522 Forte
2056 2454 2417 2522 recordatus
2461 2475 2610 2522 sum·

218 2565 546 2629 notissimi
608 2563 860 2629 Musaei
922 2561 1250 2628 versiculi:
1320 2563 1509 2633 αὐτὸς
1558 2564 1665 2627 ἐὼν
1712 2563 1952 2640 ἐρέτης,
2002 2560 2368 2638 αὐτός-ολος,
2426 2562 2609 2626 αὐτό-

220 2693 426 2745 ματος
482 2674 622 2745 νηῦς
685 2675 749 2734 et
812 2668 1089 2735 conferat
1149 2668 1314 2733 mihi
1376 2671 1517 2754 quis
1576 2669 1745 2753 apud
1805 2668 2159 2735 Henricum
2208 2668 2605 2754 Stephanum

222 2776 541 2859 quomodo
588 2780 932 2860 usurpetur
975 2775 1365 2841 adiectivum
1413 2775 1769 2845 αὐτόςολος.
1831 2775 2131 2841 Mortuus
2177 2776 2244 2839 in
2291 2776 2606 2862 epigram·

218 2887 391 2947 mate
458 2881 763 2967 quodam:
828 2879 1157 2953 αὐτόςολος
1218 2876 1393 2953 ἦλθεν
1455 2883 1542 2951 εἷς
1606 2881 1819 2957 ’Λΐδην
1881 2882 2101 2947 νεκύων
2161 2880 2480 2959 πορθμίδας
2539 2884 2602 2947 οὐ

220 2986 499 3063 χατέωνε
567 2990 744 3052 venit
804 2989 1008 3073 igitur
1066 3007 1179 3052 suo
1224 2986 1505 3071 periculo
1524 3034 1541 3065 ‚
1589 2989 1840 3072 proprio
1889 2986 2128 3064 Marte,
2181 2986 2420 3053 alienae
2467 2990 2606 3071 opis

220 3112 341 3157 non
404 3091 706 3179 indigus,
772 3094 896 3158 sibi
962 3092 1081 3157 soli
1144 3114 1401 3178 parens,
1467 3092 1628 3158 nulli
1678 3092 1884 3158 alieno
1933 3092 2200 3178 imperio
2247 3095 2602 3173 subiectus,

222 3198 323 3262 οὐκ
384 3198 754 3276 άναγκαςός
822 3199 1093 3284 denique
1140 3206 1205 3265 et
1250 3196 1524 3265 Char-oni
1574 3199 1928 3265 mercedem
1976 3220 2100 3266 non
2146 3200 2604 3285 persoluturus.

221 3302 463 3370 Eodem
510 3306 696 3371 modo
741 3305 843 3371 illi
898 3305 994 3369 ἐπ’
1043 3306 1545 3378 αὐτος-ολίας
1597 3306 1906 3387 προφάσει
1948 3306 2366 3387 άπέρχονται,
2405 3327 2606 3391 neque

224 3412 473 3477 etiamsi
522 3412 714 3483 velis.
765 3412 1003 3477 retrahi
1050 3414 1283 3498 possis:
1336 3415 1537 3488 πολλὴ
1589 3412 1638 3477 δ’
1688 3415 1723 3488 ἦ
1773 3414 2051 3478 Σικελία.

308 3620 610 3708 Sequitur
672 3646 725 3689 c.
794 3624 917 3689 14:
989 3624 1275 3703 βραχεῖα
1343 3625 1516 3701 nixu»)
1583 3624 1993 3705 πληρώματος
2057 3624 2164 3695 καὶ
2227 3623 2424 3703 ὀλίγοι
2489 3624 2606 3689 τῶν

225 3737 563 3814 ναυτῶν,
636 3732 687 3795 οἱ
760 3728 1128 3810 ἔξορμῶντές
1201 3755 1273 3795 τε
1344 3736 1493 3795 ναῦν
1559 3731 1663 3796 καὶ
1729 3730 2085 3813 ξυνέχοντες
2148 3733 2258 3805 τὴν
2321 3731 2603 3811 εἰρεσίαν.

224 3828 433 3918 Haec,
494 3837 703 3920 inquit
769 3832 1271 3915 Herwerdenus,
1331 3857 1515 3901 suum
1565 3835 1881 3923 Oedipum
1929 3840 2312 3922 exspectant.
2378 3837 2603 3905 Teme·

226 3940 459 4005 ratium
516 3941 777 4007 fortasse
840 3948 938 4009 est
999 3942 1322 4009 difficilem
1369 3943 1579 4009 locum
1631 3945 1980 4032 attingere,
2031 3943 2137 4009 sed
2186 3965 2310 4011 non
2355 3966 2603 4033 semper

229 4042 509 4114 difficilis
576 4054 753 4127 sunt,
831 4071 991 4135 quae
1062 4048 1441 4116 difficillima
1512 4050 1811 4116 videntur
1873 4072 2023 4117 esse.
2113 4051 2236 4131 Qui
2311 4052 2601 4118 homines

231 4148 509 4231 ἕξορμῶσι
556 4156 665 4228 την
712 4156 911 4221 ναῦνΡ
958 4155 1127 4220 Sunt
1174 4160 1341 4222 certe
1386 4155 1584 4222 iidem
1633 4158 1745 4241 qui
1789 4154 2113 4240 ξυνέχουσι
2159 4160 2268 4232 την
2315 4158 2596 4240 εἰρεσίαν,

233 4274 349 4337 quo
392 4262 647 4326 nomine
690 4260 818 4327 fere
864 4264 1212 4327 necessario
1257 4264 1533 4350 remiges
1582 4265 1750 4349 ipsos
1796 4262 2159 4352 intelligere
2205 4264 2598 4333 debebimus.

234 4354 401 4429 Haec
446 4366 705 4433 fortasse
754 4370 947 4433 etism
1000 4389 1178 4434 mens
1225 4365 1533 4435 Classenii
1581 4369 1707 4434 suit
1727 4418 1744 4447 ,
1795 4391 2180 4457 quamquam
2233 4370 2370 4437 eius
2409 4372 2604 4439 verbs
