3150 5000
546 251 672 323 166
1620 276 1853 326 comer.

535 446 714 509 ribus
770 450 1140 529 praeparata
1186 443 1381 509 fuisse
1430 444 1715 520 videtur,
1765 444 1929 515 ἔτνος
1981 451 2116 510 erat
2164 452 2327 509 teste
2374 442 2677 509 Gramm.
2724 440 2913 507 Bekk.

541 548 626 617 10
687 547 1015 627 κυάμων
1077 548 1110 623 ἦ
1172 549 1424 614 πισῶν
1471 549 1506 625 ἢ
1553 550 1772 622 ἁπλῶς
1820 556 2227 632 κατερεικτῶν
2274 573 2482 633 τινων,
2532 547 2729 629 ἀθῶρη
2777 567 2917 613 vero

543 661 738 738 πυρῶν
787 655 1112 735 ἧψημένων
1159 656 1262 721 καὶ
1316 654 1799 737 διακεχυμένων.

627 858 808 926 Idem
852 860 930 925 fr.
980 858 1069 924 24

808 967 1048 1032 πόθεν
1093 965 1186 1033 ἂν
1231 964 1586 1044 λάβοιμι
1635 965 1859 1044 βύσμα
1909 969 1995 1049 τῷ
2043 969 2297 1049 πρωκτῷ
2341 967 2568 1048 φλέων.

621 1074 882 1139 Praeter
948 1073 1120 1138 locos
1187 1071 1450 1138 collatos
1515 1093 1552 1138 a
1615 1072 1863 1140 Kockio
1934 1080 1998 1140 et
2062 1073 2405 1161 Blaydesio
2451 1078 2601 1158 apte
2647 1071 2925 1137 conferas

537 1180 686 1247 Pac.
758 1178 846 1245 20
918 1179 1153 1244 πόθεν
1213 1176 1306 1243 ἂν
1369 1179 1775 1259 πριαίμην
1838 1184 1967 1261 ῥῖνα
2032 1182 2122 1259 μὴ
2180 1179 2587 1263 τετρημένηνς
2634 1178 2927 1243 Fortasse

537 1292 756 1352 autem
800 1284 1066 1361 λάβοιμι
1110 1284 1218 1350 hic
1266 1285 1700 1369 accipiendum
1723 1334 1740 1363 ,
1789 1291 1863 1351 ut
1912 1306 2097 1372 saepe
2134 1285 2302 1371 apud
2345 1287 2659 1367 comicos,
2702 1282 2929 1349 emendi

538 1414 746 1459 sensu.
793 1391 1193 1457 Arundinem
1240 1392 1415 1457 enim
1459 1391 1647 1457 illam
1690 1392 1922 1458 utilem
1969 1394 2240 1458 veniisse
2284 1390 2616 1478 probabile
2662 1396 2785 1455 est.

629 1608 808 1675 Idem
868 1608 944 1673 fr.
1009 1605 1118 1673 36.
1179 1609 1480 1689 ἄναφλῑὲν
1543 1608 1651 1673 καὶ
1699 1610 2091 1673 ἄνακνὶἱν.
2139 1606 2468 1675 Reddatur
2514 1606 2931 1692 Aristophani

540 1717 746 1783 forma
790 1714 1005 1781 Attica
1049 1714 1094 1779 οἱ
1110 1739 1140 1778 ν
1156 1738 1201 1779 α
1219 1738 1258 1779 κ
1276 1737 1306 1778 ν
1326 1723 1361 1790 ἥ
1379 1740 1408 1779 ν
1427 1762 1444 1794 ,
1495 1716 1661 1802 quod
1712 1720 1977 1801 uterque
2022 1716 2227 1781 editor
2268 1712 2575 1803 neglexit.

629 1935 806 2003 Idem
853 1936 928 2002 fr.
979 1934 1064 2002 47
3078 1912 3080 1975 ¹

983 2038 1287 2121 Ὀρμου
1335 2039 1632 2121 παρόντος
1678 2044 1792 2118 τὴν
1836 2040 2113 2123 ἀτραπὸν
2161 2040 2513 2121 κατερρύην.

535 2148 680 2215 Iure
744 2149 1082 2215 haeserunt
1128 2154 1193 2213 et
1239 2150 1422 2215 Kock
1470 2154 1534 2214 et
1582 2149 1895 2237 Blaydes,
1945 2169 2217 2235 quorum
2266 2147 2379 2214 ille
2424 2148 2695 2213 coniecit
2740 2150 2931 2226 Φορ-

538 2280 589 2335 μ
605 2280 632 2321 ο
653 2260 686 2320 ῢ
734 2256 886 2339 κτὲ.,
953 2255 1180 2333 „storia
1228 2278 1356 2319 cum
1391 2263 1634 2338 praesto
1682 2263 1829 2320 esset
1846 2302 1862 2333 ‚
1915 2278 1985 2319 ea
2032 2261 2336 2339 cuppoeita
2370 2278 2485 2339 per
2528 2254 2794 2318 semitam
2842 2278 2935 2318 me

541 2361 860 2441 „demisi”‚
927 2364 995 2427 in
1053 2361 1396 2427 ridiculum
1461 2362 1703 2429 deflexo
1763 2362 2115 2447 proverbio,
2182 2361 2307 2441 Qui
2368 2364 2580 2439 iocus,
2644 2363 2701 2425 si
2747 2362 2933 2425 iocus

537 2473 669 2547 est,
716 2466 880 2534 nihil
926 2466 1077 2534 salsi
1124 2488 1238 2534 uec
1283 2466 1540 2534 ridiculi
1588 2468 1779 2534 habet
1826 2474 1892 2533 et
1937 2468 2358 2554 Aristophane
2404 2468 2711 2555 indignus
2750 2465 2937 2532 vide-

539 2581 662 2640 tur.
701 2574 942 2641 Melius
979 2573 1287 2662 intellego
1329 2573 1653 2661 Blaydesii
1693 2577 2001 2640 rationem
2042 2577 2409 2640 conicientis
2446 2573 2579 2638 ὀδοῦ
2612 2573 2931 2652 παρούσης

535 2685 622 2754 εἰς
669 2683 946 2763 ἀτραπὸν
986 2682 1354 2763 κατερρύην,
1395 2681 1504 2748 sed
1543 2703 1694 2747 cum
1737 2681 2076 2747 violentior
2110 2684 2389 2747 mutatio
2428 2686 2523 2745 est
2563 2685 2706 2746 tum
2747 2702 2934 2765 prae-

535 2791 908 2875 positionem
973 2810 1097 2854 non
1163 2791 1581 2855 necessariam
1646 2807 1779 2853 esse
1829 2793 1985 2873 puto
2008 2835 2025 2864 ,
2075 2790 2225 2872 quia
2272 2795 2685 2864 καταρρυῆναι
2734 2788 2937 2865 ατρα-

538 2895 652 2960 πὸν
698 2895 825 2962 dici
871 2897 1082 2980 potuit
1127 2894 1205 2961 ad
1255 2895 1617 2981 analogiam
1666 2899 1774 2958 τοῦ
1816 2895 1991 2976 ἰέναι,
2036 2892 2334 2973 βαδίζειν,
2376 2893 2732 2972 πορεύεσθαι
2773 2891 2930 2958 ὁδόν.

539 3000 698 3068 Vide
743 3008 958 3068 autem
1008 3023 1087 3067 an
1135 3021 1262 3066 una
1313 3007 1564 3065 mutata
1610 2998 1827 3065 littera
1874 2998 2052 3065 locus
2097 2998 2311 3065 salvus
2358 3002 2444 3065 sit

987 3104 1246 3184 Οἵμου
1295 3105 1593 3184 παρόντος
1646 3108 1755 3180 τὴν
1803 3107 2082 3185 ἀτραπὸν
2129 3104 2503 3186 κατερρύηνῗ

626 3213 814 3279 Plato
876 3210 1035 3296 Rep.
1100 3210 1182 3277 lv
1250 3210 1384 3275 420
1434 3209 1486 3275 Β
1535 3211 1741 3277 dicere
1790 3213 1913 3276 sibi
1962 3212 2258 3297 permisit
2300 3213 2403 3278 τὸν
2454 3214 2643 3278 αὑτὸν
2692 3208 2933 3290 οἷμον

535 3322 675 3406 (pro
743 3319 853 3393 τῆν
923 3318 1116 3392 αὐτὴν
1185 3318 1338 3403 ὁδὸν)
1411 3317 1819 3397 πορευόμενοι.
1891 3321 2193 3383 Attamen
2263 3339 2388 3383 non
2450 3319 2931 3406 neglegendum

532 3424 867 3490 Platonem
940 3445 1274 3510 usurpasse
1343 3420 1511 3499 οἶμον
1577 3445 1763 3490 sensu
1830 3424 2135 3489 translato
2197 3446 2311 3490 nec
2375 3428 2605 3510 opponi
2666 3445 2741 3490 eo
2786 3425 2931 3492 loco

533 3533 818 3596 semitam.
889 3529 1099 3604 Quare
1168 3530 1284 3596 hoc
1347 3533 1765 3616 quantumvis
1825 3528 1967 3598 lene
2015 3533 2368 3597 remedium
2420 3536 2738 3598 incertum
2792 3553 2935 3598 esse

533 3635 846 3703 confiteor.
899 3635 966 3700 Si
1017 3635 1451 3721 accipiendum
1503 3643 1600 3702 est
1639 3658 1676 3702 a
1717 3636 2059 3724 Blaydesio
2096 3637 2228 3703 ὁδοῦ
2267 3639 2599 3718 παρούσης,
2640 3645 2733 3703 ita
2757 3647 2929 3704 certe

533 3744 900 3827 accipiatur,
970 3748 1045 3807 ut
1111 3741 1354 3826 reliqua
1425 3745 1665 3809 intacta
1724 3753 2073 3809 serventur.
2138 3745 2551 3833 Aristophani
2606 3745 2781 3811 Nub.
2838 3745 2925 3812 75

411 3857 424 3868 '
532 3848 702 3915 ἰδοὺ
748 3848 888 3934 (pro
935 3847 1096 3929 ὁδοῦ)
1143 3849 1296 3926 μίαν
1342 3845 1510 3928 ηὗρον
1560 3849 1840 3928 ἀτραπόν
1887 3850 2279 3918 reddendum
2328 3852 2535 3920 videri
2580 3855 2713 3917 iam
2768 3851 2927 3918 olim

539 3952 918 4044 significavi.

627 4157 805 4226 Idem
852 4159 927 4225 fr.
979 4157 1065 4224 46
2480 4221 2493 4238 ‚

895 4266 1000 4330 καὶ
1051 4263 1374 4342 ξυννένοφε
1423 4265 1526 4328 καὶ
1575 4267 1864 4346 χειμέρια
1914 4267 2142 4351 βροντᾷ
2192 4266 2384 4342 μαλ’
2436 4263 2539 4334 εὖ.

537 4370 812 4458 Blaydes
858 4378 986 4439 tres
1029 4369 1252 4438 laudat
1297 4370 1467 4437 locos
1513 4373 1747 4456 quibus
1792 4373 1962 4439 hunc
2007 4395 2198 4442 usum
2239 4395 2353 4461 pro
2394 4369 2463 4439 εὖ
2503 4375 2715 4456 μάλα,
2756 4375 2925 4461 quod
