3150 5000
632 199 765 271 330
840 244 845 253 -
1605 221 2030 275 monimus.

628 411 713 456 ςε
734 404 870 453 ιλα
892 413 943 454 ν.
1009 387 1315 475 Sequenti
1376 392 1619 476 capite:
1678 392 1739 462 ἐς
1786 375 2131 457 τάπεκεῖνα
2174 402 2284 468 τῆς
2335 393 2634 465 Σικελίας
2685 391 2848 458 πολὺ
2889 387 2990 455 ἀπὸ

627 500 799 576 σφῶν
845 495 1312 576 ἐφαίνοντο,
1362 497 1525 562 mire
1570 496 1906 571 Φαίνεσθαι
1953 499 2254 564 dicuntur
2300 503 2412 585 qui
2453 499 2878 566 discesserunt
2910 505 2990 578 et,

628 602 797 687 quod
845 605 1080 667 vitium
1129 602 1321 692 longe
1364 603 1956 688 frequentissimum
2005 611 2100 671 est
2117 653 2135 683 ,
2186 605 2394 672 malo:
2443 606 2758 687 ἐφέροντο.
2815 604 2996 670 Vertit

630 705 1028 774 Classenius:
1090 709 1173 773 da
1231 710 1321 774 eie
1372 710 1500 774 sich
1544 711 1675 794 auf
1710 710 1876 774 ihrer
1921 711 2113 776 Faba
2157 735 2240 776 an
2285 714 2394 777 der
2421 713 2796 796 jmeeitiqen
2841 711 3000 776 Kiete

626 837 747 878 nur
792 815 1061 899 enasor-nt
1103 839 1217 881 von
1261 817 1443 881 ibnen
1481 815 1710 898 ,qezeiqt
1752 817 1984 896 haum,
2034 817 2142 884 sed
2181 819 2449 884 incurrit
2489 822 2558 884 in
2581 818 2806 885 oculos
2829 837 2996 903 quam

626 917 933 1010 langueat
976 925 1041 987 in
1090 923 1192 989 his
1247 923 1458 990 verbis
1504 923 1672 1008 quod
1718 922 2040 990 inutiliter
2081 925 2372 990 additur:
2415 949 2496 990 an
2535 928 2645 990 der
2677 925 3002 1004 imoitn’qen

628 1016 851 1107 Κοῖειο,
920 1031 1089 1116 quod
1152 1036 1265 1096 aut
1328 1029 1672 1095 delendum
1734 1032 1894 1107 erit,
1961 1037 2074 1096 aut
2135 1032 2539 1097 scribendum
2560 1081 2579 1116 ,
2643 1033 2846 1097 sicuti
2889 1029 3004 1093 dixi

628 1135 933 1216 ἐφέροντο.
1003 1135 1244 1202 Deinde
1300 1135 1683 1222 Syracusani
1743 1134 2168 1203 Athenienses
2231 1139 2300 1202 in
2347 1139 2482 1204 dies
2531 1139 2756 1225 mag-is
2804 1155 3002 1220 coepe-

626 1247 777 1307 runt
826 1249 1260 1309 contemnere:
1310 1240 1427 1306 ἔτι
1476 1241 1664 1307 πλέον
1709 1243 2213 1324 κατεφρόνησαν,
2263 1244 2374 1309 sed
2419 1247 2608 1310 initio
2661 1249 2840 1309 certe
2876 1241 3004 1305 hos-

626 1354 723 1414 tes
798 1351 1070 1415 minime
1138 1354 1604 1414 contemserant
1670 1347 1958 1433 dixitque
2025 1349 2218 1416 modo
2287 1351 2587 1435 scriptor:
2663 1351 2846 1413 κατὰ
2910 1349 3003 1420 τὴν

628 1451 863 1534 ἡμέραν
924 1455 1151 1530 ἕκάςην
1216 1454 1577 1536 άνεθάρσουν
1639 1458 1924 1539 μᾶλλον,
1983 1455 2151 1520 unde
2193 1462 2512 1541 praestare
2557 1457 2844 1524 dixerim
2893 1453 3004 1516 ἐπὶ

628 1564 837 1628 πλέον.
887 1564 1079 1630 Mox:
1130 1562 1325 1640 ἠξίουν
1370 1563 1511 1633 τοὺς
1562 1561 1950 1642 ςρατηγοὺς,
2003 1557 2118 1626 οἷον
2163 1562 2234 1636 δὴ
2278 1559 2466 1641 ὄχλος
2513 1570 2702 1644 φιλεῖ
2745 1561 3006 1640 θαρσή-

628 1693 777 1740 σας
826 1678 1052 1748 ποιεῖν,
1102 1668 1284 1750 ἄγειν
1331 1674 1505 1749 σφοῖς
1553 1668 1655 1734 ἐπὶ
1703 1667 2029 1745 Κατάνην,
2072 1667 2180 1734 sed
2219 1672 2287 1734 in
2327 1669 2445 1734 hac
2491 1669 2817 1734 sententia
2863 1670 3006 1733 otio-

628 1797 773 1842 sum
815 1785 912 1843 est
950 1779 1177 1844 addere
1225 1779 1649 1858 θαρσήσας.
1699 1774 1854 1863 Cap.
1897 1775 2018 1840 64:
2067 1772 2221 1840 εἶναι
2268 1777 2347 1842 δὲ
2395 1782 2662 1842 ταῦτα
2711 1779 2860 1849 τοὺς
2893 1775 3006 1852 ξυν·

632 1884 1004 1964 δράσαντας,
1050 1890 1329 1972 corrigo:
1378 1880 1533 1950 εἶναι
1585 1883 2022 1949 δ’ἐνταῦθα.

723 2085 877 2174 Cap.
926 2087 1033 2153 VI.
1083 2087 1202 2154 68:
1266 2099 1469 2170 πολλῇ
1517 2089 1632 2167 μὲν
1677 2087 2034 2166 παραινέσει
2079 2089 2146 2152 τί
2192 2088 2285 2153 δεῖ
2326 2091 2626 2170 χρῆσθαι,
2684 2081 2740 2154 οἳ
2791 2087 3004 2165 πάρεσ·

629 2221 745 2274 μεν
793 2195 893 2260 ἐπὶ
942 2199 1074 2260 τὸν
1123 2195 1363 2261 αὐτὸν
1411 2197 1666 2272 άγῶνα·
1715 2216 1839 2261 non
1887 2195 2042 2260 haec
2091 2215 2280 2260 cause
2319 2203 2439 2272 est,
2485 2217 2600 2260 cur
2639 2195 2866 2260 Nicias
2887 2214 3002 2258 ver·

628 2302 729 2368 bis
790 2302 1226 2388 supersedeat,
1292 2301 1459 2387 quod
1527 2321 1658 2367 una
1719 2304 1804 2366 sit
1857 2301 2206 2386 eademque
2253 2303 2545 2366 omnium
2593 2322 2823 2379 causa,
2871 2319 2997 2364 nam

626 2431 828 2495 neque
896 2409 1015 2475 hoc
1081 2427 1309 2474 verum
1372 2413 1538 2494 erat,
1601 2427 1805 2494 neque
1867 2409 1946 2473 ad
2006 2429 2142 2473 rem
2205 2407 2558 2493 quidquam
2617 2407 3000 2493 pertinebat,
3074 2449 3075 2457 ι

628 2517 737 2583 sed
792 2538 891 2582 res
930 2519 1068 2603 Jam
1116 2517 1196 2582 ad
1244 2518 1587 2582 discrimen
1625 2517 1898 2581 adducta
1936 2516 2304 2580 videbatur:
2353 2518 2547 2581 inerit
2593 2516 2712 2579 hoc
2765 2518 2870 2579 in:
2915 2511 2998 2577 ἐπ’
3072 2531 3073 2550 ¹

625 2624 870 2689 αὐτὸν
915 2626 1049 2689 τὸν
1098 2624 1337 2700 άγῶνα.
1384 2620 1537 2707 Cap.
1585 2620 1710 2687 82:
1759 2620 2010 2698 ἀνάγκη
2059 2622 2164 2686 καὶ
2213 2622 2344 2701 περὶ
2385 2629 2496 2696 τῆς
2535 2622 2744 2702 άρχῆς
2789 2624 2996 2693 εἰπεῖν,

626 2734 701 2803 ὡς
778 2729 1025 2803 εἰκότως
1109 2730 1447 2813 ἔχομεν,
1526 2730 1953 2793 necessarium
2024 2728 2188 2793 mihi
2257 2726 2551 2795 videtur:
2623 2725 2990 2808 ἄρχομεν.
3068 2724 3069 2727 ’

626 2838 903 2904 Deinde:
974 2841 1091 2903 τῶν
1156 2838 1270 2901 ὑπὸ
1332 2836 1602 2913 βασιλεῖ
1657 2834 1936 2915 πρότερον
1999 2832 2178 2897 ὅντων
2241 2834 2544 2912 ἡγεμόνες
2607 2834 2992 2903 καταςάντες

622 2948 1039 3022 οἰκοῦμεν,
1091 2947 1446 3029 conjectum
1495 2940 1652 3007 fuit:
1705 2940 2008 3021 Ξσχύομεν
2055 2939 2160 3006 vel
2207 2942 2501 3021 ἦρκοῦμεν
2544 2940 2652 3006 vel
2697 2942 2990 3024 άσφαλῶς

627 3054 905 3129 οἰκοῦμεν
965 3050 1071 3117 vel
1122 3052 1231 3114 οὐκ
1300 3050 1628 3124 ἀδικοῦμεν
1688 3047 1789 3115 vel
1857 3046 2155 3128 ἄρχομεν.
2198 3047 2323 3112 His
2369 3048 2839 3113 tentaminibus
2873 3050 2986 3132 jsm
3060 3084 3061 3092 κ

624 3159 883 3227 accedat
927 3176 1075 3223 mea
1116 3158 1427 3242 suspicio:
1477 3158 2346 3235 θαλασσοκρατοῦμεν.

712 3374 789 3439 In
851 3376 1130 3441 oratione
1185 3373 1264 3437 ad
1329 3372 1864 3438 Lacedaemonios
1924 3371 2287 3437 Alcibiades
2331 3392 2384 3437 c.
2433 3369 2558 3437 89:
2607 3378 2718 3447 τῆς
2771 3372 2982 3439 πόλεως
3051 3321 3055 3454 1¹

622 3480 1191 3560 δημοκρατουμένης
1256 3479 1343 3543 τά
1405 3480 1618 3543 πολλὰ
1679 3476 1928 3556 ἀνάγκη
1982 3472 2048 3550 ἦν
2096 3486 2223 3549 τοῖς
2272 3482 2669 3559 παροῦσιν
2716 3478 2982 3551 ἕπεσθαι,
3047 3474 3051 3553 l

621 3607 811 3653 nemo
870 3607 991 3652 non
1055 3584 1235 3650 videt
1293 3586 1446 3669 quid
1494 3584 1857 3651 Alcibiades
1903 3583 2180 3649 voluerit
2227 3584 2470 3664 dicere,
2519 3586 2630 3651 sed
2674 3602 2982 3673 perperam

622 3693 903 3778 appellat
947 3694 1032 3758 τά
1082 3689 1390 3772 παρόντα,
1441 3712 1604 3775 quae
1649 3693 1826 3776 sequi
1873 3711 2019 3756 eum
2069 3692 2417 3776 oportebat.
2467 3689 2714 3757 Vitium
2767 3702 2862 3759 est
2895 3710 2978 3755 or·

620 3808 763 3868 tum
825 3822 901 3867 ex
964 3820 1037 3865 ea
1099 3799 1497 3874 confusione,
1563 3817 1754 3881 quam
1803 3818 1994 3882 supra
2047 3800 2451 3875 notavimus,
2495 3818 2694 3883 quum
2743 3800 2978 3881 Thucy·

618 3909 834 3975 didcm
882 3904 1233 3972 Jamblichi
1282 3924 1400 3988 ope
1446 3902 1941 3968 emendabamus
1988 3910 2052 3969 et
2089 3904 2450 3970 Alcibiades
2487 3912 2742 3971 coactus
2781 3904 2976 3972 debuit

618 4026 744 4088 τοῖς
796 4012 1174 4093 πατρίοις
1216 4006 1503 4074 ἕπεσθαι·
1544 4008 1701 4073 haec
1739 4013 2060 4075 excusatio
2097 4010 2178 4074 ad
2215 4031 2349 4076 rem
2387 4014 2680 4096 pertinet.
2730 4010 2878 4097 Cap.
2903 4004 2966 4071 91

617 4122 971 4189 cavendum
1045 4138 1177 4184 esse
1238 4115 1593 4194 contendit,
1653 4134 1734 4179 ne
1792 4114 2216 4181 Athenienses
2267 4137 2511 4181 novam
2575 4120 2645 4183 in
2707 4118 2970 4185 Siciliam

616 4228 1084 4315 expeditionem
1149 4226 1450 4300 mittant,
1514 4220 1718 4297 ἄλλην
1779 4222 2122 4303 ἐπικουρίαν
2186 4220 2648 4303 πέμπωσιν,
2711 4226 2814 4291 sed
2873 4222 2966 4285 hoc

614 4334 967 4401 necessario
1026 4328 1367 4396 dicendum
1432 4333 1529 4393 est
1590 4327 2182 4406 ἐπιπέμπωσιν.
2229 4328 2473 4395 Deinde
2520 4336 2740 4397 auctor
2785 4334 2872 4397 est
2909 4330 2966 4388 ut
