<?xml version="1.0" encoding="UTF-8"?>
<!DOCTYPE html PUBLIC "-//W3C//DTD XHTML 1.0 Transitional//EN"
    "http://www.w3.org/TR/xhtml1/DTD/xhtml1-transitional.dtd">
<html xmlns="http://www.w3.org/1999/xhtml" xml:lang="en" lang="en">
 <head>
  <title>
</title>
<meta http-equiv="Content-Type" content="text/html;charset=utf-8" />
  <meta name='ocr-system' content='tesseract 3.04.00' />
  <meta name='ocr-capabilities' content='ocr_page ocr_carea ocr_par ocr_line ocrx_word'/>
</head>
<body>
  <div class='ocr_page' id='page_1' title='image "./mnemosyne06servgoog_0455.png"; bbox 0 0 3150 5000; ppageno 0'>
   <div class='ocr_carea' id='block_1_1' title="bbox 1275 222 2637 332">
    <p class='ocr_par' dir='ltr' id='par_1_1' title="bbox 1275 222 2637 332">
     <span class='ocr_line' id='line_1_1' title="bbox 1275 222 2637 332; baseline -0.003 -1"><span class='ocrx_word' id='word_1_1' title='bbox 1275 283 1613 332; x_wconf 70' lang='lat' dir='ltr'><strong>nummus.</strong></span> <span class='ocrx_word' id='word_1_2' title='bbox 2394 222 2401 227; x_wconf 23' lang='grc' dir='ltr'>Ι</span> <span class='ocrx_word' id='word_1_3' title='bbox 2505 261 2637 328; x_wconf 85' lang='grc'><strong>435</strong></span> 
     </span>
    </p>
   </div>
   <div class='ocr_carea' id='block_1_2' title="bbox 254 445 2638 1369">
    <p class='ocr_par' dir='ltr' id='par_1_2' title="bbox 254 445 2638 1369">
     <span class='ocr_line' id='line_1_2' title="bbox 349 445 2631 529; baseline 0 -16"><span class='ocrx_word' id='word_1_4' title='bbox 349 445 505 513; x_wconf 89' lang='lat' dir='ltr'><strong>lbid.</strong></span> <span class='ocrx_word' id='word_1_5' title='bbox 560 447 918 515; x_wconf 87' lang='lat' dir='ltr'><strong>Mercurius</strong></span> <span class='ocrx_word' id='word_1_6' title='bbox 965 450 1040 515; x_wconf 88' lang='lat' dir='ltr'><strong>de</strong></span> <span class='ocrx_word' id='word_1_7' title='bbox 1086 453 1342 516; x_wconf 78' lang='lat' dir='ltr'>senibus</span> <span class='ocrx_word' id='word_1_8' title='bbox 1391 456 1597 517; x_wconf 83' lang='lat' dir='ltr'><strong>aetate</strong></span> <span class='ocrx_word' id='word_1_9' title='bbox 1647 450 1983 525; x_wconf 79' lang='lat' dir='ltr'><strong>confectis:</strong></span> <span class='ocrx_word' id='word_1_10' title='bbox 2034 448 2273 529; x_wconf 75' lang='grc' dir='ltr'><em>τακεροὶ</em></span> <span class='ocrx_word' id='word_1_11' title='bbox 2324 446 2434 513; x_wconf 73' lang='grc' dir='ltr'><strong>παὶ</strong></span> <span class='ocrx_word' id='word_1_12' title='bbox 2453 472 2631 523; x_wconf 77' lang='grc' dir='ltr'><em>ντες</em></span> 
     </span>
     <span class='ocr_line' id='line_1_3' title="bbox 262 552 2633 641; baseline 0.001 -24"><span class='ocrx_word' id='word_1_13' title='bbox 262 554 364 617; x_wconf 79' lang='grc' dir='ltr'><strong>καὶ</strong></span> <span class='ocrx_word' id='word_1_14' title='bbox 427 554 689 637; x_wconf 74' lang='grc' dir='ltr'><strong>πέπειροι</strong></span> <span class='ocrx_word' id='word_1_15' title='bbox 757 556 861 619; x_wconf 76' lang='grc' dir='ltr'><strong>καὶ</strong></span> <span class='ocrx_word' id='word_1_16' title='bbox 919 557 1053 620; x_wconf 79' lang='grc' dir='ltr'><strong>καθ’</strong></span> <span class='ocrx_word' id='word_1_17' title='bbox 1101 554 1251 636; x_wconf 76' lang='grc' dir='ltr'><em>ὥραν</em></span> <span class='ocrx_word' id='word_1_18' title='bbox 1301 556 1757 637; x_wconf 71' lang='grc' dir='ltr'><strong><em>τετρυγημένοι.</em></strong></span> <span class='ocrx_word' id='word_1_19' title='bbox 1830 554 1931 621; x_wconf 86' lang='lat' dir='ltr'><strong>Ad</strong></span> <span class='ocrx_word' id='word_1_20' title='bbox 1976 574 2137 641; x_wconf 77' lang='lat' dir='ltr'><strong>quae</strong></span> <span class='ocrx_word' id='word_1_21' title='bbox 2185 552 2465 621; x_wconf 81' lang='lat' dir='ltr'>Charon:</span> <span class='ocrx_word' id='word_1_22' title='bbox 2515 555 2633 620; x_wconf 75' lang='grc' dir='ltr'><strong>Μὰ</strong></span> 
     </span>
     <span class='ocr_line' id='line_1_4' title="bbox 261 660 2638 745; baseline 0.001 -21"><span class='ocrx_word' id='word_1_23' title='bbox 261 662 382 739; x_wconf 74' lang='grc' dir='ltr'><strong>ΔΓ,</strong></span> <span class='ocrx_word' id='word_1_24' title='bbox 431 662 560 726; x_wconf 75' lang='grc' dir='ltr'><strong>ἐπεὶ</strong></span> <span class='ocrx_word' id='word_1_25' title='bbox 613 662 961 745; x_wconf 69' lang='grc' dir='ltr'><em>ἀσταφίδες</em></span> <span class='ocrx_word' id='word_1_26' title='bbox 1009 687 1088 741; x_wconf 75' lang='grc' dir='ltr'><strong>γε</strong></span> <span class='ocrx_word' id='word_1_27' title='bbox 1138 664 1449 734; x_wconf 74' lang='grc' dir='ltr'><em>πάντες</em></span> <span class='ocrx_word' id='word_1_28' title='bbox 1499 665 1607 741; x_wconf 75' lang='grc' dir='ltr'><strong>ἤδη</strong></span> <span class='ocrx_word' id='word_1_29' title='bbox 1657 663 1795 729; x_wconf 79' lang='grc' dir='ltr'><strong>εἷο-ι’.</strong></span> <span class='ocrx_word' id='word_1_30' title='bbox 1866 660 2131 729; x_wconf 81' lang='lat' dir='ltr'><strong>Variant</strong></span> <span class='ocrx_word' id='word_1_31' title='bbox 2179 661 2424 727; x_wconf 85' lang='lat' dir='ltr'><strong>codices</strong></span> <span class='ocrx_word' id='word_1_32' title='bbox 2470 664 2638 727; x_wconf 78' lang='lat' dir='ltr'><strong>inter</strong></span> 
     </span>
     <span class='ocr_line' id='line_1_5' title="bbox 258 765 2635 856; baseline 0 -23"><span class='ocrx_word' id='word_1_33' title='bbox 258 768 324 840; x_wconf 69' lang='grc' dir='ltr'><strong>νὴ</strong></span> <span class='ocrx_word' id='word_1_34' title='bbox 371 768 472 833; x_wconf 78' lang='grc' dir='ltr'><strong>Δί’</strong></span> <span class='ocrx_word' id='word_1_35' title='bbox 519 775 584 834; x_wconf 87' lang='lat' dir='ltr'><strong>et</strong></span> <span class='ocrx_word' id='word_1_36' title='bbox 624 769 720 845; x_wconf 71' lang='grc' dir='ltr'><strong>μα</strong></span> <span class='ocrx_word' id='word_1_37' title='bbox 770 770 890 845; x_wconf 68' lang='lat' dir='ltr'><strong>Ait,</strong></span> <span class='ocrx_word' id='word_1_38' title='bbox 943 791 1209 856; x_wconf 89' lang='lat' dir='ltr'><strong>quorum</strong></span> <span class='ocrx_word' id='word_1_39' title='bbox 1261 772 1378 837; x_wconf 90' lang='lat' dir='ltr'><strong>hoc</strong></span> <span class='ocrx_word' id='word_1_40' title='bbox 1425 770 1659 836; x_wconf 90' lang='lat' dir='ltr'><strong>melius</strong></span> <span class='ocrx_word' id='word_1_41' title='bbox 1692 769 1980 836; x_wconf 85' lang='lat' dir='ltr'><strong>·videtur.</strong></span> <span class='ocrx_word' id='word_1_42' title='bbox 2032 768 2228 833; x_wconf 84' lang='lat' dir='ltr'><strong>Ludit</strong></span> <span class='ocrx_word' id='word_1_43' title='bbox 2259 770 2429 832; x_wconf 91' lang='lat' dir='ltr'><strong>enim</strong></span> <span class='ocrx_word' id='word_1_44' title='bbox 2466 765 2635 834; x_wconf 84' lang='lat' dir='ltr'><strong>Cha-</strong></span> 
     </span>
     <span class='ocr_line' id='line_1_6' title="bbox 254 875 2635 961; baseline 0 -23"><span class='ocrx_word' id='word_1_45' title='bbox 254 892 364 939; x_wconf 88' lang='lat' dir='ltr'><strong>ron</strong></span> <span class='ocrx_word' id='word_1_46' title='bbox 425 878 493 939; x_wconf 92' lang='lat' dir='ltr'><strong>in</strong></span> <span class='ocrx_word' id='word_1_47' title='bbox 557 875 670 941; x_wconf 86' lang='lat' dir='ltr'><strong>illo</strong></span> <span class='ocrx_word' id='word_1_48' title='bbox 734 878 892 940; x_wconf 77' lang='grc' dir='ltr'><em>καθ·</em></span> <span class='ocrx_word' id='word_1_49' title='bbox 940 876 984 941; x_wconf 72' lang='grc' dir='ltr'><em>ὦ</em></span> <span class='ocrx_word' id='word_1_50' title='bbox 997 902 1170 957; x_wconf 88' lang='grc' dir='ltr'><em>ραν,</em></span> <span class='ocrx_word' id='word_1_51' title='bbox 1215 901 1321 943; x_wconf 72' lang='lat' dir='ltr'><strong>suo</strong></span> <span class='ocrx_word' id='word_1_52' title='bbox 1370 886 1657 961; x_wconf 73' lang='lat' dir='ltr'><strong>tempore,</strong></span> <span class='ocrx_word' id='word_1_53' title='bbox 1714 884 1977 953; x_wconf 71' lang='lat' dir='ltr'><strong>mature,</strong></span> <span class='ocrx_word' id='word_1_54' title='bbox 2029 882 2091 941; x_wconf 87' lang='lat' dir='ltr'><strong>et</strong></span> <span class='ocrx_word' id='word_1_55' title='bbox 2141 896 2289 940; x_wconf 90' lang='lat' dir='ltr'><strong>cum</strong></span> <span class='ocrx_word' id='word_1_56' title='bbox 2338 877 2485 942; x_wconf 84' lang='lat' dir='ltr'><strong>uvis</strong></span> <span class='ocrx_word' id='word_1_57' title='bbox 2532 894 2635 940; x_wconf 91' lang='lat' dir='ltr'><strong>eos</strong></span> 
     </span>
     <span class='ocr_line' id='line_1_7' title="bbox 256 982 2637 1070; baseline 0.001 -25"><span class='ocrx_word' id='word_1_58' title='bbox 256 1000 656 1067; x_wconf 87' lang='lat' dir='ltr'><strong>comparans,</strong></span> <span class='ocrx_word' id='word_1_59' title='bbox 706 982 869 1047; x_wconf 89' lang='lat' dir='ltr'><strong>‘Non</strong></span> <span class='ocrx_word' id='word_1_60' title='bbox 914 984 1123 1049; x_wconf 88' lang='lat' dir='ltr'><strong>hercle</strong></span> <span class='ocrx_word' id='word_1_61' title='bbox 1172 984 1360 1062; x_wconf 87' lang='lat' dir='ltr'><strong>vero’,</strong></span> <span class='ocrx_word' id='word_1_62' title='bbox 1411 988 1657 1070; x_wconf 89' lang='lat' dir='ltr'><strong>inquit,</strong></span> <span class='ocrx_word' id='word_1_63' title='bbox 1708 986 1862 1049; x_wconf 83' lang='lat' dir='ltr'><strong>‘iam</strong></span> <span class='ocrx_word' id='word_1_64' title='bbox 1905 986 2077 1047; x_wconf 87' lang='lat' dir='ltr'><strong>enim</strong></span> <span class='ocrx_word' id='word_1_65' title='bbox 2120 985 2378 1047; x_wconf 90' lang='lat' dir='ltr'><strong>omnino</strong></span> <span class='ocrx_word' id='word_1_66' title='bbox 2417 1002 2637 1067; x_wconf 90' lang='lat' dir='ltr'><strong>passae</strong></span> 
     </span>
     <span class='ocr_line' id='line_1_8' title="bbox 255 1087 2636 1176; baseline 0 -25"><span class='ocrx_word' id='word_1_67' title='bbox 255 1087 445 1153; x_wconf 88' lang='lat' dir='ltr'><strong>sunt’.</strong></span> <span class='ocrx_word' id='word_1_68' title='bbox 517 1088 616 1153; x_wconf 83' lang='lat' dir='ltr'><strong>Ex</strong></span> <span class='ocrx_word' id='word_1_69' title='bbox 656 1088 885 1174; x_wconf 87' lang='lat' dir='ltr'><strong>quibus</strong></span> <span class='ocrx_word' id='word_1_70' title='bbox 945 1098 1120 1176; x_wconf 85' lang='lat' dir='ltr'><strong>patet</strong></span> <span class='ocrx_word' id='word_1_71' title='bbox 1181 1110 1294 1176; x_wconf 87' lang='lat' dir='ltr'><strong>pro</strong></span> <span class='ocrx_word' id='word_1_72' title='bbox 1342 1092 1645 1164; x_wconf 74' lang='grc' dir='ltr'><em>πάντες</em></span> <span class='ocrx_word' id='word_1_73' title='bbox 1695 1089 1803 1155; x_wconf 68' lang='grc' dir='ltr'><strong>πώ</strong></span> <span class='ocrx_word' id='word_1_74' title='bbox 1826 1114 1969 1155; x_wconf 76' lang='grc' dir='ltr'><strong>ντω</strong></span> <span class='ocrx_word' id='word_1_75' title='bbox 1991 1115 2020 1160; x_wconf 80' lang='grc' dir='ltr'><strong><em>ς</em></strong></span> <span class='ocrx_word' id='word_1_76' title='bbox 2070 1110 2202 1154; x_wconf 89' lang='lat' dir='ltr'><strong>esse</strong></span> <span class='ocrx_word' id='word_1_77' title='bbox 2249 1088 2636 1153; x_wconf 81' lang='lat' dir='ltr'><strong>substituen-</strong></span> 
     </span>
     <span class='ocr_line' id='line_1_9' title="bbox 256 1180 2636 1282; baseline 0.001 -25"><span class='ocrx_word' id='word_1_78' title='bbox 256 1192 411 1258; x_wconf 89' lang='lat' dir='ltr'><strong>dum</strong></span> <span class='ocrx_word' id='word_1_79' title='bbox 429 1215 445 1272; x_wconf 73' lang='grc' dir='ltr'><strong><em>ς</em></strong></span> <span class='ocrx_word' id='word_1_80' title='bbox 497 1194 801 1268; x_wconf 70' lang='grc' dir='ltr'><em>πάντες</em></span> <span class='ocrx_word' id='word_1_81' title='bbox 850 1215 921 1261; x_wconf 92' lang='lat' dir='ltr'><strong>eo</strong></span> <span class='ocrx_word' id='word_1_82' title='bbox 967 1197 1182 1262; x_wconf 87' lang='lat' dir='ltr'><strong>minus</strong></span> <span class='ocrx_word' id='word_1_83' title='bbox 1229 1198 1557 1263; x_wconf 86' lang='lat' dir='ltr'><strong>ferendum</strong></span> <span class='ocrx_word' id='word_1_84' title='bbox 1577 1246 1596 1275; x_wconf 90' lang='lat'>,</span> <span class='ocrx_word' id='word_1_85' title='bbox 1647 1196 1815 1282; x_wconf 91' lang='lat' dir='ltr'><strong>quod</strong></span> <span class='ocrx_word' id='word_1_86' title='bbox 1861 1180 2079 1282; x_wconf 73' lang='lat' dir='ltr'><strong>paucis</strong></span> <span class='ocrx_word' id='word_1_87' title='bbox 2128 1192 2339 1261; x_wconf 82' lang='lat' dir='ltr'><strong>verbis</strong></span> <span class='ocrx_word' id='word_1_88' title='bbox 2360 1196 2636 1281; x_wconf 84' lang='lat' dir='ltr'><strong>interpo-</strong></span> 
     </span>
     <span class='ocr_line' id='line_1_10' title="bbox 255 1300 1212 1369; baseline 0.006 -6"><span class='ocrx_word' id='word_1_89' title='bbox 255 1300 395 1366; x_wconf 86' lang='lat' dir='ltr'><strong>sitis</strong></span> <span class='ocrx_word' id='word_1_90' title='bbox 442 1304 582 1369; x_wconf 87' lang='lat' dir='ltr'><strong>sine</strong></span> <span class='ocrx_word' id='word_1_91' title='bbox 625 1301 762 1367; x_wconf 86' lang='lat' dir='ltr'><strong>ulla</strong></span> <span class='ocrx_word' id='word_1_92' title='bbox 805 1303 874 1367; x_wconf 83' lang='lat' dir='ltr'><strong>vi</strong></span> <span class='ocrx_word' id='word_1_93' title='bbox 921 1304 1212 1369; x_wconf 75' lang='lat' dir='ltr'><strong>iteratur.</strong></span> 
     </span>
    </p>
   </div>
   <div class='ocr_carea' id='block_1_3' title="bbox 255 1514 2639 2245">
    <p class='ocr_par' dir='ltr' id='par_1_3' title="bbox 255 1514 2639 1816">
     <span class='ocr_line' id='line_1_11' title="bbox 342 1514 2639 1597; baseline -0 -17"><span class='ocrx_word' id='word_1_94' title='bbox 342 1514 504 1581; x_wconf 86' lang='lat' dir='ltr'><strong>Ibid.</strong></span> <span class='ocrx_word' id='word_1_95' title='bbox 557 1518 622 1581; x_wconf 83' lang='grc' dir='ltr'><em>οὐ</em></span> <span class='ocrx_word' id='word_1_96' title='bbox 671 1518 862 1582; x_wconf 79' lang='grc' dir='ltr'><em>πολὺν</em></span> <span class='ocrx_word' id='word_1_97' title='bbox 910 1516 1156 1597; x_wconf 81' lang='grc' dir='ltr'><em>χρόνον,</em></span> <span class='ocrx_word' id='word_1_98' title='bbox 1207 1516 1248 1582; x_wconf 78' lang='grc' dir='ltr'><strong><em>ὦ</em></strong></span> <span class='ocrx_word' id='word_1_99' title='bbox 1291 1526 1528 1597; x_wconf 81' lang='grc' dir='ltr'><em>Μοῖρα,</em></span> <span class='ocrx_word' id='word_1_100' title='bbox 1584 1517 1768 1582; x_wconf 74' lang='grc' dir='ltr'><em>αἰτῶ·</em></span> <span class='ocrx_word' id='word_1_101' title='bbox 1820 1515 2021 1594; x_wconf 81' lang='grc' dir='ltr'><em>μίαν</em></span> <span class='ocrx_word' id='word_1_102' title='bbox 2065 1540 2160 1591; x_wconf 83' lang='grc' dir='ltr'><strong>με</strong></span> <span class='ocrx_word' id='word_1_103' title='bbox 2202 1516 2440 1579; x_wconf 76' lang='grc' dir='ltr'><em>ἔασον</em></span> <span class='ocrx_word' id='word_1_104' title='bbox 2480 1523 2639 1591; x_wconf 78' lang='grc' dir='ltr'><em>μεῖ-</em></span> 
     </span>
     <span class='ocr_line' id='line_1_12' title="bbox 256 1620 2637 1703; baseline 0 -19"><span class='ocrx_word' id='word_1_105' title='bbox 256 1646 380 1688; x_wconf 81' lang='grc' dir='ltr'><strong>ναι</strong></span> <span class='ocrx_word' id='word_1_106' title='bbox 449 1623 682 1700; x_wconf 72' lang='grc' dir='ltr'><em>τήνδε</em></span> <span class='ocrx_word' id='word_1_107' title='bbox 747 1624 1072 1703; x_wconf 77' lang='grc' dir='ltr'><em>ἡμέραν.</em></span> <span class='ocrx_word' id='word_1_108' title='bbox 1147 1624 1248 1689; x_wconf 92' lang='lat' dir='ltr'><strong>Ad</strong></span> <span class='ocrx_word' id='word_1_109' title='bbox 1307 1626 1615 1689; x_wconf 79' lang='lat' dir='ltr'><strong>amussim</strong></span> <span class='ocrx_word' id='word_1_110' title='bbox 1664 1624 1819 1689; x_wconf 92' lang='lat' dir='ltr'><strong>haec</strong></span> <span class='ocrx_word' id='word_1_111' title='bbox 1869 1624 2253 1689; x_wconf 82' lang='lat' dir='ltr'><strong>conveniunt</strong></span> <span class='ocrx_word' id='word_1_112' title='bbox 2300 1642 2443 1686; x_wconf 90' lang='lat' dir='ltr'><strong>cum</strong></span> <span class='ocrx_word' id='word_1_113' title='bbox 2493 1620 2637 1686; x_wconf 90' lang='lat' dir='ltr'><strong>Me-</strong></span> 
     </span>
     <span class='ocr_line' id='line_1_13' title="bbox 255 1726 2499 1816; baseline -0.001 -22"><span class='ocrx_word' id='word_1_114' title='bbox 255 1728 405 1795; x_wconf 83' lang='lat' dir='ltr'><strong>deae</strong></span> <span class='ocrx_word' id='word_1_115' title='bbox 453 1732 699 1796; x_wconf 85' lang='lat' dir='ltr'><strong>senario</strong></span> <span class='ocrx_word' id='word_1_116' title='bbox 747 1731 914 1816; x_wconf 88' lang='lat' dir='ltr'><strong>apud</strong></span> <span class='ocrx_word' id='word_1_117' title='bbox 962 1731 1332 1815; x_wconf 82' lang='lat' dir='ltr'><strong>Euripidem</strong></span> <span class='ocrx_word' id='word_1_118' title='bbox 1383 1733 1449 1795; x_wconf 92' lang='lat' dir='ltr'><strong>in</strong></span> <span class='ocrx_word' id='word_1_119' title='bbox 1498 1733 1874 1816; x_wconf 79' lang='lat' dir='ltr'><strong>cognomine</strong></span> <span class='ocrx_word' id='word_1_120' title='bbox 1922 1728 2137 1795; x_wconf 85' lang='lat' dir='ltr'><strong>fabula</strong></span> <span class='ocrx_word' id='word_1_121' title='bbox 2184 1750 2279 1795; x_wconf 78' lang='lat' dir='ltr'><strong>vs.</strong></span> <span class='ocrx_word' id='word_1_122' title='bbox 2334 1726 2499 1793; x_wconf 80' lang='lat'>340:</span> 
     </span>
    </p>

    <p class='ocr_par' dir='ltr' id='par_1_4' title="bbox 256 1835 2639 2245">
     <span class='ocr_line' id='line_1_14' title="bbox 619 1835 2219 1913; baseline -0.001 -12"><span class='ocrx_word' id='word_1_123' title='bbox 619 1836 815 1913; x_wconf 77' lang='grc' dir='ltr'><em>μίαν</em></span> <span class='ocrx_word' id='word_1_124' title='bbox 864 1860 962 1912; x_wconf 80' lang='grc' dir='ltr'><strong>με</strong></span> <span class='ocrx_word' id='word_1_125' title='bbox 1009 1844 1291 1911; x_wconf 80' lang='grc' dir='ltr'><strong>μεῖναι</strong></span> <span class='ocrx_word' id='word_1_126' title='bbox 1341 1835 1546 1911; x_wconf 74' lang='grc' dir='ltr'><em>τήνδ’</em></span> <span class='ocrx_word' id='word_1_127' title='bbox 1596 1836 1831 1900; x_wconf 84' lang='grc' dir='ltr'><em>ἔασον</em></span> <span class='ocrx_word' id='word_1_128' title='bbox 1880 1835 2219 1913; x_wconf 75' lang='grc' dir='ltr'><em>ἡμέραν,</em></span> 
     </span>
     <span class='ocr_line' id='line_1_15' title="bbox 256 1940 2639 2030; baseline 0 -25"><span class='ocrx_word' id='word_1_129' title='bbox 256 1948 330 2005; x_wconf 87' lang='lat' dir='ltr'><strong>ut</strong></span> <span class='ocrx_word' id='word_1_130' title='bbox 375 1942 632 2009; x_wconf 87' lang='lat' dir='ltr'><strong>difficile</strong></span> <span class='ocrx_word' id='word_1_131' title='bbox 679 1946 764 2007; x_wconf 84' lang='lat' dir='ltr'><strong>sit</strong></span> <span class='ocrx_word' id='word_1_132' title='bbox 810 1964 934 2007; x_wconf 91' lang='lat' dir='ltr'><strong>non</strong></span> <span class='ocrx_word' id='word_1_133' title='bbox 974 1946 1279 2028; x_wconf 87' lang='lat' dir='ltr'><strong>suspicari</strong></span> <span class='ocrx_word' id='word_1_134' title='bbox 1317 1944 1487 2008; x_wconf 89' lang='lat' dir='ltr'><strong>hunc</strong></span> <span class='ocrx_word' id='word_1_135' title='bbox 1523 1945 1735 2030; x_wconf 87' lang='lat' dir='ltr'><strong>ipsum</strong></span> <span class='ocrx_word' id='word_1_136' title='bbox 1774 1962 1909 2007; x_wconf 90' lang='lat' dir='ltr'><strong>esse</strong></span> <span class='ocrx_word' id='word_1_137' title='bbox 1932 1940 2434 2024; x_wconf 84' lang='lat' dir='ltr'><strong>restituendum,</strong></span> <span class='ocrx_word' id='word_1_138' title='bbox 2464 1960 2639 2024; x_wconf 82' lang='lat' dir='ltr'><strong>prae-</strong></span> 
     </span>
     <span class='ocr_line' id='line_1_16' title="bbox 256 2048 2639 2137; baseline -0.001 -24"><span class='ocrx_word' id='word_1_139' title='bbox 256 2052 477 2115; x_wconf 80' lang='lat' dir='ltr'><strong>sertim</strong></span> <span class='ocrx_word' id='word_1_140' title='bbox 536 2070 682 2115; x_wconf 88' lang='lat' dir='ltr'><strong>cum</strong></span> <span class='ocrx_word' id='word_1_141' title='bbox 732 2052 1102 2137; x_wconf 82' lang='lat' dir='ltr'><strong>cognoveris</strong></span> <span class='ocrx_word' id='word_1_142' title='bbox 1149 2070 1341 2135; x_wconf 87' lang='lat' dir='ltr'><strong>quam</strong></span> <span class='ocrx_word' id='word_1_143' title='bbox 1391 2048 1663 2115; x_wconf 84' lang='lat' dir='ltr'><strong>libenter</strong></span> <span class='ocrx_word' id='word_1_144' title='bbox 1710 2048 2026 2114; x_wconf 88' lang='lat' dir='ltr'><strong>Lucianus</strong></span> <span class='ocrx_word' id='word_1_145' title='bbox 2046 2098 2062 2131; x_wconf 90' lang='lat'>‚</span> <span class='ocrx_word' id='word_1_146' title='bbox 2110 2051 2177 2113; x_wconf 88' lang='lat' dir='ltr'><strong>in</strong></span> <span class='ocrx_word' id='word_1_147' title='bbox 2225 2048 2343 2112; x_wconf 91' lang='lat' dir='ltr'><strong>hoc</strong></span> <span class='ocrx_word' id='word_1_148' title='bbox 2391 2066 2639 2131; x_wconf 85' lang='lat' dir='ltr'><strong>qnoque</strong></span> 
     </span>
     <span class='ocr_line' id='line_1_17' title="bbox 258 2155 2102 2245; baseline -0.001 -26"><span class='ocrx_word' id='word_1_149' title='bbox 258 2156 748 2243; x_wconf 81' lang='lat' dir='ltr'><strong>Aristophanem</strong></span> <span class='ocrx_word' id='word_1_150' title='bbox 796 2159 1126 2235; x_wconf 87' lang='lat' dir='ltr'><strong>imitatus,</strong></span> <span class='ocrx_word' id='word_1_151' title='bbox 1175 2156 1552 2242; x_wconf 86' lang='lat' dir='ltr'><strong>Euripidem</strong></span> <span class='ocrx_word' id='word_1_152' title='bbox 1601 2155 2102 2245; x_wconf 80' lang='lat' dir='ltr'><strong>paratragoedet.</strong></span> 
     </span>
    </p>
   </div>
   <div class='ocr_carea' id='block_1_4' title="bbox 266 2364 2638 2562">
    <p class='ocr_par' dir='ltr' id='par_1_5' title="bbox 266 2364 2638 2562">
     <span class='ocr_line' id='line_1_18' title="bbox 347 2364 2637 2455; baseline 0 -23"><span class='ocrx_word' id='word_1_153' title='bbox 347 2364 504 2455; x_wconf 84' lang='lat' dir='ltr'><strong>Cap.</strong></span> <span class='ocrx_word' id='word_1_154' title='bbox 532 2366 593 2432; x_wconf 89' lang='grc'><strong>9.</strong></span> <span class='ocrx_word' id='word_1_155' title='bbox 635 2370 1022 2448; x_wconf 78' lang='grc' dir='ltr'><em>μαρτύρομαι</em></span> <span class='ocrx_word' id='word_1_156' title='bbox 1064 2372 1262 2448; x_wconf 73' lang='grc' dir='ltr'><strong><em>ὑμᾶς,</em></strong></span> <span class='ocrx_word' id='word_1_157' title='bbox 1306 2370 1528 2440; x_wconf 68' lang='grc' dir='ltr'><em>ἀτελὲς</em></span> <span class='ocrx_word' id='word_1_158' title='bbox 1567 2368 1791 2447; x_wconf 78' lang='grc' dir='ltr'><em>μένει</em></span> <span class='ocrx_word' id='word_1_159' title='bbox 1831 2366 1899 2432; x_wconf 76' lang='grc' dir='ltr'><strong>τὸ</strong></span> <span class='ocrx_word' id='word_1_160' title='bbox 1926 2374 2136 2449; x_wconf 78' lang='grc' dir='ltr'><em>τεῖχος</em></span> <span class='ocrx_word' id='word_1_161' title='bbox 2163 2366 2267 2431; x_wconf 71' lang='grc' dir='ltr'><strong>καὶ</strong></span> <span class='ocrx_word' id='word_1_162' title='bbox 2296 2366 2381 2432; x_wconf 75' lang='grc' dir='ltr'><strong>τὰ</strong></span> <span class='ocrx_word' id='word_1_163' title='bbox 2407 2364 2637 2447; x_wconf 75' lang='grc' dir='ltr'><em>νεώρια.</em></span> 
     </span>
     <span class='ocr_line' id='line_1_19' title="bbox 266 2470 2638 2562; baseline 0 -26"><span class='ocrx_word' id='word_1_164' title='bbox 266 2470 555 2541; x_wconf 88' lang='lat' dir='ltr'><strong>Vicinum</strong></span> <span class='ocrx_word' id='word_1_165' title='bbox 615 2500 737 2541; x_wconf 77' lang='grc' dir='ltr'><strong>τει</strong></span> <span class='ocrx_word' id='word_1_166' title='bbox 755 2484 938 2556; x_wconf 82' lang='grc' dir='ltr'><strong><em>χιεῖ</em></strong></span> <span class='ocrx_word' id='word_1_167' title='bbox 995 2477 1266 2543; x_wconf 89' lang='lat' dir='ltr'><strong>editores</strong></span> <span class='ocrx_word' id='word_1_168' title='bbox 1324 2475 1543 2543; x_wconf 87' lang='lat' dir='ltr'><strong>docere</strong></span> <span class='ocrx_word' id='word_1_169' title='bbox 1606 2482 1855 2562; x_wconf 85' lang='lat' dir='ltr'><strong>poterat</strong></span> <span class='ocrx_word' id='word_1_170' title='bbox 1899 2483 2139 2552; x_wconf 78' lang='grc' dir='ltr'><em>μενεῖ</em></span> <span class='ocrx_word' id='word_1_171' title='bbox 2180 2476 2364 2540; x_wconf 87' lang='lat' dir='ltr'><strong>unice</strong></span> <span class='ocrx_word' id='word_1_172' title='bbox 2414 2493 2638 2540; x_wconf 84' lang='lat' dir='ltr'><strong>verum</strong></span> 
     </span>
    </p>
   </div>
   <div class='ocr_carea' id='block_1_5' title="bbox 3079 78 3085 231">
    <p class='ocr_par' dir='ltr' id='par_1_6' title="bbox 3079 78 3085 231">
     <span class='ocr_line' id='line_1_20' title="bbox 3079 78 3085 231; baseline 0 4769"><span class='ocrx_word' id='word_1_173' title='bbox 3079 78 3085 231; x_wconf 95' lang='lat' dir='ltr'><strong> </strong></span> 
     </span>
    </p>
   </div>
   <div class='ocr_carea' id='block_1_6' title="bbox 258 2581 2735 2670">
    <p class='ocr_par' dir='ltr' id='par_1_7' title="bbox 258 2581 2735 2670">
     <span class='ocr_line' id='line_1_21' title="bbox 258 2581 2735 2670; baseline 0 -26"><span class='ocrx_word' id='word_1_174' title='bbox 258 2600 406 2646; x_wconf 88' lang='lat' dir='ltr'><strong>esse.</strong></span> <span class='ocrx_word' id='word_1_175' title='bbox 481 2583 722 2650; x_wconf 81' lang='lat' dir='ltr'><strong>Eadem</strong></span> <span class='ocrx_word' id='word_1_176' title='bbox 786 2604 972 2670; x_wconf 84' lang='lat' dir='ltr'><strong>opera</strong></span> <span class='ocrx_word' id='word_1_177' title='bbox 1019 2605 1130 2670; x_wconf 88' lang='lat' dir='ltr'><strong>pro</strong></span> <span class='ocrx_word' id='word_1_178' title='bbox 1193 2586 1670 2662; x_wconf 69' lang='grc' dir='ltr'><em>ἀγανακτεῖ</em></span> <span class='ocrx_word' id='word_1_179' title='bbox 1727 2585 1794 2647; x_wconf 90' lang='lat' dir='ltr'><strong>in</strong></span> <span class='ocrx_word' id='word_1_180' title='bbox 1840 2603 1975 2668; x_wconf 86' lang='lat' dir='ltr'><strong>cap.</strong></span> <span class='ocrx_word' id='word_1_181' title='bbox 2029 2582 2108 2647; x_wconf 92' lang='grc'><strong>11</strong></span> <span class='ocrx_word' id='word_1_182' title='bbox 2160 2603 2389 2668; x_wconf 89' lang='lat' dir='ltr'><strong>repone</strong></span> <span class='ocrx_word' id='word_1_183' title='bbox 2437 2581 2640 2659; x_wconf 68' lang='grc' dir='ltr'><em>ἀγα·-</em></span> <span class='ocrx_word' id='word_1_184' title='bbox 2730 2601 2735 2608; x_wconf 92' lang='grc'><em>·</em></span> 
     </span>
    </p>
   </div>
   <div class='ocr_carea' id='block_1_7' title="bbox 261 2691 679 2767">
    <p class='ocr_par' dir='ltr' id='par_1_8' title="bbox 261 2691 679 2767">
     <span class='ocr_line' id='line_1_22' title="bbox 261 2691 679 2767; baseline 0.012 -18"><span class='ocrx_word' id='word_1_185' title='bbox 261 2691 679 2767; x_wconf 57' lang='grc' dir='ltr'><em>νακτῆσεα</em></span> 
     </span>
    </p>
   </div>
   <div class='ocr_carea' id='block_1_8' title="bbox 258 2887 2642 3193">
    <p class='ocr_par' dir='ltr' id='par_1_9' title="bbox 258 2887 2642 3193">
     <span class='ocr_line' id='line_1_23' title="bbox 348 2887 2637 2979; baseline 0 -23"><span class='ocrx_word' id='word_1_186' title='bbox 348 2887 658 2979; x_wconf 80' lang='lat' dir='ltr'><strong>Cap.11.</strong></span> <span class='ocrx_word' id='word_1_187' title='bbox 710 2895 1148 2973; x_wconf 71' lang='grc' dir='ltr'><strong>προαποθανεῖν</strong></span> <span class='ocrx_word' id='word_1_188' title='bbox 1194 2917 1453 2966; x_wconf 78' lang='grc' dir='ltr'><em>εκαστος</em></span> <span class='ocrx_word' id='word_1_189' title='bbox 1503 2895 1702 2958; x_wconf 77' lang='grc' dir='ltr'><em>αὐτῶν</em></span> <span class='ocrx_word' id='word_1_190' title='bbox 1745 2889 2017 2977; x_wconf 75' lang='grc' dir='ltr'><em>ἕτοιμος,</em></span> <span class='ocrx_word' id='word_1_191' title='bbox 2057 2895 2109 2958; x_wconf 77' lang='grc' dir='ltr'><strong>εἲ</strong></span> <span class='ocrx_word' id='word_1_192' title='bbox 2152 2887 2267 2957; x_wconf 91' lang='grc' dir='ltr'><em>οιο’ν</em></span> <span class='ocrx_word' id='word_1_193' title='bbox 2310 2917 2379 2957; x_wconf 83' lang='grc' dir='ltr'><strong>τε</strong></span> <span class='ocrx_word' id='word_1_194' title='bbox 2414 2888 2637 2960; x_wconf 73' lang='grc' dir='ltr'><strong>εἶναι.</strong></span> 
     </span>
     <span class='ocr_line' id='line_1_24' title="bbox 258 2993 2642 3086; baseline 0.003 -28"><span class='ocrx_word' id='word_1_195' title='bbox 258 2993 508 3064; x_wconf 88' lang='lat' dir='ltr'><strong>Vitium</strong></span> <span class='ocrx_word' id='word_1_196' title='bbox 572 3005 764 3067; x_wconf 85' lang='lat' dir='ltr'><strong>etiam</strong></span> <span class='ocrx_word' id='word_1_197' title='bbox 831 2999 990 3066; x_wconf 85' lang='lat' dir='ltr'><strong>alias</strong></span> <span class='ocrx_word' id='word_1_198' title='bbox 1055 3004 1471 3066; x_wconf 88' lang='lat' dir='ltr'><strong>commissum</strong></span> <span class='ocrx_word' id='word_1_199' title='bbox 1536 3020 1651 3085; x_wconf 88' lang='lat' dir='ltr'><strong>pro</strong></span> <span class='ocrx_word' id='word_1_200' title='bbox 1714 3001 1764 3065; x_wconf 82' lang='grc' dir='ltr'><strong>εἰ</strong></span> <span class='ocrx_word' id='word_1_201' title='bbox 1830 2994 1945 3064; x_wconf 81' lang='grc' dir='ltr'><em>οἶόν</em></span> <span class='ocrx_word' id='word_1_202' title='bbox 1999 3025 2069 3064; x_wconf 80' lang='grc' dir='ltr'><strong>τε</strong></span> <span class='ocrx_word' id='word_1_203' title='bbox 2120 2995 2224 3072; x_wconf 76' lang='grc' dir='ltr'><strong>ἦν.</strong></span> <span class='ocrx_word' id='word_1_204' title='bbox 2294 2999 2451 3066; x_wconf 82' lang='lat' dir='ltr'><strong>Mox</strong></span> <span class='ocrx_word' id='word_1_205' title='bbox 2497 2999 2642 3086; x_wconf 81' lang='lat' dir='ltr'><strong>lege</strong></span> 
     </span>
     <span class='ocr_line' id='line_1_25' title="bbox 260 3107 1226 3193; baseline 0.003 -26"><span class='ocrx_word' id='word_1_206' title='bbox 260 3125 403 3167; x_wconf 86' lang='grc' dir='ltr'><strong>καν</strong></span> <span class='ocrx_word' id='word_1_207' title='bbox 451 3107 596 3188; x_wconf 81' lang='grc' dir='ltr'><em>πρὸς</em></span> <span class='ocrx_word' id='word_1_208' title='bbox 646 3107 855 3185; x_wconf 70' lang='grc' dir='ltr'><em>ὀλίγον</em></span> <span class='ocrx_word' id='word_1_209' title='bbox 907 3127 1018 3193; x_wconf 90' lang='lat' dir='ltr'><strong>pro</strong></span> <span class='ocrx_word' id='word_1_210' title='bbox 1065 3107 1226 3175; x_wconf 83' lang='grc' dir='ltr'><strong>καί.</strong></span> 
     </span>
    </p>
   </div>
   <div class='ocr_carea' id='block_1_9' title="bbox 253 3319 2641 3946">
    <p class='ocr_par' dir='ltr' id='par_1_10' title="bbox 253 3319 2641 3946">
     <span class='ocr_line' id='line_1_26' title="bbox 349 3319 2637 3411; baseline -0 -22"><span class='ocrx_word' id='word_1_211' title='bbox 349 3319 500 3411; x_wconf 83' lang='lat' dir='ltr'><strong>Cap.</strong></span> <span class='ocrx_word' id='word_1_212' title='bbox 536 3325 637 3390; x_wconf 84' lang='lat'><strong>15.</strong></span> <span class='ocrx_word' id='word_1_213' title='bbox 689 3330 940 3403; x_wconf 73' lang='grc' dir='ltr'><em>μᾶλλον</em></span> <span class='ocrx_word' id='word_1_214' title='bbox 985 3328 1046 3392; x_wconf 79' lang='grc' dir='ltr'><strong>δὲ</strong></span> <span class='ocrx_word' id='word_1_215' title='bbox 1098 3326 1374 3405; x_wconf 72' lang='grc' dir='ltr'><em>ἡγούμην</em></span> <span class='ocrx_word' id='word_1_216' title='bbox 1425 3329 1482 3399; x_wconf 77' lang='grc' dir='ltr'><strong>ἐς</strong></span> <span class='ocrx_word' id='word_1_217' title='bbox 1524 3328 1595 3392; x_wconf 80' lang='grc' dir='ltr'><strong>τὸ</strong></span> <span class='ocrx_word' id='word_1_218' title='bbox 1636 3327 1835 3406; x_wconf 78' lang='grc' dir='ltr'><em>πρόσω</em></span> <span class='ocrx_word' id='word_1_219' title='bbox 1878 3329 2080 3406; x_wconf 79' lang='grc' dir='ltr'><em>ὁρῶν.</em></span> <span class='ocrx_word' id='word_1_220' title='bbox 2130 3324 2409 3393; x_wconf 77' lang='lat' dir='ltr'><strong>Cobetus</strong></span> <span class='ocrx_word' id='word_1_221' title='bbox 2443 3324 2637 3400; x_wconf 80' lang='grc' dir='ltr'><em>θέων,</em></span> 
     </span>
     <span class='ocr_line' id='line_1_27' title="bbox 259 3425 2637 3520; baseline 0.004 -32"><span class='ocrx_word' id='word_1_222' title='bbox 259 3425 643 3496; x_wconf 82' lang='lat' dir='ltr'><strong>Fritzschius</strong></span> <span class='ocrx_word' id='word_1_223' title='bbox 705 3433 970 3512; x_wconf 77' lang='grc' dir='ltr'><em>ὁρμῶν.</em></span> <span class='ocrx_word' id='word_1_224' title='bbox 1045 3433 1128 3500; x_wconf 78' lang='lat' dir='ltr'><strong>Et</strong></span> <span class='ocrx_word' id='word_1_225' title='bbox 1191 3455 1337 3499; x_wconf 85' lang='lat' dir='ltr'><strong>sane</strong></span> <span class='ocrx_word' id='word_1_226' title='bbox 1401 3436 1585 3514; x_wconf 81' lang='grc' dir='ltr'><em>ὁρῶν</em></span> <span class='ocrx_word' id='word_1_227' title='bbox 1648 3437 1841 3500; x_wconf 78' lang='lat' dir='ltr'><strong>nimis</strong></span> <span class='ocrx_word' id='word_1_228' title='bbox 1903 3433 2287 3520; x_wconf 81' lang='lat' dir='ltr'><strong>languidum</strong></span> <span class='ocrx_word' id='word_1_229' title='bbox 2347 3433 2637 3511; x_wconf 60' lang='lat' dir='ltr'><strong>videtum</strong></span> 
     </span>
     <span class='ocr_line' id='line_1_28' title="bbox 261 3539 2640 3627; baseline 0.003 -31"><span class='ocrx_word' id='word_1_230' title='bbox 261 3539 464 3602; x_wconf 87' lang='lat' dir='ltr'><strong>nescio</strong></span> <span class='ocrx_word' id='word_1_231' title='bbox 513 3543 724 3604; x_wconf 85' lang='lat' dir='ltr'><strong>tamen</strong></span> <span class='ocrx_word' id='word_1_232' title='bbox 773 3561 852 3605; x_wconf 89' lang='lat' dir='ltr'><strong>an</strong></span> <span class='ocrx_word' id='word_1_233' title='bbox 897 3543 964 3604; x_wconf 91' lang='lat' dir='ltr'><strong>in</strong></span> <span class='ocrx_word' id='word_1_234' title='bbox 1015 3540 1281 3627; x_wconf 78' lang='lat' dir='ltr'><strong>vulgata</strong></span> <span class='ocrx_word' id='word_1_235' title='bbox 1326 3561 1450 3606; x_wconf 90' lang='lat' dir='ltr'><strong>non</strong></span> <span class='ocrx_word' id='word_1_236' title='bbox 1498 3543 1711 3626; x_wconf 88' lang='lat' dir='ltr'><strong>potius</strong></span> <span class='ocrx_word' id='word_1_237' title='bbox 1760 3540 1959 3606; x_wconf 82' lang='lat' dir='ltr'><strong>lateat</strong></span> <span class='ocrx_word' id='word_1_238' title='bbox 2004 3539 2291 3620; x_wconf 74' lang='grc' dir='ltr'><em>φέρων,</em></span> <span class='ocrx_word' id='word_1_239' title='bbox 2324 3562 2640 3624; x_wconf 72' lang='lat' dir='ltr'><strong>praeceps,</strong></span> 
     </span>
     <span class='ocr_line' id='line_1_29' title="bbox 253 3640 2641 3732; baseline 0.003 -30"><span class='ocrx_word' id='word_1_240' title='bbox 253 3640 648 3728; x_wconf 67' lang='lat' dir='ltr'><strong>festinanter,</strong></span> <span class='ocrx_word' id='word_1_241' title='bbox 714 3666 838 3730; x_wconf 79' lang='lat' dir='ltr'><strong>quo</strong></span> <span class='ocrx_word' id='word_1_242' title='bbox 903 3649 1237 3732; x_wconf 85' lang='lat' dir='ltr'><strong>participio</strong></span> <span class='ocrx_word' id='word_1_243' title='bbox 1306 3647 1624 3712; x_wconf 80' lang='lat' dir='ltr'><strong>Lucienus</strong></span> <span class='ocrx_word' id='word_1_244' title='bbox 1688 3651 1835 3711; x_wconf 83' lang='lat' dir='ltr'><strong>ante</strong></span> <span class='ocrx_word' id='word_1_245' title='bbox 1882 3645 2040 3710; x_wconf 84' lang='lat' dir='ltr'><strong>alios</strong></span> <span class='ocrx_word' id='word_1_246' title='bbox 2100 3644 2469 3710; x_wconf 84' lang='lat' dir='ltr'><strong>delectatur.</strong></span> <span class='ocrx_word' id='word_1_247' title='bbox 2542 3643 2641 3710; x_wconf 85' lang='lat' dir='ltr'><strong>Of.</strong></span> 
     </span>
     <span class='ocr_line' id='line_1_30' title="bbox 263 3747 2641 3846; baseline 0.002 -36"><span class='ocrx_word' id='word_1_248' title='bbox 263 3747 618 3826; x_wconf 83' lang='lat' dir='ltr'><strong>perdoctam</strong></span> <span class='ocrx_word' id='word_1_249' title='bbox 681 3750 1156 3816; x_wconf 80' lang='lat' dir='ltr'><strong>Hemsterhusii</strong></span> <span class='ocrx_word' id='word_1_250' title='bbox 1211 3751 1684 3819; x_wconf 81' lang='lat' dir='ltr'><strong>adnotationem</strong></span> <span class='ocrx_word' id='word_1_251' title='bbox 1736 3752 1814 3846; x_wconf 80' lang='lat' dir='ltr'><strong>ad</strong></span> <span class='ocrx_word' id='word_1_252' title='bbox 1859 3751 1938 3816; x_wconf 92' lang='lat' dir='ltr'><strong>D.</strong></span> <span class='ocrx_word' id='word_1_253' title='bbox 1990 3751 2079 3817; x_wconf 83' lang='lat' dir='ltr'><strong>M.</strong></span> <span class='ocrx_word' id='word_1_254' title='bbox 2129 3749 2233 3816; x_wconf 87' lang='lat' dir='ltr'><strong>VI.</strong></span> <span class='ocrx_word' id='word_1_255' title='bbox 2288 3749 2347 3815; x_wconf 84' lang='lat'><strong>3.</strong></span> <span class='ocrx_word' id='word_1_256' title='bbox 2412 3750 2484 3816; x_wconf 91' lang='lat' dir='ltr'><strong>In</strong></span> <span class='ocrx_word' id='word_1_257' title='bbox 2533 3749 2641 3817; x_wconf 72' lang='lat' dir='ltr'><strong>Ti-</strong></span> 
     </span>
     <span class='ocr_line' id='line_1_31' title="bbox 265 3855 2252 3946; baseline 0.004 -33"><span class='ocrx_word' id='word_1_258' title='bbox 265 3870 442 3919; x_wconf 90' lang='lat' dir='ltr'><strong>mone</strong></span> <span class='ocrx_word' id='word_1_259' title='bbox 489 3878 542 3920; x_wconf 92' lang='lat' dir='ltr'><strong>c.</strong></span> <span class='ocrx_word' id='word_1_260' title='bbox 592 3855 678 3920; x_wconf 82' lang='lat'><strong>22</strong></span> <span class='ocrx_word' id='word_1_261' title='bbox 727 3866 792 3922; x_wconf 90' lang='lat' dir='ltr'><strong>et</strong></span> <span class='ocrx_word' id='word_1_262' title='bbox 838 3857 1181 3924; x_wconf 89' lang='lat' dir='ltr'><strong>Icaromen.</strong></span> <span class='ocrx_word' id='word_1_263' title='bbox 1232 3879 1284 3923; x_wconf 93' lang='lat' dir='ltr'><strong>c.</strong></span> <span class='ocrx_word' id='word_1_264' title='bbox 1317 3857 1398 3922; x_wconf 90' lang='lat'><strong>19</strong></span> <span class='ocrx_word' id='word_1_265' title='bbox 1447 3858 1763 3946; x_wconf 81' lang='lat' dir='ltr'><strong>legimus:</strong></span> <span class='ocrx_word' id='word_1_266' title='bbox 1813 3860 1937 3922; x_wconf 77' lang='grc' dir='ltr'><strong>θεῖ</strong></span> <span class='ocrx_word' id='word_1_267' title='bbox 1976 3857 2252 3940; x_wconf 80' lang='grc' dir='ltr'><strong>φέρων.</strong></span> 
     </span>
    </p>
   </div>
   <div class='ocr_carea' id='block_1_10' title="bbox 177 4069 2644 4482">
    <p class='ocr_par' dir='ltr' id='par_1_11' title="bbox 177 4069 2644 4482">
     <span class='ocr_line' id='line_1_32' title="bbox 352 4069 2639 4163; baseline 0.001 -25"><span class='ocrx_word' id='word_1_268' title='bbox 352 4069 500 4161; x_wconf 85' lang='lat' dir='ltr'><strong>Cap.</strong></span> <span class='ocrx_word' id='word_1_269' title='bbox 549 4074 650 4140; x_wconf 88' lang='grc'><strong>16.</strong></span> <span class='ocrx_word' id='word_1_270' title='bbox 700 4073 854 4141; x_wconf 68' lang='grc' dir='ltr'><strong><em>ὥστε</em></strong></span> <span class='ocrx_word' id='word_1_271' title='bbox 905 4074 1358 4157; x_wconf 68' lang='grc' dir='ltr'><strong>ὑπεράνθρωπός</strong></span> <span class='ocrx_word' id='word_1_272' title='bbox 1407 4101 1502 4148; x_wconf 78' lang='grc' dir='ltr'><strong>τις</strong></span> <span class='ocrx_word' id='word_1_273' title='bbox 1551 4079 1699 4156; x_wconf 74' lang='grc' dir='ltr'><em>οὶνήρ</em></span> <span class='ocrx_word' id='word_1_274' title='bbox 1747 4078 1821 4162; x_wconf 91' lang='lat' dir='ltr'><strong>(l.</strong></span> <span class='ocrx_word' id='word_1_275' title='bbox 1848 4077 2021 4163; x_wconf 70' lang='grc' dir='ltr'><em>οἶνῆρ)</em></span> <span class='ocrx_word' id='word_1_276' title='bbox 2070 4099 2169 4153; x_wconf 82' lang='grc' dir='ltr'><strong>μοι</strong></span> <span class='ocrx_word' id='word_1_277' title='bbox 2222 4077 2639 4156; x_wconf 75' lang='grc' dir='ltr'><em>κατεφαίνετο</em></span> 
     </span>
     <span class='ocr_line' id='line_1_33' title="bbox 270 4175 2643 4266; baseline 0.003 -26"><span class='ocrx_word' id='word_1_278' title='bbox 270 4175 366 4240; x_wconf 70' lang='grc' dir='ltr'><strong>καὶ</strong></span> <span class='ocrx_word' id='word_1_279' title='bbox 411 4183 729 4263; x_wconf 76' lang='grc' dir='ltr'><em>μονονουχὶ</em></span> <span class='ocrx_word' id='word_1_280' title='bbox 781 4185 1052 4248; x_wconf 79' lang='grc' dir='ltr'><em>καλλίων</em></span> <span class='ocrx_word' id='word_1_281' title='bbox 1100 4185 1202 4248; x_wconf 77' lang='grc' dir='ltr'><strong>καὶ</strong></span> <span class='ocrx_word' id='word_1_282' title='bbox 1257 4184 1628 4266; x_wconf 72' lang='grc' dir='ltr'><em>ὑψηλότερος</em></span> <span class='ocrx_word' id='word_1_283' title='bbox 1677 4181 1797 4264; x_wconf 76' lang='grc' dir='ltr'><strong>ὅλῳ</strong></span> <span class='ocrx_word' id='word_1_284' title='bbox 1846 4183 2041 4264; x_wconf 72' lang='grc' dir='ltr'><strong><em>πήχει</em></strong></span> <span class='ocrx_word' id='word_1_285' title='bbox 2092 4182 2643 4263; x_wconf 64' lang='grc' dir='ltr'><strong>βασιλικῷ.1)θοεῐ</strong></span> 
     </span>
     <span class='ocr_line' id='line_1_34' title="bbox 177 4279 2644 4375; baseline 0.004 -32"><span class='ocrx_word' id='word_1_286' title='bbox 177 4329 184 4336; x_wconf 92' lang='grc'><strong>.</strong></span> <span class='ocrx_word' id='word_1_287' title='bbox 270 4279 496 4368; x_wconf 83' lang='lat' dir='ltr'><strong>aliquid</strong></span> <span class='ocrx_word' id='word_1_288' title='bbox 545 4289 620 4353; x_wconf 87' lang='lat' dir='ltr'><strong>ad</strong></span> <span class='ocrx_word' id='word_1_289' title='bbox 672 4291 1077 4366; x_wconf 80' lang='lat' dir='ltr'><strong>sententiam3</strong></span> <span class='ocrx_word' id='word_1_290' title='bbox 1125 4311 1248 4354; x_wconf 90' lang='lat' dir='ltr'><strong>non</strong></span> <span class='ocrx_word' id='word_1_291' title='bbox 1297 4293 1469 4355; x_wconf 88' lang='lat' dir='ltr'><strong>enim</strong></span> <span class='ocrx_word' id='word_1_292' title='bbox 1521 4313 1639 4353; x_wconf 74' lang='lat' dir='ltr'><strong>uno</strong></span> <span class='ocrx_word' id='word_1_293' title='bbox 1692 4290 1915 4375; x_wconf 75' lang='lat' dir='ltr'><strong>Micylo</strong></span> <span class='ocrx_word' id='word_1_294' title='bbox 1962 4287 2289 4374; x_wconf 87' lang='lat' dir='ltr'><strong>pulchrior</strong></span> <span class='ocrx_word' id='word_1_295' title='bbox 2336 4299 2403 4354; x_wconf 88' lang='lat' dir='ltr'><strong>et</strong></span> <span class='ocrx_word' id='word_1_296' title='bbox 2440 4291 2644 4354; x_wconf 87' lang='lat' dir='ltr'><strong>maior</strong></span> 
     </span>
     <span class='ocr_line' id='line_1_35' title="bbox 272 4388 2641 4482; baseline 0.003 -32"><span class='ocrx_word' id='word_1_297' title='bbox 272 4388 613 4459; x_wconf 83' lang='lat' dir='ltr'><strong>videbatur.</strong></span> <span class='ocrx_word' id='word_1_298' title='bbox 687 4393 1128 4482; x_wconf 86' lang='lat' dir='ltr'><strong>Supplendum</strong></span> <span class='ocrx_word' id='word_1_299' title='bbox 1193 4397 1497 4463; x_wconf 84' lang='lat' dir='ltr'><strong>arbitror:</strong></span> <span class='ocrx_word' id='word_1_300' title='bbox 1563 4398 1926 4462; x_wconf 71' lang='grc' dir='ltr'><em>καλλίων</em></span> <span class='ocrx_word' id='word_1_301' title='bbox 1988 4401 2133 4460; x_wconf 75' lang='grc' dir='ltr'><strong>τῶν</strong></span> <span class='ocrx_word' id='word_1_302' title='bbox 2199 4393 2473 4460; x_wconf 79' lang='grc' dir='ltr'><em>ἄλλων</em></span> <span class='ocrx_word' id='word_1_303' title='bbox 2535 4393 2641 4458; x_wconf 75' lang='grc' dir='ltr'><strong>καὶ</strong></span> 
     </span>
    </p>
   </div>
  </div>
 </body>
</html>
