3150 5000
538 213 673 280 822
1509 233 1942 284 rfluorn1nm.

533 404 791 486 apparet
808 447 825 473 ‚
890 419 1001 464 cur
1060 404 1279 465 tantus
1340 405 1542 466 terror
1603 399 2250 468 Lacedaemoniorum
2300 401 2547 466 animos
2591 401 2901 467 invaserit.

532 503 890 572 Classenius
938 508 1252 594 cogitarat
1298 507 1375 572 de
1424 507 1909 585 ἔξηλλοὶγησαν·
1951 508 2040 572 εἰσ
2075 507 2298 570 wichen
2335 529 2448 570 von
2491 508 2654 570 allen
2689 509 2904 572 andern

532 614 607 676 ab
627 662 645 697 ‚
710 614 838 676 und
896 613 1118 677 daher.-
1170 613 1260 676 sie
1304 612 1640 680 seio-huelem
1686 615 1812 680 sich
1859 637 1964 678 vor
2009 613 2172 677 allen
2219 614 2448 676 andern
2496 635 2638 690 αυες
2687 613 2796 678 sed
2839 635 2908 677 ne

530 719 655 802 ipsi
702 718 961 802 quidem
1008 719 1133 782 sibi
1181 719 1525 796 satisfacit,
1564 741 1680 784 nec
1718 720 2058 805 quisquam
2103 717 2550 797 ἐξηλλάγησαν
2583 719 2906 784 commode

528 823 893 911 intelligere
940 829 1183 910 potest,
1232 827 1357 890 nisi
1404 827 1564 891 sciat
1613 826 1929 912 quomodo
1977 824 2340 892 Classenius
2376 825 2590 891 locum
2643 825 2910 911 explica·

528 932 713 996 verit.
786 929 1073 1016 Denique
1141 929 1431 996 Stehlius
1498 930 1794 998 lacunam
1861 935 2058 999 etiam
2124 932 2250 999 alio
2311 933 2501 997 modo
2565 931 2912 1017 supplevit:

530 1035 779 1114 μάλιςα
844 1035 909 1100 δὲ
965 1035 1439 1112 Λακεδαιμόνιοι
1488 1039 1549 1109 ἐς
1599 1034 1628 1103 ὃ
1675 1039 2013 1116 ἐμέμνηντο
2062 1039 2122 1102 ἐν
2167 1037 2362 1118 τούτῳ
2409 1039 2496 1119 τῷ
2541 1041 2730 1119 καιρῷ
2779 1035 2916 1113 ἐξα-

529 1141 987 1219 ναγκασθέντες
1038 1143 1103 1206 ἐκ
1156 1143 1400 1220 πορείας
1451 1143 1779 1224 μάχεσθαι
1827 1145 1947 1210 οὐδ’
1997 1139 2074 1215 ὣς
2115 1143 2587 1224 ἐξεπλάγησαν,
2631 1146 2745 1210 sed
2781 1147 2914 1229 quis

526 1252 621 1314 ita
665 1248 985 1334 loquitur:
1051 1247 1302 1327 μόλις-α
1348 1249 1471 1315 οὐδ’
1520 1247 1596 1322 ὣς
1644 1249 2138 1330 ἐξεπλάγησανῗ
2199 1251 2418 1316 Etiam
2468 1249 2812 1316 Schiilzius
2855 1257 2914 1314 et

528 1353 1247 1443 Mullero-Strubingius
1299 1356 1377 1422 de
1422 1355 1559 1423 loco
1609 1357 2000 1424 emendando
2045 1363 2354 1445 egerunt,
2403 1357 2512 1422 sed
2560 1354 2918 1422 Classenius

528 1481 655 1528 non
716 1461 1052 1548 adscripsit
1112 1463 1267 1547 quid
1332 1465 1638 1529 tentarint
1659 1509 1677 1542 ,
1743 1485 1856 1529 nec
1915 1464 2080 1529 mihi
2143 1465 2221 1529 ad
2279 1466 2450 1549 ipsos
2497 1463 2626 1528 fuit
2671 1463 2919 1544 aditus,

530 1568 639 1633 sed
686 1564 1007 1634 Classenio
1048 1575 1215 1635 certe
1254 1572 1636 1635 sententiam
1677 1591 1862 1636 suam
1902 1592 2027 1636 non
2065 1571 2434 1655 probarunt.
2481 1569 2666 1644 Quod
2709 1576 2922 1634 autem

530 1681 818 1761 apparet,
868 1675 1050 1740 docet
1094 1675 1214 1740 hoc
1262 1677 1467 1760 capite
1514 1675 1960 1764 Thucydides,
2003 1679 2112 1762 qui
2148 1675 2598 1762 Spartanorum
2637 1675 2922 1760 discipli·

528 1801 678 1846 nam
730 1782 915 1845 unice
960 1780 1317 1846 admiratur
1364 1819 1451 1832 -
1498 1803 1726 1867 nempe
1774 1789 1846 1848 ut
1893 1781 2147 1868 culpam
2198 1784 2470 1847 amissae
2519 1779 2924 1866 Amphipolis

402 1975 407 1980 ι
484 1969 497 1978 ι
532 1887 610 1952 ab
658 1907 726 1951 se
764 1892 1089 1952 removeat
1133 1888 1199 1950 in
1249 1887 1604 1954 classiarios
1655 1927 1737 1937 —
1787 1909 1975 1974 quam
2029 1888 2325 1954 alacriter
2363 1887 2608 1952 milites
2651 1889 2924 1972 imperis

531 2001 957 2080 exequantur3
1027 1993 1195 2078 quod
1266 2000 1340 2059 ut
1408 2001 1553 2080 apte
1609 1995 1814 2062 facere
1874 2000 2121 2080 posset,
2185 1998 2532 2059 necessario
2595 1995 2917 2075 narravit,

528 2120 881 2186 numquam
945 2099 1211 2165 celerius
1269 2100 1800 2167 Lacedaemonios
1861 2102 2192 2167 instructis
2254 2099 2582 2165 ordinibus
2645 2120 2786 2165 sese
2845 2097 2922 2162 ad

528 2226 814 2294 pugnam
878 2207 1213 2290 paravisse.
1292 2205 1431 2272 Hoc
1495 2209 1710 2291 ipsum
1775 2206 1952 2272 nullo
2011 2209 2270 2294 negotio
2317 2207 2756 2272 obtinebimus
2797 2206 2922 2270 sic:

528 2313 856 2393 τάχιςα
918 2313 987 2386 δη
1056 2311 1529 2389 Λακεδαιμόνιοι
1596 2313 1654 2384 ἐς
1719 2309 1746 2377 ὃ
1811 2314 2180 2390 ἐμέμνηντο,
2253 2315 2313 2376 ἐν
2361 2315 2556 2393 τούτῳ
2605 2313 2692 2392 τῷ
2741 2313 2922 2390 καιρῷ

528 2418 775 2496 ἐξετά
790 2421 1054 2498 χθησα
1076 2443 1127 2482 ν.
1192 2417 1298 2484 Sic
1362 2421 1662 2486 continuo
1709 2419 1940 2486 addere
1988 2418 2230 2506 potuit:
2280 2419 2384 2484 διὰ
2429 2418 2751 2500 βραχείας
2801 2419 2922 2496 γὰρ

526 2526 887 2605 μελλήσεως
957 2528 991 2601 ἧ
1056 2528 1415 2606 rapacum,
1481 2531 1695 2599 αὐτοῖς
1762 2527 2048 2606 ἐγίγνετο
2116 2526 2220 2591 καὶ
2270 2528 2442 2601 εὐθὺς
2495 2526 2609 2591 ὑπὸ
2657 2527 2922 2601 σπονδῆς

527 2632 859 2701 καθίςαντο
909 2634 969 2705 ἐς
1019 2631 1247 2711 κόσμον
1292 2634 1396 2698 τὸν
1443 2635 1701 2699 ἑαυτῶν.

617 2843 771 2931 Cap.
826 2846 903 2910 V.
970 2844 1087 2911 69:
1159 2846 1361 2925 λόγων
1425 2848 1501 2913 δι’
1564 2847 1778 2925 ὀλίγον
1828 2853 2032 2919 καλῶς
2081 2850 2472 2928 ῥηθεῖσαν
2523 2846 2922 2924 παραίνεσιν,

525 2972 673 3019 cum
738 2951 993 3018 Stobaei
1052 2951 1223 3020 Flor.
1281 2952 1385 3019 29.
1455 2952 1541 3019 62
1601 2955 1875 3019 scribere
1935 2952 2193 3018 malim:
2247 2951 2680 3035 ῥηθέντων,
2730 2954 2922 3018 sicuti

520 3064 727 3132 καλῶς
774 3058 1100 3137 λεχθέντες
1148 3062 1321 3137 λόγοι
1378 3059 1680 3124 dicuntur
1727 3058 1834 3123 VI.
1887 3056 1994 3123 68.
2045 3056 2198 3143 Gap.
2251 3058 2339 3125 70
2389 3060 2732 3123 obscurum
2787 3066 2919 3141 est,

520 3165 688 3251 quod
732 3164 1041 3252 leguntur
1085 3164 1377 3250 Spartani
1428 3164 1672 3231 milites
1722 3166 1788 3229 in
1837 3168 2041 3230 aciem
2079 3164 2368 3250 prodire,
2415 3166 2482 3229 οὐ
2530 3168 2638 3229 τοῦ
2707 3166 2920 3229 θείου

518 3271 739 3355 χάριν,
813 3273 961 3337 ἀλλ’
1025 3268 1125 3336 ἵνα
1198 3272 1444 3349 ὁμαλῶς
1519 3271 1688 3347 μετα
1754 3272 1977 3350 ῥυθμοῦ
2040 3271 2488 3347 βαίνοντες
2563 3270 2919 3351 προέλθοιεν.

520 3376 668 3443 Scio
728 3378 987 3462 quidem
1049 3377 1209 3443 hanc
1278 3382 1557 3443 veterem
1625 3375 1960 3441 lectionem
2009 3397 2142 3441 esse
2163 3424 2180 3453 ‚
2229 3398 2428 3463 quum
2477 3374 2762 3453 Gellius,
2813 3378 2920 3463 qui

518 3482 734 3549 locum
794 3490 939 3549 ante
986 3481 1205 3547 oculos
1253 3483 1518 3559 habuit,
1569 3484 1664 3547 ita
1714 3483 2010 3549 verterit:
2061 3503 2185 3548 non
2230 3486 2320 3547 rei
2369 3483 2625 3549 divinae
2672 3486 2919 3570 gratia,

520 3588 630 3655 sed
676 3588 795 3653 hoc
838 3591 1086 3673 ipsum,
1136 3590 1235 3653 uti
1285 3589 1455 3671 dixi,
1508 3587 1673 3653 mihi
1723 3588 1982 3672 quidem
2037 3590 2378 3653 obscurum
2420 3600 2534 3653 est.
2575 3588 2917 3672 Aliquanto

520 3694 755 3761 melius
810 3694 1143 3782 intelligo:
1210 3696 1276 3759 οὐ
1338 3699 1445 3759 τοῦ
1515 3694 1780 3758 ἐνθέου
1828 3694 2014 3773 χάριν
2060 3701 2125 3759 et
2172 3700 2490 3778 praeterea
2536 3692 2916 3758 Plutarchus

520 3806 588 3869 in
652 3803 787 3867 vita
844 3800 1129 3887 Lycurgi
1200 3799 1286 3865 22
1338 3799 1442 3864 hic
1488 3802 1722 3885 poterit
1771 3798 2002 3885 legisse
2049 3798 2288 3865 videri:
2339 3800 2368 3861 ἕ
2383 3822 2436 3877 μ
2451 3798 2912 3875 βαίνοντες.

520 3906 925 3992 Thucydides
992 3906 1061 3971 id
1131 3910 1347 3992 ipsum
1410 3912 1608 3993 negat
1673 3904 1840 3989 quod
1907 3904 2181 3971 affirmat
2251 3904 2542 3970 Valerius
2590 3905 2914 3971 Maximus

517 4014 599 4083 Π.
669 4012 732 4080 6.
797 4012 874 4078 2:
948 4012 1283 4079 Exercitus
1344 4033 1467 4077 non
1536 4020 1682 4077 ante
1729 4012 1808 4076 ad
1856 4012 2294 4077 dimicandum
2343 4012 2716 4077 descendere
2759 4012 2914 4077 sole·

520 4124 711 4198 bant,
762 4141 954 4205 quam
1006 4121 1201 4184 tibiae
1250 4124 1558 4185 concentu
1609 4126 1674 4182 et
1722 4121 2043 4203 anapaesti
2091 4118 2269 4202 pedis
2317 4118 2581 4183 modulo
2627 4118 2912 4185 cohorta-

518 4231 711 4294 tionis
746 4228 997 4290 calorcm
1036 4226 1225 4288 animi
1265 4225 1610 4294 traxissent.
1657 4222 1782 4289 Sed
1823 4246 2019 4309 paean
2059 4228 2308 4290 canitur
2342 4238 2486 4290 ante
2511 4244 2910 4312 congressum

518 4340 582 4400 et
642 4334 797 4399 dum
858 4331 1103 4397 milites
1164 4331 1512 4415 procedunt
1558 4333 1626 4395 in
1679 4352 1962 4417 pugnam
2013 4336 2084 4396 et
2132 4350 2307 4397 arma
2355 4331 2736 4416 expediunt,
2779 4350 2910 4397 sero
