3150 5000
2556 304 2684 370 115

301 488 528 576 quibus
589 486 852 574 templis
913 488 1396 556 adservarentur
1452 487 1600 574 illa,
1666 508 1829 574 quae
1891 488 2193 554 dicuntur
2240 489 2325 553 τὰ
2373 490 2687 571 χρήματα

298 604 405 671 τῆς
455 593 690 667 πόλεως
709 643 725 673 ,
777 616 1032 681 prorsus
1080 594 1258 661 latet.
1309 595 1480 661 Nam
1518 616 1631 680 per
1678 616 1745 661 se
1790 597 1944 661 satis
1993 595 2319 680 probabile
2360 602 2456 662 est
2481 598 2686 663 adser-

296 709 444 769 vata
488 695 685 768 fuisse
733 703 1043 783 χρήματα.
1094 701 1360 779 δημόσιαι
1402 704 1747 787 separatim
1790 702 1868 767 ab
1912 703 2111 780 ἱεροῖς,
2157 702 2312 768 11880
2351 704 2418 766 18
2445 703 2686 789 templo

295 808 624 875 Minervae
673 809 752 875 ab
799 830 1017 875 eorum
1068 810 1331 885 ταμίαις
1351 859 1368 893 ,
1424 807 1541 873 1118
1587 811 1655 873 in
1705 808 1849 873 aliis
1898 808 2188 893 templis,
2240 830 2509 895 quorum
2563 810 2689 876 cla-

295 936 405 981 ves
467 921 672 981 essent
737 915 910 1001 apud
967 914 1353 1003 Prytanium
1414 914 1792 1001 principem.
1856 910 2041 980 Certe
2087 914 2259 980 haud
2307 922 2476 981 recte
2521 918 2689 982 inter

291 1024 602 1103 χρήματα
653 1022 782 1101 ἱερὰ
834 1030 899 1087 81
944 1022 1206 1099 δημόσια
1257 1024 1348 1088 sio
1396 1022 1893 1109 distinguimUS,
1925 1060 2005 1069 —
2042 1042 2202 1107 quae
2227 1021 2541 1117 Boeckhii
2559 1023 2689 1088 fere

291 1130 604 1195 sententia
664 1134 794 1205 est,
862 1128 1011 1194 Oec.
1073 1128 1198 1213 pol.
1267 1128 1330 1211 Ι,
1387 1148 1449 1213 p.
1506 1126 1637 1193 578
1688 1149 1837 1213 seq„
1885 1162 1969 1177 --
2010 1130 2193 1213 quasi
2242 1130 2450 1213 specie
2498 1129 2689 1195 modo

291 1234 504 1321 aliqua
575 1235 822 1300 diversa
890 1235 1126 1299 fuerint
1195 1240 1259 1299 et
1329 1255 1526 1319 paene
1596 1237 1899 1319 pecuniae
1972 1233 2457 1300 administrandi
2528 1257 2687 1321 (188-

292 1341 438 1408 dam
503 1340 780 1407 formula
841 1343 1008 1405 inter
1069 1362 1275 1406 sacras
1339 1342 1756 1423 referrentur,
1817 1378 1902 1388 —
1960 1340 2501 1426 quemadmodum
2566 1341 2687 1407 fin-

291 1452 390 1537 git
439 1470 500 1515 v.
547 1471 599 1513 c.
647 1446 1079 1513 Kirchhovius
1131 1447 1199 1533 (l.
1243 1468 1296 1512 c.
1346 1468 1410 1532 p.
1451 1445 1564 1531 34)
1620 1444 1793 1512 1000
1842 1446 2111 1525 talenta,
2164 1468 2327 1533 quae
2375 1469 2536 1514 8880
2584 1447 2684 1514 01.

293 1554 450 1633 87,2
501 1553 788 1636 ἐξαίρετα
838 1556 1004 1620 facta
1053 1564 1201 1619 sunt
1249 1553 1570 1641 (Thucyd.
1610 1553 1705 1629 ΙΙ,
1756 1552 1907 1641 24),
1946 1554 2122 1618 18881
2163 1553 2437 1639 (188(1881
2479 1555 2689 1621 obser-

293 1669 479 1730 vatae
544 1662 874 1751 religionis
935 1665 1141 1747 specie
1205 1683 1283 1726 ex
1344 1661 1624 1746 profanis
1686 1663 1755 1725 in
1814 1682 1990 1726 88018
2036 1664 2340 1727 converti.
2410 1661 2686 1728 Nullum

293 1770 565 1836 dubium
587 1818 605 1846 ,
673 1772 827 1854 quin
888 1767 1306 1833 Athenienses
1354 1766 1574 1832 faciles
1620 1770 1775 1832 satis
1822 1767 2057 1831 fuerint
2081 1815 2096 1846 ,
2147 1772 2211 1833 et
2256 1768 2573 1835 faciliores
2618 1772 2688 1834 in

292 1876 425 1944 dies
475 1875 626 1940 facti
673 1875 803 1939 sint
849 1876 917 1937 in
966 1874 1242 1939 Deorum
1292 1876 1576 1959 pecuniis
1624 1876 1692 1937 in
1739 1874 1893 1938 usus
1940 1874 2233 1958 profanos
2280 1874 2689 1959 adhibendis,

294 2020 372 2032 —
427 1978 685 2047 nullum
746 2001 995 2066 (180(188
1057 1980 1326 2045 dubium
1349 2026 1365 2057 ‚
1430 1982 1582 2066 quin
1647 1986 1853 2045 aetate
1911 1979 2181 2045 Periclis
2241 1980 2414 2047 haud
2474 1985 2690 2047 minus

291 2110 486 2176 quam
551 2087 834 2154 Molierii
895 2108 1044 2152 cum
1095 2085 1370 2173 Olympo
1418 2088 1653 2172 pacisci
1698 2086 1957 2165 liceret,
2009 2124 2093 2135 —-
2143 2086 2687 2172 quemadmodum

291 2218 344 2261 e.
390 2219 494 2284 g.‚
558 2200 634 2260 nt
696 2200 918 2259 notum
987 2199 1118 2271 est,
1178 2193 1286 2259 Dii
1333 2200 1488 2259 tunc
1536 2196 1885 2281 perexiguo
1930 2196 2181 2259 foenore
2230 2196 2511 2261 contenti
2555 2196 2689 2261 fue-

289 2308 476 2387 runt3
524 2324 599 2365 on
631 2310 834 2365 trouve
879 2324 1018 2364 avec
1063 2303 1120 2365 le
1164 2301 1282 2366 ciel
1323 2302 1428 2365 des
1464 2302 2042 2379 accommodemente,
2074 2339 2155 2349 —
2184 2309 2398 2367 tamen
2438 2302 2689 2369 saeculo

291 2414 435 2475 8818
503 2404 830 2474 Christum
896 2413 1122 2473 natum
1185 2410 1409 2493 quinto
1471 2408 1627 2473 adeo
1684 2408 1919 2473 veteris
1968 2405 2299 2495 religionis
2343 2411 2689 2494 pristinum

292 2519 587 2605 vig-orem
650 2516 1082 2592 consenuisse,
1151 2522 1224 2579 ut
1283 2518 1410 2600 ipsi
1473 2515 1891 2581 Athenienses
1953 2536 2161 2581 sacras
2217 2519 2517 2600 pecunias
2564 2538 2689 2583 808

288 2622 480 2709 plane
526 2636 590 2686 et
638 2624 877 2687 sincere
924 2621 1306 2686 crediderint
1355 2642 1563 2686 sacras
1583 2669 1599 2699 ,
1650 2624 1919 2686 minime
1967 2620 2294 2706 probabile
2342 2630 2457 2690 881.
2520 2622 2691 2704 Quas

291 2731 592 2797 deberent
649 2727 788 2792 Diis
843 2733 906 2792 et
955 2729 1256 2811 pecunias
1303 2736 1528 2792 mutuo
1575 2735 1867 2811 sumptas
1914 2735 1977 2792 et
2028 2747 2285 2806 usuras,
2336 2730 2713 2796 rationibus.

289 2839 357 2902 in
404 2834 620 2921 lapide
667 2836 884 2899 incisis
931 2832 1257 2919 propalam
1310 2832 1787 2919 profitebantur.
1842 2832 2347 2922 Religiosissime
2384 2856 2547 2901 anno
2586 2835 2695 2902 01·

293 2943 446 3022 86‚2
513 2939 926 3006 reddiderunt
987 2938 1126 3004 Diis
1185 2939 1269 3004 τὰ
1321 2939 1735 3020 ὀφειλόμεναι,
1785 2941 2287 3018 0088111881881,
2337 2963 2417 3008 88
2464 2943 2540 3008 (18
2586 2965 2694 3031 pe-

295 3051 499 3117 cuniis
548 3050 742 3115 sacris
790 3046 869 3112 ad
915 3045 1223 3132 populum
1267 3047 1574 3130 ferretur,
1621 3049 1744 3112 nisi
1785 3049 1961 3133 prius
1985 3047 2167 3131 ἄδεια
2192 3069 2482 3115 00808888
2505 3056 2690 3117 88881.

295 3158 394 3222 Α8
447 3162 519 3221 18
571 3155 772 3220 018(118
819 3153 998 3219 nulla
1047 3151 1173 3218 alia
1219 3174 1286 3219 re
1331 3159 1651 3239 permotos
1699 3174 1803 3220 eos
1848 3153 1915 3218 id
1962 3153 2347 3238 decrevisse,
2390 3175 2583 3240 quam
2618 3162 2693 3222 ut

293 3285 358 3328 ss
405 3265 581 3348 ipsos
625 3263 692 3326 in
744 3261 1048 3345 depositis
1096 3259 1540 3326 consumendis
1589 3260 2014 3338 continerent,
2054 3278 2257 3346 neque
2296 3261 2433 3328 ullo
2466 3284 2689 3328 monu-

293 3376 508 3434 mento
559 3367 1021 3453 ponderendam
1070 3387 1203 3432 esse
1248 3370 1554 3452 pietatem
1608 3388 1828 3432 eorum
1875 3387 2025 3455 erga
2069 3367 2217 3432 (1808
2252 3367 2692 3436 immortales?

293 3473 525 3541 Vereor
567 3496 645 3540 88
685 3473 1118 3539 Kirchhovius
1158 3477 1437 3559 iniquior
1474 3474 1671 3540 fuerit
1710 3475 2015 3540 adversus
2057 3475 2509 3554 Athenienses,
2551 3478 2691 3549 τοὺς

295 3583 574 3661 εὐσεβεῖς
627 3579 772 3646 11108
793 3628 809 3657 ,
861 3583 972 3666 (181
1017 3580 1226 3645 multo
1276 3583 1534 3665 pronius
1572 3601 1677 3646 eos
1714 3583 1781 3644 in
1820 3581 2079 3646 deorum
2106 3583 2407 3665 pecunias
2430 3584 2690 3649 irruisse

297 3688 544 3763 credat,
598 3706 789 3770 quam
841 3689 1010 3771 ipsos
1049 3687 1174 3750 sibi
1213 3687 1593 3771 imposuisse
1632 3687 1875 3750 tributa
1915 3691 2027 3751 aut
2046 3685 2148 3751 vel
2174 3695 2521 3754 reservatas
2546 3710 2693 3755 suas

297 3795 595 3878 pecunias
642 3793 1109 3877 consumpsisse
1159 3791 1226 3877 (1.
1280 3814 1332 3857 0.
1382 3813 1444 3877 p.
1498 3793 1623 3876 27,
1675 3790 1811 3878 46).

321 3913 342 3936 ⁸
385 3898 786 3984 Explicatius
847 3919 1017 3962 nunc
1081 3897 1158 3963 de
1205 3900 1570 3982 quaestione
1610 3897 1761 3976 illa,
1812 3918 2002 3983 quam
2056 3919 2245 3984 supra
2290 3902 2422 3966 iam
2473 3903 2689 3988 attigi-

301 4026 483 4084 mus,
541 4003 884 4070 dicendum
934 4011 1061 4088 est,
1122 4025 1274 4069 num
1329 4025 1443 4090 pro
1487 4007 1570 4070 iis
1621 4025 1870 4090 quoque
1916 4007 2201 4091 pecuniis
2249 4008 2477 4084 sacris,
2532 4001 2691 4094 quae

300 4111 360 4175 in
413 4111 878 4177 aedificationes
923 4110 1476 4196 impenderentur,
1520 4111 1898 4176 deberentur
1936 4132 2186 4178 usurae.
2234 4115 2326 4180 Ac
2363 4115 2527 4180 mihi
2552 4115 2693 4199 qui-

305 4217 446 4282 dem
497 4219 829 4294 videntur,
858 4233 1162 4302 —·quae‚
1209 4222 1280 4282 81
1321 4216 1635 4292 vidimus,
1682 4216 2064 4283 Kirchhovii
2105 4239 2355 4306 quoque
2378 4222 2693 4286 sententia

306 4328 434 4408 881,
465 4362 544 4373 -
585 4344 709 4390 808
775 4325 970 4389 fuisse
1034 4323 1318 4408 debitae,
1382 4345 1770 4410 quamquam
1822 4324 1903 4406 (18
1946 4346 2045 4403 18,
2098 4335 2171 4391 81
2219 4329 2349 4392 1818
2399 4327 2691 4393 animad-

309 4431 508 4506 verti,
569 4437 848 4496 statuere
917 4430 1080 4496 nihil
1147 4429 1335 4509 licet,
1399 4429 1566 4518 quod
1632 4433 1787 4496 satis
1852 4403 2109 4498 certum¹
2158 4434 2259 4497 sit.
2355 4415 2689 4522 Logistaffi
