3150 5000
1073 327 1348 380 πωπω
1390 326 1728 381 sosarnus.
2459 306 2591 377 381

243 495 636 573 πεπραγμένα
696 496 843 573 μετ’
905 498 1125 577 άρετῆς
1191 495 1445 577 ἀνδράσι
1508 494 2013 576 πρεπωδεςάτης.
2086 495 2412 561 Emendat
2467 520 2598 559 πε-

241 598 652 678 φρόντιςαι
719 618 782 667 et
844 603 1452 684 φροντισθέντα.
1527 602 1702 668 Hine
1766 604 2065 669 continuo
2122 604 2442 687 sequitur:
2491 605 2599 665 τοῦ

239 730 299 769 τε
356 708 474 786 γὰρ
543 708 697 773 θείου
758 718 834 789 τῇ
899 708 1144 787 άξιώσει
1200 708 1630 785 πεπιςευμένα
1681 708 2063 787 βεβοήθηται
2115 708 2225 787 ὑφ’
2278 708 2444 786 ἡμῶν
2492 708 2595 771 καὶ

236 816 327 875 τοῦ
369 812 548 889 νόμον
595 824 672 893 τῇ
720 814 1004 895 άκροάσει
1055 815 1572 897 πεφροντισμένα.

311 981 517 1065 Antiq.
575 979 675 1049 17.
726 980 788 1046 6.
840 981 914 1047 3:
977 980 1398 1054 ἐκκλησιάσας
1449 984 1534 1054 εἱς
1581 983 1649 1046 τὸ
1700 982 1898 1047 αὐτὸ
1946 982 2226 1063 θέατρον,
2272 981 2452 1071 lege:
2514 984 2599 1054 εἷς

231 1086 290 1148 τὸ
333 1088 935 1172 ἀμφιθέατρον,
998 1110 1151 1153 nam
1212 1090 1332 1154 hoc
1381 1108 1615 1154 nomen
1662 1094 1930 1173 usurpat
1977 1091 2175 1154 etiam
2222 1091 2441 1175 Antiq.
2492 1088 2599 1157 17.

233 1188 288 1256 8.
330 1191 391 1256 2.
464 1193 710 1261 Deinde
769 1194 1054 1260 medicus
1115 1197 1201 1259 sit
1259 1200 1504 1280 oportet
1553 1196 1664 1279 qui
1710 1193 1897 1278 plane
1947 1193 2273 1282 intellig-at
2320 1194 2599 1281 descrip-

227 1300 447 1364 tionem
509 1302 880 1387 gravissimi
944 1301 1151 1365 morbi
1197 1321 1321 1385 quo
1369 1298 1654 1365 Herodes
1701 1301 1927 1385 periit,
1979 1302 2195 1385 Antiq.
2254 1298 2355 1365 17.
2407 1299 2470 1367 6.
2522 1298 2597 1379 5,

228 1406 322 1469 sed
365 1407 484 1471 hoo
531 1413 745 1471 tamen
792 1406 976 1472 video
1015 1426 1126 1491 pro
1169 1407 1462 1482 ἐπιθυμία
1508 1406 1568 1470 δὲ
1609 1405 1767 1480 δεινὴ
1810 1410 1915 1469 τοῦ
1960 1404 2356 1480 δέξασθαί
2394 1431 2452 1470 τι
2480 1404 2596 1470 ἀπ’

227 1514 438 1595 αὐτοῦ,
483 1513 916 1597 reponendum
965 1534 1098 1578 esse
1143 1510 1339 1589 ὀδάξ
1353 1514 1622 1577 ασθαι.
1676 1511 1837 1577 Vide
1884 1512 2075 1577 modo
2122 1511 2199 1577 de
2240 1513 2462 1577 eadem
2502 1534 2597 1579 re:

228 1621 564 1696 κνησμὸς
613 1617 670 1684 δ’
719 1619 1027 1701 ἀφόρητος
1074 1627 1185 1690 τῆς
1235 1620 1607 1699 ἐπιφανείας
1658 1614 1839 1695 ὅλης,
1889 1616 2051 1683 Bell.
2092 1618 2243 1683 Jud.
2293 1621 2350 1683 l.
2396 1616 2503 1683 33.
2535 1616 2597 1682 5.

307 1800 635 1866 Minutum
695 1807 794 1866 est
855 1802 1072 1887 Antiq.
1128 1800 1228 1869 17.
1286 1800 1386 1866 10.
1442 1800 1561 1867 1οτ
1626 1800 1891 1872 πολλοὺς
1958 1804 2277 1883 ἀφῆκεν
2327 1801 2599 1867 scribere

224 1925 328 1989 pro
371 1908 588 1980 διῆκεν.
660 1904 784 1973 Sed
830 1907 985 1993 quid
1033 1914 1127 1972 est
1174 1907 1340 1994 quod
1389 1908 1625 1973 dicitur
1670 1906 1739 1972 in
1786 1908 2111 1974 invectiva
2156 1910 2223 1972 in
2270 1907 2597 1974 Herodem

225 2015 426 2098 Antiq.
481 2012 585 2079 17.
641 2017 743 2079 11.
791 2012 869 2092 2,
919 2015 995 2080 de
1042 2016 1241 2102 regiis
1292 2016 1641 2099 ministris,
1689 2005 1743 2078 οἳ
1789 2014 1891 2078 ἐπ’
1914 2011 2205 2093 ἐκπράξει
2244 2021 2363 2077 τῶν
2397 2014 2597 2096 φόρων

223 2116 562 2194 ἅξιοῒενῗ
610 2116 775 2189 Sunt
821 2122 888 2185 in
935 2140 1009 2185 ea
1053 2125 1229 2206 parte
1279 2118 1404 2187 alia
1449 2141 1645 2206 quam
1691 2119 1973 2205 plurima
2020 2120 2181 2184 mihi
2223 2122 2447 2205 utique
2488 2139 2597 2205 pa-

221 2245 354 2289 rum
399 2225 724 2292 intellecta
770 2228 1144 2312 saepiusque
1189 2247 1385 2313 quam
1430 2225 1666 2293 vellem
1716 2229 1782 2290 in
1841 2227 1944 2291 his
1990 2225 2172 2291 libris
2218 2246 2409 2314 cogor
2454 2246 2593 2291 ma-

225 2351 366 2395 num
427 2333 777 2409 continere,
845 2353 1046 2417 quum
1109 2335 1177 2397 in
1239 2332 1448 2398 densis
1511 2332 1787 2397 tenebris
1850 2331 2014 2397 nihil
2065 2331 2433 2417 dispiciam;
2484 2331 2593 2397 sed

225 2443 354 2504 ante
396 2438 586 2524 pedes
630 2439 835 2523 posita
881 2445 978 2504 est
1023 2441 1358 2505 correctio:
1422 2430 1477 2504 οἳ
1538 2438 1639 2504 ἐπὶ
1691 2435 1981 2519 ἐκπράξει
2032 2444 2149 2503 τῶν
2194 2438 2393 2518 φόρων
2442 2436 2592 2514 3551-

223 2566 314 2608 οιε
331 2569 380 2609 ν.
452 2544 651 2610 Plane
712 2545 1101 2611 contrarium
1163 2547 1401 2610 vitium
1465 2554 1562 2611 est
1608 2547 1827 2630 Antiq.
1880 2543 1984 2611 19.
2040 2547 2096 2608 1.
2148 2543 2270 2623 16,
2316 2546 2430 2610 ubi
2471 2541 2593 2611 Oa·

226 2647 450 2737 ligulae
512 2651 734 2717 caedes
793 2650 1022 2716 multis
1084 2671 1232 2716 cum
1293 2651 1677 2739 ambagibus
1738 2649 1849 2716 sed
1895 2648 2191 2736 perplexe
2239 2649 2585 2716 admodum

228 2753 596 2845 depingitur.
668 2756 730 2822 Ν
733 2759 987 2822 unciato
1047 2758 1264 2824 vivere
1325 2759 1677 2844 principem
1697 2806 1715 2841 ,
1778 2755 2021 2823 nobiles
2068 2758 2181 2842 qui
2226 2757 2296 2821 in
2344 2756 2589 2821 theatro

227 2865 545 2942 sedebant,
609 2884 736 2929 non
795 2867 936 2930 ausi
999 2869 1148 2929 sunt
1191 2885 1488 2952 surgere:
1538 2868 1603 2930 οὐ
1652 2865 1779 2946 γὰρ
1828 2866 1949 2944 ἀφ’
1998 2859 2065 2938 ἦς
2113 2863 2409 2942 ἐξίοιεν
2455 2862 2591 2927 δια-

227 2971 402 3047 νοίας,
465 2971 834 3049 γενήσεσθαι
898 2971 1032 3050 περὶ
1093 2972 1317 3044 αὐτοὺς
1379 2973 1489 3043 την
1554 2971 1780 3054 κρίσιν,
1848 2970 1999 3035 ἀλλ’
2046 2971 2169 3050 άφ“
2215 2955 2277 3046 ἧς
2329 2967 2591 3050 εἲκάζειν

226 3077 524 3153 θελήσειαν
573 3073 635 3142 οἷ’
671 3101 740 3142 τε
787 3077 1328 3158 κατηγορήσαντες
1376 3077 1482 3141 καὶ
1531 3077 1582 3141 οἱ
1632 3073 2002 3156 δικάζοντες.
2053 3074 2183 3143 Hic
2229 3081 2445 3142 eontra
2490 3078 2591 3140 in-

223 3182 466 3272 telligo:
515 3181 850 3260 ἀξιοῖεν.
921 3182 1148 3249 Altera
1197 3185 1500 3250 eorrectio
1548 3182 1818 3249 alteram
1867 3180 2100 3248 firmat.

299 3365 666 3452 Inspicienti
717 3365 962 3450 patebit
1017 3366 1522 3432 coniunctionem
1568 3365 1878 3431 excidisse
1926 3367 2141 3448 Antiq.
2200 3363 2304 3431 17.
2359 3363 2457 3429 13.
2511 3364 2590 3430 2:

225 3471 472 3556 γράφειν
533 3472 647 3550 μὲν
709 3472 890 3557 (γὰρ)
952 3471 1280 3555 Ἀρχελάῳ
1333 3471 1622 3536 ταπεινὸν
1673 3473 1945 3548 ἡγεῖται.
2020 3469 2144 3535 Sed
2189 3472 2447 3557 gravior
2496 3475 2591 3537 est

227 3577 460 3644 offensio
497 3581 712 3663 Antiq.
757 3575 856 3644 17.
906 3577 1011 3643 13.
1039 3578 1102 3643 4.
1151 3576 1484 3666 Glaphyra
1529 3575 1666 3644 filia
1716 3575 2164 3663 Cappadocum
2205 3579 2376 3665 regis
2413 3577 2589 3643 dein-

225 3703 349 3770 ceps
392 3688 612 3771 nupsit
661 3682 1018 3750 Alexandro
1063 3684 1477 3750 Mariammes
1525 3683 1657 3750 filio
1678 3731 1693 3762 ‚
1741 3685 1883 3771 regi
1928 3682 2123 3750 Iubae
2170 3686 2254 3762 τῷ·
2302 3697 2586 3758 πολυμα-

227 3790 302 3856 Oe?
339 3798 402 3858 et
449 3789 759 3857 Archelao
805 3788 1238 3875 Ethnarchae‚
1287 3790 1631 3856 Alexandri
1679 3790 1897 3872 fratri,
1956 3788 2281 3864 ἀπώμοτον
2326 3787 2387 3853 ὃν
2441 3787 2589 3853 ’Iov-

224 3893 388 3970 δαΐοις
434 3896 733 3975 γαμετὰς
782 3896 1072 3976 άδελφῶν
1111 3894 1416 3975 ἄγεσθαι,
1461 3903 1536 3962 ut
1575 3903 1673 3962 est
1707 3897 1925 3980 Antiq.
1966 3895 2068 3961 17.
2112 3894 2213 3960 13.
2248 3898 2305 3960 l.
2356 3893 2589 3962 Paucis

226 4000 426 4070 diebus
487 4011 633 4070 ante
690 4008 962 4070 mortem
1027 4001 1396 4090 Glaphyrae
1453 4006 1522 4068 in
1586 4004 1834 4068 somnio
1896 4003 2189 4086 apparuit
2245 4000 2591 4068 Alexandri

227 4108 436 4198 imago.
486 4109 698 4193 Tune,
748 4111 988 4194 inquit,
1038 4112 1400 4174 sustinuisti
1449 4109 1828 4174 συντίθεσθαι
1878 4108 2020 4187 πρὸς
2060 4105 2441 4188 Ἀρχέλαον,
2483 4106 2589 4172 άν-

228 4209 321 4290 δρα
375 4217 485 4292 μὲν
532 4223 798 4291 σεαυτῆς
822 4266 840 4294 ,
890 4216 1166 4298 άδελφὸν
1213 4215 1274 4282 δὲ
1325 4215 1631 4298 ἡμέτερον.
1706 4213 1873 4290 Quid
1930 4213 2048 4280 hoo
2096 4219 2191 4280 est
2235 4212 2427 4294 ἄνδρα
2473 4215 2587 4293 μὲν
2712 4250 2715 4253 -

235 4319 512 4395 esaum-fic?
581 4320 706 4388 Sed
754 4343 902 4390 vere
947 4328 1013 4388 et
1058 4323 1504 4389 convenienter
1549 4320 1935 4387 Archelaum
1960 4317 2330 4408 Glaphyrae
2353 4320 2587 4403 δαέρα

236 4425 553 4510 appellarat
598 4429 1287 4514 (ΛΝΔΡΑ-ΔΑΕΡΑ).
