3150 5000
571 297 704 365 300
1637 319 1879 370 mosao.

571 483 750 547 hibet
807 485 978 548 enim
1036 483 1239 551 levior
1299 484 1416 552 illa
1472 488 1768 552 iunctura
1830 509 1941 573 que
2003 489 2439 572 (numerumque
2508 505 2621 572 pro
2693 489 2930 569 „postes

567 597 784 655 autem
850 592 1249 677 numerum”)
1272 640 1287 671 ,
1337 613 1496 679 quae
1541 599 1759 660 contra
1806 596 2140 679 aptissima
2188 598 2320 676 est,
2370 595 2425 658 si
2471 592 2591 657 hoc
2638 593 2925 677 exiguum

568 695 934 762 membrum
1003 698 1302 764 adhaeret
1369 702 1798 784 superioribus
1818 747 1835 778 ,
1899 700 2125 766 deinde
2186 723 2360 785 quam
2424 719 2571 764 cum
2635 696 2929 782 plerisque

569 801 954 868 editionibus
991 806 1332 870 omittitur.
1363 842 1445 855 —
1472 803 1689 872 Unum
1731 806 1894 872 addo
1912 852 1928 883 ,
1968 805 2313 893 legendum
2350 804 2557 871 videri
2594 802 2930 882 Rammium,

566 927 689 972 non
738 909 1237 986 Rhamnensium3
1287 911 1519 976 diserte
1560 913 1733 976 enim
1777 912 1861 976 du
1903 911 2070 976 Rieu
2096 917 2367 976 testatur
2388 910 2654 975 alteram
2682 928 2925 974 manum

567 1016 906 1080 correxisse
955 1017 1289 1079 Rhamnum
1337 1017 1514 1100 (sic),
1562 1016 1965 1082 Detlefsenus
2004 1016 2157 1100 quid
2199 1018 2515 1080 invenerit
2552 1035 2677 1080 non
2718 1013 2929 1078 diserte
3063 1017 3064 1060 ἒ

566 1119 756 1184 refert
817 1120 1122 1186 Halmius
1144 1172 1159 1197 ,
1224 1122 1440 1187 Maius
1504 1120 1773 1188 alteram
1846 1142 2109 1186 manum
2175 1123 2518 1186 correxisse
2586 1118 2927 1182 Rhamnium

565 1224 745 1290 dicit.
807 1225 1070 1292 Brevior
1106 1228 1312 1292 forma
1351 1233 1446 1292 est
1489 1227 1657 1312 apud
1697 1227 2042 1293 Varronem
2082 1226 2465 1310 aliquotiens
2485 1271 2501 1301 ,
2546 1227 2744 1308 item,
2782 1222 2929 1308 quod

564 1332 774 1394 maius
835 1338 1234 1410 momentum
1296 1333 1521 1409 habet,
1589 1334 1756 1418 apud
1824 1339 2076 1419 poetas,
2136 1335 2245 1416 qui
2312 1329 2623 1399 vocabulo
2663 1333 2767 1394 usi
2796 1333 2927 1394 sunt

569 1434 780 1520 (Prop.
821 1435 937 1502 IV.
969 1437 1023 1502 1.
1057 1439 1134 1502 31
1163 1485 1179 1512 ,
1230 1437 1386 1502 Hor.
1417 1437 1546 1503 ΑΡ.
1575 1437 1707 1502 342
1730 1487 1745 1516 ,
1793 1438 1911 1504 Ov.
1938 1439 2006 1504 F.
2036 1438 2145 1504 ΙΙΙ.
2178 1436 2358 1520 131).
2410 1435 2608 1502 Varro
2632 1435 2737 1520 (L.
2761 1434 2830 1498 L.
2854 1432 2928 1497 V.

569 1541 690 1625 55,
754 1540 876 1619 89,
941 1542 1055 1628 91)
1114 1547 1488 1631 genetivum
1553 1546 1747 1610 habet
1808 1549 1872 1610 in
1932 1547 2055 1608 ium
2101 1551 2165 1610 et
2212 1547 2346 1610 sine
2392 1544 2817 1628 adspiratione
2859 1539 2927 1606 R.

563 1647 632 1712 H
691 1647 948 1714 videtur
1007 1670 1046 1714 a
1089 1649 1365 1715 librariis
1411 1653 1947 1738 graecissantibus
1994 1651 2231 1718 addita.
2303 1650 2464 1718 'I'am
2520 1651 2708 1714 Tities
2754 1668 2925 1733 quam

568 1753 861 1818 mie-uses
904 1763 1236 1841 poetarum
1281 1755 1439 1823 locis
1485 1763 1726 1821 tutum.

659 1964 766 2030 43.
841 1970 910 2048 n(
921 1966 1115 2054 Regia
1175 1968 1380 2034 forma
1432 1969 1741 2055 civitatis)
1790 1972 1980 2034 unius
2030 1972 2187 2035 vitio
2236 1970 2649 2055 praecipitata
2695 1969 2761 2032 in
2807 1986 2925 2051 per-

564 2074 1055 2138 niciosissimam
1093 2085 1328 2158 partem
1376 2074 1685 2140 facillime
1733 2075 2018 2140 decidit”.

654 2179 1064 2267 Legendum:
1134 2183 1242 2258 „in
1295 2183 1899 2266 perniciosissimam
1958 2166 2235 2264 pestem'’.
2326 2179 2490 2244 Utor
2542 2179 2927 2244 annotatione

565 2283 867 2350 Muelleri
931 2285 1008 2350 ad
1074 2286 1160 2349 44
1230 2287 1610 2368 (prospera):
1680 2305 1761 2364 „n
1822 2308 1932 2371 pro
1996 2309 2037 2352 A
2093 2290 2402 2371 scriptum
2455 2289 2521 2351 in
2570 2285 2707 2350 cod.
2756 2284 2803 2347 Ι.
2852 2282 2923 2346 16

562 2390 955 2473 hermoniam,
1017 2389 1068 2455 I.
1131 2391 1220 2454 24
1281 2392 1609 2469 deice-erut,
1674 2391 1723 2456 I.
1791 2392 1875 2457 67
1926 2395 2219 2469 evadunt,
2269 2391 2315 2456 Ι.
2368 2391 2455 2455 68
2506 2397 2775 2479 repitent,
2824 2387 2923 2452 ΙΙΙ.

568 2496 652 2561 14
711 2498 1045 2581 nominent,
1103 2520 1142 2563 Δ
1207 2520 1319 2583 pro
1379 2518 1420 2564 n
1482 2502 1735 2583 saepius
1796 2498 2055 2563 etiam”.
2137 2497 2340 2564 Paulo
2400 2508 2548 2564 ante
2611 2518 2733 2563 non
2787 2506 2926 2582 puto

561 2623 822 2680 sanum;
877 2608 1214 2689 „quamvis
1234 2642 1344 2688 ‚-
1393 2606 1478 2669 sit
1528 2604 1783 2687 aliquod
1827 2608 2020 2669 etiam
2063 2604 2283 2688 populi
2323 2608 2459 2685 ius,
2506 2612 2579 2668 ut
2618 2604 2741 2668 fuit
2782 2601 2929 2684 apud
3063 2690 3064 2693 Ἴ

559 2716 786 2772 nostros
847 2733 1041 2790 reyes,
1104 2717 1316 2774 tamen
1380 2710 1542 2775 illud
1614 2710 1872 2775 excellit
1919 2712 2169 2796 regium
2218 2710 2508 2776 nomeu”.
2578 2710 2721 2775 Non
2767 2710 2924 2773 enim

560 2816 898 2880 dicendum
948 2824 1083 2881 erat
1131 2818 1366 2880 iudicio
1406 2823 1469 2881 et
1511 2836 1807 2881 concessu
1850 2838 2073 2903 regum
2120 2818 2336 2901 (apud)
2360 2817 2603 2901 aliquid
2632 2814 2923 2901 populum

559 2925 872 3005 potuisse,
936 2922 1042 2987 sed
1107 2944 1330 3009 regum
1396 2924 1657 2987 omnino
1720 2930 1891 2987 aetas
1955 2921 2390 3011 significatum
2440 2923 2797 2989 emendatio
2834 2921 2925 2983 in-

560 3036 730 3092 certa
782 3028 1020 3113 („apud
1067 3041 1313 3094 nostros
1357 3028 1650 3092 maiores”
1704 3040 1815 3094 aut
1858 3036 2115 3111 patres).
2165 3032 2299 3097 Nec
2336 3038 2506 3095 recte
2547 3030 2717 3096 dicta
2754 3033 2921 3091 sunt:

566 3152 752 3209 „nam
805 3136 1011 3217 ipsum
1066 3133 1278 3220 regale
1324 3154 1526 3220 genus
1573 3136 1856 3199 civitatis
1902 3156 2025 3200 non
2072 3135 2264 3202 modo
2311 3157 2433 3200 non
2480 3144 2575 3201 est
2616 3135 2925 3221 repreben-

563 3237 838 3302 dendum
867 3288 881 3311 .
925 3240 1033 3303 sed
1081 3240 1250 3304 baud
1299 3243 1430 3305 scio
1479 3262 1557 3304 an
1598 3238 1861 3325 reliquis
1895 3239 2299 3325 simplicibus
2338 3241 2529 3329 longe
2568 3250 2924 3325 anteponen-

561 3344 746 3419 dum,
809 3344 866 3406 ei
928 3346 1115 3407 ullwm
1165 3350 1478 3429 probarem
1537 3346 1788 3427 simplex
1835 3352 1925 3410 rei
1960 3348 2237 3429 publicae
2275 3348 2519 3431 yenuc''.
2591 3348 2723 3413 Aut
2769 3348 2921 3411 euim

561 3449 938 3515 dicendum:
991 3450 1204 3527 „baud
1253 3453 1380 3516 scio
1427 3472 1506 3515 an
1552 3458 2000 3533 anteponerem,
2054 3456 2107 3517 si
2156 3452 2367 3518 ullum
2416 3452 2785 3538 probarem''
2826 3456 2925 3517 aut

565 3556 1104 3643 „anteponendem
1163 3559 1217 3621 si
1277 3556 1485 3621 ullum
1535 3557 1959 3640 probandum’'.
2048 3558 2183 3625 Nec
2232 3566 2442 3624 tamen
2490 3559 2729 3643 haben,
2776 3558 2925 3644 quod

559 3663 746 3749 plane
793 3664 1160 3729 satisfaciat.

650 3874 755 3939 42.
833 3875 998 3953 „Sed
1066 3875 1231 3960 quod
1295 3876 1619 3960 proprium
1682 3881 1765 3939 cit
1816 3879 1883 3941 in
1933 3882 2145 3942 nostra
2192 3876 2553 3961 republica,
2606 3900 2733 3963 quo
2778 3874 2928 3944 nibil
3063 3886 3064 3899 ¹

557 3983 756 4066 possit
803 4001 935 4045 esse
981 3980 1394 4065 praeclarius,
1443 3981 1509 4045 id
1558 4001 1921 4066 persequar,
1970 3984 2026 4047 si
2072 3990 2290 4067 potero
2316 4029 2332 4059 ,
2380 3982 2733 4049 subtilius”.

650 4102 768 4151 Bs‘r
815 4083 1152 4170 aliquoties
1195 4092 1339 4170 post
1382 4086 1629 4152 vocales
1676 4095 2037 4153 truncatum
2086 4090 2153 4152 in
2201 4105 2277 4154 ΒΤ
2311 4090 2639 4154 invenitur
2672 4092 2741 4155 in
2780 4088 2929 4154 libro

559 4191 832 4257 secundo
895 4200 960 4255 et
1019 4194 1424 4276 sequentibus
1486 4191 1564 4256 11.
1637 4192 1744 4270 37,
1812 4194 1937 4271 50,
1995 4194 2115 4271 53,
2169 4195 2291 4269 54,
2345 4194 2429 4259 59
2456 4197 2588 4272 bis,
2641 4194 2765 4275 60,
2816 4196 2927 4278 61,
3063 4246 3064 4253 ,

563 4296 682 4371 63,
737 4295 861 4374 66,
903 4296 1016 4360 ΙΙΙ.
1071 4296 1188 4376 12,
1243 4298 1347 4381 17,
1396 4298 1520 4376 41,
1568 4298 1641 4363 V.
1697 4300 1761 4374 ’7,
1813 4300 1891 4365 cf.
1942 4300 2028 4364 du
2074 4300 2237 4365 Rieu
2286 4301 2366 4368 ad
2412 4300 2495 4365 11.
2546 4303 2669 4379 54,
2716 4322 2779 4387 p.
2828 4300 2927 4365 4¹7.
3063 4342 3064 4423 ἐ

559 4402 782 4469 Primo
842 4401 1006 4468 libro
1067 4402 1250 4488 plene
1311 4421 1428 4469 κεί·
1491 4407 1791 4471 scribitur
1851 4414 2293 4491 praeterquam
2364 4406 2489 4487 53,
2562 4408 2676 4473 ubi
2744 4405 2925 4471 alters
