3150 5000
1093 312 1368 361 snmus
1411 310 1751 361 sosarnus,
2486 292 2616 361 338

251 472 323 550 τῷ
381 473 642 552 ἑαυτῆς,
708 475 1118 543 διακονεῖσθαί
1177 502 1248 543 τε
1312 477 1417 560 ἐφ’
1465 470 1550 549 οἷς
1608 474 2123 556 προσεκαλούμην
2166 476 2276 541 οὐκ
2322 474 2611 549 ἐνέλιπες.

251 576 358 643 Sed
415 579 725 647 scribam:
790 579 835 648 ἶί
851 608 964 661 μα
1026 607 1151 663 μοι.
1225 582 1528 651 Ceterum
1594 581 1762 668 quod
1808 580 1888 647 ad
1934 585 2139 667 ipsam
2187 580 2474 649 fabulam
2522 590 2619 651 at·

249 685 422 764 tinet,
466 707 592 753 non
635 687 950 756 dissimile
995 696 1091 757 est
1139 691 1309 778 quod
1355 690 1595 777 legitur
1640 690 1711 755 in
1748 687 2088 755 Aeschinis
2126 708 2287 773 quae
2326 690 2617 757 feruntur

249 791 524 963 eplistulis
582 814 892 881 saepeque
905 844 924 881 ,
989 798 1212 884 opinor
1233 845 1254 875 ,
1322 794 1589 862 delubra
1640 801 1778 863 tam
1825 793 2261 861 fraudulentos
2306 802 2621 863 amatores

247 915 306 963 ee
330 902 536 965 arunt.

321 1108 540 1197 Antiq.
593 1110 698 1178 18.
750 1112 811 1177 4.
866 1116 896 1178 l
922 1163 941 1198 ,
1007 1115 1352 1201 supplebo:
1416 1114 1564 1196 ἀνὴρ
1624 1114 1687 1179 ἐν
1746 1112 1937 1195 ὀλίγῳ
1984 1112 2204 1200 (λόγῳ)
2264 1115 2334 1179 τὸ
2396 1114 2617 1193 ψεῦδος

241 1216 555 1295 τιθέμενος.
625 1218 847 1306 Antiq.
905 1218 1009 1286 18.
1060 1220 1123 1286 4.
1176 1218 1253 1306 3,
1320 1223 1519 1287 miror
1581 1220 1709 1286 dici
1770 1219 1857 1283 τοὶ
1920 1217 2071 1293 τέλη
2118 1226 2236 1285 τῶν
2283 1220 2616 1301 ὠνουμέ-

239 1346 366 1388 νων
410 1330 692 1404 καρπῶν,
738 1346 864 1392 non
911 1326 1494 1405 πωλουμένων,
1561 1325 1671 1394 sed
1718 1327 1931 1414 magis
1978 1346 2082 1391 me
2128 1325 2407 1392 advertit
2450 1326 2619 1413 quod

239 1436 368 1514 post
411 1434 724 1519 exiguum
771 1433 1183 1500 intervallum
1239 1437 1550 1519 sequitur.
1609 1432 1873 1499 Vestem
1922 1430 2377 1499 sacerdotalem
2423 1452 2619 1499 asser-

239 1536 419 1603 vabat
479 1535 766 1604 Herodes
825 1540 892 1603 in
942 1539 1104 1607 turri
1153 1540 1452 1606 Antonia.
1529 1549 1584 1604 Δ
1608 1540 1787 1615 ῆθεν
1834 1536 1909 1603 δὲ
1956 1535 2260 1616 ἔπρασσεν
2307 1534 2485 1615 ὅμοια
2532 1540 2615 1620 τῷ

240 1642 450 1724 Ἡρώδη
472 1693 488 1721 ,
557 1646 669 1729 qui
728 1648 896 1731 patri
958 1650 1263 1713 successit
1327 1644 1504 1712 filius
1567 1644 1940 1712 Archelaus.
2014 1642 2180 1710 Cum
2236 1643 2403 1710 illud
2445 1644 2617 1720 δῆθεν

237 1750 570 1815 absurdum
633 1753 755 1835 sit,
821 1753 888 1816 in
948 1752 1094 1818 aliis
1160 1752 1485 1818 codicibus
1546 1751 1797 1818 librarii
1843 1757 2193 1838 utcumque
2238 1757 2617 1837 potuerunt,

237 1852 436 1921 locum
507 1876 831 1923 correxere
893 1877 1123 1944 eosque
1184 1857 1516 1923 Bekkerus
1582 1863 1837 1923 secutus
1896 1864 2022 1934 est;
2093 1857 2202 1923 sed
2257 1856 2456 1935 latet,
2518 1861 2619 1923 uti

237 1964 529 2041 arbitror,
581 1964 964 2030 Ἐνθένδε.
1028 1964 1272 2031 Deinde
1321 1965 1474 2050 quid
1523 1965 1766 2031 factum
1814 1966 1901 2031 sit
1944 1984 2144 2049 usque
2189 1962 2269 2029 ad
2317 1984 2615 2050 procura-

239 2072 430 2135 torem
494 2068 836 2135 Vitellium
894 2076 1188 2137 narratur
1247 2071 1349 2136 his
1412 2070 1655 2136 verbis:
1713 2070 1881 2135 ἑπτα
1929 2069 1993 2134 δὲ
2042 2068 2295 2151 ἡμέραις
2344 2070 2456 2150 πρὸ
2504 2078 2614 2145 τῆς

240 2173 467 2254 ἑορτῆς,
531 2175 852 2241 ἀπεδίδοτο
916 2178 1123 2250 αὐτοῖς
1173 2176 1290 2241 ὑπὸ
1339 2181 1448 2242 τοῦ
1490 2176 1914 2259 φρουράρχου,
1966 2176 2070 2241 καὶ
2120 2176 2617 2259 ἁγνισθείσῃ

239 2280 616 2361 χρησάμενος
666 2282 694 2347 ὃ
744 2284 1063 2366 ἀρχιερεὺς
1127 2282 1294 2361 μετὰ
1355 2282 1509 2361 μίαν
1569 2290 1681 2357 τῆς
1747 2284 1947 2365 ἑορτῆς·
2007 2281 2240 2362 ἡμέραν
2288 2283 2615 2349 ἀπετίθετο

241 2382 390 2461 αὖθις
454 2390 541 2462 είς
606 2390 709 2455 τὸν
774 2384 927 2455 οἶκον
947 2437 965 2468 ,
1023 2385 1172 2471 ᾗπερ
1222 2386 1415 2455 ἔκειτο
1462 2389 1762 2471 πρότερον.
1833 2389 1978 2456 Non
2022 2394 2229 2457 vestes
2275 2390 2444 2476 apud
2490 2388 2612 2457 Ju-

239 2492 442 2575 daeos,
493 2495 604 2562 sed
649 2494 936 2563 Nasiraei
985 2495 1375 2577 ὥγνίζονται,
1423 2496 1593 2582 quod
1640 2498 1839 2563 etiam
1886 2494 2236 2563 Christiani
2280 2501 2515 2563 norunt
2538 2519 2617 2564 ex

240 2598 372 2667 Act.
436 2602 665 2688 Apost.
729 2603 808 2667 21
881 2605 1102 2688 itaque
1162 2601 1358 2688 probo
1407 2601 1786 2681 ὦγνισθεί
1804 2627 1856 2672 ς.
1906 2601 2029 2668 Sed
2082 2609 2369 2668 remanet
2416 2605 2615 2670 etiam

241 2705 399 2773 eliud
460 2711 719 2775 vitium.
793 2707 975 2789 Quod
1020 2709 1305 2775 vidimus
1324 2759 1342 2794 ‚
1402 2710 1515 2775 ubi
1568 2729 1727 2794 opus
1772 2712 1946 2787 erat,
1992 2706 2375 2775 reddebatur
2417 2712 2617 2776 vestis

243 2812 508 2898 pontifici
559 2815 672 2880 ὑπὸ
723 2819 828 2880 τοῦ
872 2813 1258 2898 φρουράρχου
1278 2863 1295 2893 ,
1339 2817 1445 2881 cui
1481 2817 1675 2880 turris
1700 2835 1851 2882 cura
1874 2815 2216 2881 commissa
2239 2819 2374 2880 erat
2396 2835 2618 2901 quem-

244 2941 350 3006 que
389 2920 756 2987 Romanum
805 2921 1000 2986 fiiisse
1048 2925 1332 3008 apparet.
1381 2920 1684 2987 Ceterum
1725 2919 2165 2987 asservabatur
2201 2920 2260 2984 ἐν
2288 2919 2425 3000 οἴκῳ
2448 2920 2614 2987 λίθου

243 3025 654 3104 οἰκοδομηθέντι
723 3027 838 3092 ὑπὸ
902 3027 1204 3109 σφραγῖδι
1271 3029 1390 3092 τῶν
1447 3050 1519 3092 τε
1568 3026 1766 3106 ἱερέων
1814 3026 1920 3092 καὶ
1966 3032 2084 3091 τῶν
2128 3025 2619 3109 γαζοφυλάκων,

246 3129 708 3200 Accendebatur
768 3140 1096 3221 praeterea
1156 3132 1442 3220 quotidie
1505 3132 1763 3199 lumen:
1814 3137 1919 3197 τοῦ
1971 3133 2497 3216 φρουράρχου
2545 3133 2615 3200 τὸ

246 3237 336 3315 ἐφ’
382 3239 610 3322 ἡμέραν
660 3240 886 3316 {aeds-nv
932 3240 1162 3322 λύχνον
1210 3235 1538 3313 ἅπτοντος.
1615 3239 1890 3307 Dedecet
1945 3240 2064 3306 hoc
2111 3239 2376 3308 Romuli
2421 3263 2616 3328 nepo-

245 3347 357 3434 tes3
399 3368 524 3414 non
568 3346 950 3430 φρούραρχος
1000 3346 1222 3413 lumen
1270 3347 1688 3426 accendebat,
1734 3345 1845 3413 sed
1892 3346 2255 3430 φρουρός.

321 3561 534 3649 Antiq.
590 3561 693 3628 18.
747 3561 810 3628 5.
851 3562 938 3629 3:
990 3561 1152 3635 ἐντὸς
1203 3563 1420 3629 ἑκατὸν
1469 3561 1616 3628 ἐτῶν
1668 3561 1979 3640 ἐξόδου,
2019 3559 2246 3639 συνέβη
2288 3559 2450 3634 πλὴν
2490 3559 2615 3627 ὀλί-

246 3690 350 3742 γων
395 3669 805 3749 διαφθαρῆναι
852 3668 993 3740 τοὺς
1042 3669 1298 3750 Ἡρώδου
1349 3668 1709 3748 ἀπογόνους.
1786 3668 1929 3735 Non
1988 3667 2209 3732 scribit
2263 3666 2612 3752 Josephus,

246 3771 311 3839 de
372 3775 636 3843 Herodis
694 3774 948 3842 familia
1006 3782 1292 3862 tempore
1337 3775 1695 3842 Domitiani
1742 3795 1975 3862 paucos
2023 3793 2157 3838 esse
2204 3775 2577 3858 superstites
2595 3821 2612 3852 ,

245 3879 336 3946 sed
391 3887 644 3948 tantum
703 3901 828 3947 non
893 3901 1112 3948 omnes
1162 3884 1422 3968 periisse
1438 3903 1454 3960 ;
1507 3882 1726 3948 oderat
1772 3883 1944 3946 enim
1994 3877 2355 3967 Agrippam
2404 3881 2613 3945 mino-

243 4005 396 4075 rem,
456 3991 559 4055 cui
619 3987 864 4054 Romae
931 3993 1184 4054 coactus
1249 3985 1629 4054 adulabatur
1648 4037 1667 4070 ,
1735 4006 2123 4072 quamquam
2174 4006 2242 4052 se
2286 3985 2613 4052 interdum

245 4111 348 4158 non
407 4097 722 4179 continet,
784 4093 991 4162 veluti
1055 4093 1276 4180 Antiq.
1348 4093 1447 4160 17.
1516 4092 1581 4158 2.
1632 4092 1697 4160 2.
1770 4092 2011 4159 Verum
2074 4092 2229 4178 quid
2289 4096 2384 4158 est
2444 4089 2615 4166 ἐντὸς

247 4195 442 4266 ἑκατὸν
488 4201 634 4268 ἐτῶν
683 4199 816 4278 ἐξά
835 4197 1008 4268 δουῗ
1077 4200 1302 4268 Nonne
1347 4220 1576 4267 verum
1624 4203 1722 4266 est
1768 4197 1857 4264 δι’
1906 4193 1943 4263 δ’
1952 4211 1992 4263 λ
2011 4195 2133 4264 ov?

323 4411 459 4481 Non
503 4433 662 4501 opus
707 4419 804 4480 est
851 4415 1150 4500 cuiquam
1199 4413 1627 4480 demonstrare
1666 4413 1925 4482 confuse
1965 4412 2239 4482 scribere
2261 4410 2302 4479 J
2304 4412 2612 4500 osephum
