3150 5000
514 187 647 252 434
998 221 1007 236 ·
1186 193 1205 268 g
1484 209 1903 259 Garumnam.

510 372 701 438 modo
761 372 817 436 si
876 373 989 436 illa
1036 393 1109 438 ex
1160 373 1330 438 Sulla
1376 372 1571 458 (XIV.
1625 373 1692 460 9)
1738 381 1803 440 et
1847 397 2032 460 quare
2077 397 2148 439 ex
2193 396 2270 439 ex
2315 397 2436 460 qua
2478 397 2584 438 rex
2625 372 2879 459 (LXVI.

516 476 627 562 11)
672 483 745 544 ut
790 477 913 545 duo
961 484 1211 545 tantum
1260 479 1553 565 exempla
1599 501 1677 546 ex
1722 477 1948 547 multis
1991 481 2329 567 proferam.
2375 559 2382 566 .

1601 661 1706 728 VL
1768 663 1830 728 6.

1048 821 1198 867 nam
1245 806 1310 867 te
1352 821 1478 869 non
1523 801 1747 868 viduas
1789 805 1992 868 iacere
2037 807 2251 868 noctes

1048 909 1431 994 nequiquam
1480 909 1750 974 tacitum
1799 908 2009 974 cubile
2055 907 2290 974 clamat

1050 1017 1235 1080 sertis
1281 1035 1353 1079 ac
1400 1013 1588 1101 Syrio
1634 1015 1920 1102 fragrans
1968 1015 2138 1082 olivo

1054 1120 1480 1206 pulvinusque
1524 1107 1834 1207 peraeque
1879 1127 1942 1187 et
1989 1121 2095 1186 hic
2141 1127 2202 1186 et
2248 1120 2386 1187 illic

606 1225 690 1291 10
1052 1229 1311 1293 attritus
1359 1227 1745 1314 tremulique
1791 1247 2020 1314 quassa
2063 1227 2214 1294 lecti

1053 1335 1375 1421 argutatio
1420 1334 1986 1420 inambulatioque.

510 1441 579 1503 in
637 1441 833 1504 tacito
886 1438 1084 1504 cubili
1131 1440 1477 1526 eodemque
1524 1439 1837 1506 clamante
1885 1439 2268 1526 nequiquam
2317 1439 2712 1507 desudarunt
2759 1439 2890 1506 edi-

510 1557 698 1611 tores.
749 1545 857 1610 sed
904 1546 1119 1610 omnia
1155 1548 1505 1632 corrumpit
1544 1549 1656 1631 qui
1695 1569 2057 1632 nequaquam
2097 1548 2277 1633 legit.
2327 1549 2672 1632 interprete
2715 1546 2890 1612 locus

509 1649 795 1736 indiget,
839 1672 963 1716 non
1009 1653 1441 1729 emendatore;
1492 1654 1675 1717 cuius
1721 1651 1874 1717 haec
1917 1654 2226 1717 sententia
2263 1658 2397 1731 est,
2435 1655 2564 1718 nisi
2599 1659 2700 1719 tot
2725 1656 2892 1721 viros

510 1757 725 1822 doctos
787 1756 1114 1841 latuisset,
1179 1760 1575 1842 apertissima
1626 1795 1709 1806 —
1757 1761 2142 1842 nequiquam
2190 1758 2467 1822 Flavium
2519 1759 2636 1844 (te)
2685 1765 2893 1824 tacere

510 1883 659 1928 cum
706 1884 854 1929 eum
900 1884 1026 1928 non
1064 1865 1292 1930 viduas
1329 1867 1531 1930 iacere
1571 1872 1786 1929 noctes
1827 1864 2037 1929 cubile
2075 1867 2288 1949 ipsum
2332 1863 2658 1958 clamaret.
2698 1885 2892 1954 pergo

510 1970 590 2036 ad
650 1971 973 2036 decimum
1018 1992 1272 2037 versum
1322 1974 1390 2036 in
1438 1992 1561 2056 quo
1609 1971 2024 2055 depravatum
2074 1991 2207 2036 esse
2241 1993 2466 2055 ,quassa
2514 1993 2706 2038 nemo
2757 1970 2895 2037 infi-

508 2080 725 2141 tiatur.
775 2079 1157 2143 sententiam
1205 2076 1685 2162 deprehendisse
1732 2077 1896 2140 mihi
1943 2079 2079 2162 ipse
2125 2075 2378 2154 videor3
2427 2078 2506 2143 de
2552 2079 2750 2144 verbo
2773 2125 2790 2156 ‚
2839 2080 2892 2142 si

504 2191 794 2250 nostrum
839 2205 964 2249 non
1014 2183 1253 2268 placet,
1306 2183 1564 2249 videant
1609 2182 1740 2246 alii.
1794 2190 2062 2248 tremere
2109 2181 2348 2247 lectum
2397 2179 2696 2267 Catullus
2737 2183 2892 2249 dicit

507 2292 702 2354 etiam
774 2295 915 2353 tum
992 2309 1140 2354 cum
1210 2287 1390 2353 nulla
1448 2291 1569 2361 sit,
1634 2307 1796 2370 quae
1859 2288 2116 2373 quidem
2181 2295 2507 2373 cernatur,
2574 2289 2891 2355 tremendi

507 2415 716 2460 causa.
778 2396 993 2480 itaque
1054 2415 1216 2460 vana
1271 2399 1461 2478 atque
1519 2395 1725 2458 inanis
1787 2394 2041 2459 videtur
2101 2414 2234 2459 esse
2296 2396 2618 2481 argutatio
2665 2394 2787 2461 illa
2831 2399 2892 2459 et

508 2500 929 2567 inambulatio
989 2506 1130 2577 aut,
1197 2506 1272 2566 ut
1332 2502 1488 2585 ipsis
1536 2500 1898 2567 litterarum
1948 2500 2238 2587 vestigiis
2286 2503 2616 2580 insistam,
2669 2518 2884 2568 oAssA.

509 2628 667 2692 quae
712 2608 968 2693 quidem
1019 2628 1143 2673 vox
1188 2606 1345 2671 alibi
1392 2627 1640 2692 quoque
1687 2611 2033 2692 usurpatur
2077 2607 2156 2671 de
2203 2626 2275 2672 eo
2324 2608 2428 2672 cui
2474 2610 2565 2672 rei
2613 2628 2687 2673 ac
2728 2610 2890 2675 veri-

508 2714 659 2779 tatis
714 2712 879 2779 nihil
938 2713 1181 2796 subsit,
1241 2711 1423 2778 velut
1483 2712 1652 2796 apud
1717 2710 2082 2778 Ciceronem
2147 2709 2334 2778 Tusc.
2398 2711 2575 2797 Disp.
2641 2713 2706 2778 5.
2763 2714 2887 2779 119

508 2830 719 2885 ‘omne
758 2819 923 2904 quod
968 2820 1305 2885 honestum
1354 2840 1466 2885 nos
1513 2826 1577 2883 et
1623 2818 1944 2884 laudabile
1991 2840 2124 2885 esse
2173 2819 2446 2884 dicimus
2494 2820 2560 2885 id
2607 2819 2712 2885 illi
2759 2844 2886 2885 cas-

442 2964 449 2977 ·
505 2950 630 2990 sum
694 2926 999 3009 quiddam
1057 2932 1123 2991 et
1180 2926 1355 2991 inani
1415 2927 1588 2991 vocis
1649 2945 1800 2990 sono
1863 2926 2226 2991 decoratum
2295 2945 2432 2991 esse
2478 2925 2739 2994 dicunt’.
2789 2927 2886 2993 hic

506 3033 727 3099 lectuli
788 3038 1002 3097 motus
1048 3032 1341 3097 omnibus
1388 3052 1601 3096 cassus
1648 3052 1780 3097 esse
1826 3031 2101 3109 videtur,
2148 3031 2262 3097 illo
2313 3038 2572 3117 excepto
2619 3036 2734 3117 qui
2784 3054 2881 3099 ve·

506 3158 644 3205 ram
694 3141 830 3204 eius
878 3159 1137 3204 causam
1184 3138 1527 3204 intellexit.

1504 3320 1744 3385 XXIX.
1800 3319 1902 3384 15.

866 3478 1093 3544 parum
1143 3460 1500 3544 expatravit
1544 3476 1623 3522 an
1670 3478 1896 3541 parum
1943 3455 2268 3522 helluatus
2315 3453 2452 3522 est?

868 3569 1128 3648 paterna
1174 3566 1380 3649 prima
1424 3562 1742 3629 lancinata
1785 3566 1933 3628 sunt
1981 3563 2174 3638 bona,

870 3670 1141 3735 secunda
1184 3670 1417 3753 praeda
1461 3668 1726 3735 Pontica
1743 3715 1760 3745 ,
1809 3667 1956 3733 inde
2003 3669 2194 3733 tertia

870 3774 1111 3841 Hibera
1157 3795 1349 3860 quam
1396 3777 1518 3839 scit
1562 3776 1769 3840 amnis
1817 3774 2050 3839 aurifer
2095 3772 2348 3860 Tagus:

870 3882 1039 3947 hunc
1084 3880 1281 3969 gallie
1328 3884 1517 3946 timet
1562 3886 1626 3946 et
1671 3880 2006 3945 britannie.

509 3988 1111 4075 depravatissimum
1158 4007 1447 4065 versum,
1499 3991 1572 4052 ut
1621 3991 1715 4051 est
1759 3989 1827 4050 in
1875 3984 2252 4071 Codicibus‚
2295 3987 2616 4072 descripsi.
2658 3988 2727 4053 in
2766 4006 2882 4075 quo

510 4096 665 4162 olim
717 4115 834 4182 ego
882 4095 1090 4178 prima
1137 4094 1326 4159 verba
1373 4093 1463 4158 ita
1509 4093 1922 4159 emendabam
1975 4099 2048 4157 ut
2093 4093 2250 4156 hunc
2295 4115 2376 4158 ex
2417 4095 2635 4161 huicne
2673 4100 2878 4161 ortum

510 4193 643 4269 esse
686 4216 975 4284 putarem
1000 4246 1017 4279 ,
1065 4198 1372 4265 dissoluta
1416 4198 1666 4285 syllaba
1714 4201 1881 4264 sicut
1925 4198 2094 4282 apud
2140 4197 2426 4265 Statium
2473 4202 2540 4265 in
2587 4198 2708 4267 hoc
2753 4204 2881 4287 ipso

511 4305 836 4374 vocabulo.
902 4326 1067 4369 nunc
1126 4324 1277 4371 vero
1337 4326 1483 4369 cum
1547 4304 1760 4367 huicne
1824 4324 1934 4388 pro
1995 4304 2234 4367 huicine
2280 4326 2590 4390 nusquam
2639 4306 2880 4371 dictum
