3150 5000
577 1075 693 1166 IN
722 1077 1497 1168 ANTHOLOGIAM
1528 1079 2164 1172 PALATINAM
2191 1043 2928 1170 COMMENTATIO

1293 1217 1720 1309 CRITIGA
1776 1218 2223 1309 ALTERA.

1617 1459 1900 1510 scaffen·

1288 1657 1373 1724 H.
1424 1656 1602 1725 VAN
1647 1655 2222 1724 HERWERDEN.

1621 1973 1920 2004 *-

656 2236 1081 2322 Posteaquam
1148 2257 1204 2302 a.
1255 2232 1432 2301 1874
1476 2236 1544 2300 in
1591 2234 2045 2321 Mnemosynes
2091 2233 2227 2300 Vol.
2281 2233 2394 2312 112,
2439 2231 2802 2300 302—346
2849 2236 2940 2322 egi

566 2345 644 2410 de
711 2343 939 2408 multis
1008 2341 1432 2429 Anthologiae
1502 2338 1782 2407 Graecae
1849 2341 2005 2406 locis
2076 2340 2487 2406 emendandis
2505 2389 2522 2418 ‚
2592 2341 2939 2425 complures

562 2451 690 2518 viri
752 2449 921 2515 docti
982 2451 1159 2515 vario
1206 2455 1280 2515 ut
1325 2446 1397 2513 fit
1442 2467 1738 2514 successu
1784 2449 1850 2513 in
1900 2447 2121 2514 eodem
2169 2449 2424 2535 negotio
2471 2450 2710 2513 versati
2759 2453 2939 2525 sunt,

562 2556 838 2623 ultimus
878 2555 1013 2621 Lno
1052 2554 1435 2621 Swmmon
1451 2602 1468 2634 ‚
1505 2558 1618 2641 qui
1657 2558 1726 2621 in
1765 2574 1949 2641 opere
1972 2557 2277 2640 inscripto
2305 2555 2686 2619 Meletemata
2717 2556 2936 2619 Graeca

562 2662 716 2749 (vol.
790 2662 845 2738 Ι,
895 2660 1323 2727 ”vindobonae
1395 2660 1594 2747 1886)
1663 2668 1760 2726 tot
1821 2667 2124 2747 tantaque
2172 2659 2347 2725 dedit
2391 2680 2666 2747 mag-nae
2712 2661 2936 2727 doctri-

559 2792 677 2836 nae
724 2776 789 2836 et
833 2788 1008 2833 rarae
1054 2770 1422 2855 sagacitatis
1468 2767 1852 2852 specimina,
1895 2772 1968 2831 ut
2014 2766 2256 2832 nullius
2303 2767 2653 2831 obtrectare
2693 2768 2934 2836 meritis

559 2880 813 2943 visurus
870 2856 1022 2949 sim,
1067 2876 1122 2939 si
1160 2874 1377 2940 dixero
1415 2880 1558 2959 post
1599 2872 1964 2938 Heckerum
2007 2894 2204 2959 paene
2237 2873 2560 2937 neminem
2586 2874 2934 2946 exstitisse,

558 2986 670 3068 qui
732 2979 1155 3066 Anthologiae
1225 2982 1427 3065 poetis
1498 2999 1696 3065 aeque
1755 2978 2084 3064 profuerit.
2147 2978 2245 3043 Ex
2307 2980 2390 3043 iis
2451 2999 2612 3063 quae
2657 2981 2800 3064 ipse
2854 2976 2938 3043 u]-

560 3091 741 3154 timis
800 3088 983 3153 annis
1043 3088 1341 3151 annotavi
1402 3106 1605 3170 neque
1667 3086 1748 3150 ab
1811 3085 1955 3151 aliis
1999 3090 2305 3169 occupata
2351 3083 2644 3151 intellexi
2689 3088 2933 3172 (quam-

559 3216 751 3279 quam
812 3191 1117 3257 facillime
1180 3190 1317 3255 fieri
1359 3198 1569 3276 potest
1615 3198 1689 3257 ut
1737 3192 1840 3256 hic
1885 3190 2020 3257 illic
2069 3196 2208 3257 acta
2255 3210 2482 3278 agam,
2532 3192 2700 3277 quod
2751 3196 2809 3257 si
2853 3194 2934 3256 ita

557 3304 679 3383 sit,
724 3299 1033 3365 lectorum
1082 3297 1333 3364 veniam
1382 3296 1702 3384 imploro),
1754 3297 1872 3362 hac
1920 3298 2240 3363 occasione
2287 3296 2486 3383 selegi
2533 3317 2694 3382 quae
2727 3298 2934 3363 futuro

558 3406 981 3493 Anthologiae
1029 3405 1256 3470 editori
1298 3424 1423 3471 non
1469 3402 1658 3489 plane
1703 3403 1964 3469 inutilia
2011 3425 2144 3469 esse
2190 3404 2358 3469 mihi
2404 3404 2871 3489 persuaderem.

1576 3664 1798 3733 cuum
1843 3668 1926 3735 ΙΙ.

646 3849 1137 3919 Onmsronosus
1171 3852 1241 3915 in
1282 3849 1675 3935 descriptione
1713 3858 2046 3916 statuarum
2083 3872 2177 3919 vs.
2207 3850 2293 3917 14
2326 3852 2483 3919 dicit
2506 3852 2584 3919 de
2608 3855 2930 3920 Amnum

556 3964 801 4027 oratore

1418 4063 1640 4138 λασίης
1689 4063 1753 4128 δὲ
1800 4065 2170 4146 συνείρυε
2218 4065 2422 4133 κύκλοι
2469 4076 2747 4147 παρειῆς.

550 4172 726 4241 Male
774 4170 968 4237 vertit
1012 4172 1081 4234 in
1129 4168 1468 4235 Didotiana
1517 4172 1865 4255 interpres:
1911 4172 2162 4237 villosae
2207 4190 2540 4239 montlieu·
2577 4196 2766 4255 qenae
2809 4196 2924 4237 am-

550 4282 649 4345 bos
694 4279 889 4354 orbes,
940 4297 1089 4341 cum
1136 4274 1459 4341 debuisset
1489 4299 1676 4358 yona-s
1715 4294 2212 4357 commum,
2253 4280 2419 4365 quod
2459 4294 2647 4366 poeta
2669 4284 2922 4368 signum

549 4408 681 4453 esse
746 4382 955 4450 voluit
1022 4382 1269 4446 intenta
1332 4387 1545 4447 mente
1611 4382 2014 4461 meditantis,
2079 4388 2365 4471 sequitur
2425 4390 2598 4452 enim
2661 4386 2918 4453 στείνετο
