<?xml version="1.0" encoding="UTF-8"?>
<!DOCTYPE html PUBLIC "-//W3C//DTD XHTML 1.0 Transitional//EN"
    "http://www.w3.org/TR/xhtml1/DTD/xhtml1-transitional.dtd">
<html xmlns="http://www.w3.org/1999/xhtml" xml:lang="en" lang="en">
 <head>
  <title>
</title>
<meta http-equiv="Content-Type" content="text/html;charset=utf-8" />
  <meta name='ocr-system' content='tesseract 3.04.00' />
  <meta name='ocr-capabilities' content='ocr_page ocr_carea ocr_par ocr_line ocrx_word'/>
</head>
<body>
  <div class='ocr_page' id='page_1' title='image "./mnemosyne06servgoog_0516.png"; bbox 0 0 3150 5000; ppageno 0'>
   <div class='ocr_carea' id='block_1_1' title="bbox 495 259 1952 335">
    <p class='ocr_par' dir='ltr' id='par_1_1' title="bbox 495 259 1952 335">
     <span class='ocr_line' id='line_1_1' title="bbox 495 259 1952 335; baseline 0.006 -9"><span class='ocrx_word' id='word_1_1' title='bbox 495 259 581 326; x_wconf 81' lang='lat'><strong><em>38</em></strong></span> <span class='ocrx_word' id='word_1_2' title='bbox 1414 284 1658 333; x_wconf 66' lang='lat' dir='ltr'><strong>Pomm</strong></span> <span class='ocrx_word' id='word_1_3' title='bbox 1705 284 1952 335; x_wconf 65' lang='lat' dir='ltr'><strong>enum.</strong></span> 
     </span>
    </p>
   </div>
   <div class='ocr_carea' id='block_1_2' title="bbox 492 444 2450 639">
    <p class='ocr_par' dir='ltr' id='par_1_2' title="bbox 492 444 2450 639">
     <span class='ocr_line' id='line_1_2' title="bbox 764 444 2450 529; baseline 0.005 -18"><span class='ocrx_word' id='word_1_4' title='bbox 764 444 903 526; x_wconf 76' lang='grc' dir='ltr'><strong><em>ὄφρ’</em></strong></span> <span class='ocrx_word' id='word_1_5' title='bbox 955 448 1101 525; x_wconf 75' lang='grc' dir='ltr'><strong><em>ἡμῖν</em></strong></span> <span class='ocrx_word' id='word_1_6' title='bbox 1146 448 1466 527; x_wconf 70' lang='grc' dir='ltr'><strong><em>ἀλεγεινὸν</em></strong></span> <span class='ocrx_word' id='word_1_7' title='bbox 1512 450 1573 521; x_wconf 76' lang='grc' dir='ltr'><strong><em>ἐς</em></strong></span> <span class='ocrx_word' id='word_1_8' title='bbox 1613 454 1812 529; x_wconf 68' lang='grc' dir='ltr'><strong><em>’Ᾱρεα</em></strong></span> <span class='ocrx_word' id='word_1_9' title='bbox 1859 460 2038 528; x_wconf 77' lang='grc' dir='ltr'><strong><em>σῆμα</em></strong></span> <span class='ocrx_word' id='word_1_10' title='bbox 2084 452 2450 527; x_wconf 77' lang='grc' dir='ltr'><strong><em>πένηται.</em></strong></span> 
     </span>
     <span class='ocr_line' id='line_1_3' title="bbox 492 548 2386 639; baseline 0.004 -22"><span class='ocrx_word' id='word_1_11' title='bbox 492 548 591 617; x_wconf 86' lang='lat' dir='ltr'><strong><em>Of.</em></strong></span> <span class='ocrx_word' id='word_1_12' title='bbox 638 552 989 618; x_wconf 79' lang='lat' dir='ltr'><strong>locutiones</strong></span> <span class='ocrx_word' id='word_1_13' title='bbox 1033 554 1229 621; x_wconf 87' lang='lat' dir='ltr'><strong>Hom.</strong></span> <span class='ocrx_word' id='word_1_14' title='bbox 1278 556 1502 636; x_wconf 82' lang='grc' dir='ltr'><strong><em>δαῖτα,</em></strong></span> <span class='ocrx_word' id='word_1_15' title='bbox 1551 554 1826 637; x_wconf 74' lang='grc' dir='ltr'><strong><em>ἄριστον,</em></strong></span> <span class='ocrx_word' id='word_1_16' title='bbox 1876 555 2033 639; x_wconf 89' lang='grc' dir='ltr'><strong><em>ἔργα</em></strong></span> <span class='ocrx_word' id='word_1_17' title='bbox 2081 560 2386 627; x_wconf 79' lang='grc' dir='ltr'><strong><em>πένεσθαι.</em></strong></span> 
     </span>
    </p>
   </div>
   <div class='ocr_carea' id='block_1_3' title="bbox 582 766 843 835">
    <p class='ocr_par' dir='ltr' id='par_1_3' title="bbox 582 766 843 835">
     <span class='ocr_line' id='line_1_4' title="bbox 582 766 843 835; baseline 0.011 -3"><span class='ocrx_word' id='word_1_18' title='bbox 582 766 707 833; x_wconf 87' lang='lat' dir='ltr'><strong><em>XII</em></strong></span> <span class='ocrx_word' id='word_1_19' title='bbox 739 767 843 835; x_wconf 84' lang='lat'><strong><em>62.</em></strong></span> 
     </span>
    </p>
   </div>
   <div class='ocr_carea' id='block_1_4' title="bbox 488 874 2876 1261">
    <p class='ocr_par' dir='ltr' id='par_1_4' title="bbox 488 874 2876 1261">
     <span class='ocr_line' id='line_1_5' title="bbox 762 874 2540 964; baseline 0.006 -25"><span class='ocrx_word' id='word_1_20' title='bbox 762 874 1071 955; x_wconf 73' lang='grc' dir='ltr'><strong><em>κάρτιστοι</em></strong></span> <span class='ocrx_word' id='word_1_21' title='bbox 1120 878 1182 941; x_wconf 73' lang='grc' dir='ltr'><strong><em>δὲ</em></strong></span> <span class='ocrx_word' id='word_1_22' title='bbox 1228 877 1359 942; x_wconf 84' lang='grc' dir='ltr'><strong><em>τότ’</em></strong></span> <span class='ocrx_word' id='word_1_23' title='bbox 1406 878 1614 959; x_wconf 73' lang='grc' dir='ltr'><strong><em>ἄνδρες</em></strong></span> <span class='ocrx_word' id='word_1_24' title='bbox 1664 879 1763 945; x_wconf 76' lang='grc' dir='ltr'><strong><em>ἐπὶ</em></strong></span> <span class='ocrx_word' id='word_1_25' title='bbox 1811 881 2019 964; x_wconf 84' lang='grc' dir='ltr'><strong><em>μόθον,</em></strong></span> <span class='ocrx_word' id='word_1_26' title='bbox 2069 882 2306 948; x_wconf 81' lang='grc' dir='ltr'><strong><em>ὁππότε</em></strong></span> <span class='ocrx_word' id='word_1_27' title='bbox 2356 885 2540 961; x_wconf 80' lang='grc' dir='ltr'><strong><em>θυμὸν</em></strong></span> 
     </span>
     <span class='ocr_line' id='line_1_6' title="bbox 764 982 2414 1070; baseline 0.005 -25"><span class='ocrx_word' id='word_1_28' title='bbox 764 982 1121 1061; x_wconf 76' lang='grc' dir='ltr'><strong><em>παρθέμενοι</em></strong></span> <span class='ocrx_word' id='word_1_29' title='bbox 1170 983 1513 1057; x_wconf 79' lang='grc' dir='ltr'><strong><em>στονόεντος</em></strong></span> <span class='ocrx_word' id='word_1_30' title='bbox 1560 986 2115 1066; x_wconf 73' lang='grc' dir='ltr'><strong><em>άφειδῆσωσιν</em></strong></span> <span class='ocrx_word' id='word_1_31' title='bbox 2160 988 2414 1070; x_wconf 76' lang='grc' dir='ltr'><strong><em>ὀλέθρου.</em></strong></span> 
     </span>
     <span class='ocr_line' id='line_1_7' title="bbox 578 1088 2876 1182; baseline 0.004 -29"><span class='ocrx_word' id='word_1_32' title='bbox 578 1088 1003 1155; x_wconf 77' lang='lat' dir='ltr'><strong>Praetulerim</strong></span> <span class='ocrx_word' id='word_1_33' title='bbox 1054 1094 1094 1155; x_wconf 74' lang='grc' dir='ltr'><strong><em>ἀ</em></strong></span> <span class='ocrx_word' id='word_1_34' title='bbox 1116 1091 1255 1163; x_wconf 67' lang='lat' dir='ltr'><strong><em>nne</em></strong></span> <span class='ocrx_word' id='word_1_35' title='bbox 1276 1091 1425 1165; x_wconf 70' lang='grc' dir='ltr'><strong><em>ἥσω</em></strong></span> <span class='ocrx_word' id='word_1_36' title='bbox 1445 1114 1541 1156; x_wconf 85' lang='grc' dir='ltr'><strong><em>σι.</em></strong></span> <span class='ocrx_word' id='word_1_37' title='bbox 1607 1090 1966 1178; x_wconf 81' lang='lat' dir='ltr'><strong>Utrumque</strong></span> <span class='ocrx_word' id='word_1_38' title='bbox 2013 1096 2280 1161; x_wconf 82' lang='lat' dir='ltr'><strong>verbum</strong></span> <span class='ocrx_word' id='word_1_39' title='bbox 2331 1094 2578 1162; x_wconf 81' lang='lat' dir='ltr'><strong>librarii</strong></span> <span class='ocrx_word' id='word_1_40' title='bbox 2623 1100 2876 1182; x_wconf 74' lang='lat' dir='ltr'><strong>saepius</strong></span> 
     </span>
     <span class='ocr_line' id='line_1_8' title="bbox 488 1196 920 1261; baseline -0.005 -1"><span class='ocrx_word' id='word_1_41' title='bbox 488 1196 920 1261; x_wconf 80' lang='lat' dir='ltr'><strong>confuderunt.</strong></span> 
     </span>
    </p>
   </div>
   <div class='ocr_carea' id='block_1_5' title="bbox 580 1407 2733 1809">
    <p class='ocr_par' dir='ltr' id='par_1_5' title="bbox 582 1407 2327 1598">
     <span class='ocr_line' id='line_1_9' title="bbox 582 1407 2327 1494; baseline 0.004 -21"><span class='ocrx_word' id='word_1_42' title='bbox 582 1408 707 1473; x_wconf 88' lang='lat' dir='ltr'><strong><em>XII</em></strong></span> <span class='ocrx_word' id='word_1_43' title='bbox 768 1407 896 1473; x_wconf 85' lang='lat'><strong><em>126</em></strong></span> <span class='ocrx_word' id='word_1_44' title='bbox 989 1409 1239 1490; x_wconf 83' lang='grc' dir='ltr'><strong><em>δολιχαὶ</em></strong></span> <span class='ocrx_word' id='word_1_45' title='bbox 1289 1409 1350 1475; x_wconf 82' lang='grc' dir='ltr'><strong><em>δὲ</em></strong></span> <span class='ocrx_word' id='word_1_46' title='bbox 1400 1411 1540 1475; x_wconf 82' lang='grc' dir='ltr'><strong><em>κατ’</em></strong></span> <span class='ocrx_word' id='word_1_47' title='bbox 1587 1412 1764 1491; x_wconf 80' lang='grc' dir='ltr'><strong><em>οὔρεα</em></strong></span> <span class='ocrx_word' id='word_1_48' title='bbox 1811 1414 2027 1494; x_wconf 78' lang='grc' dir='ltr'><strong><em>μακρά</em></strong></span> <span class='ocrx_word' id='word_1_49' title='bbox 2074 1420 2327 1480; x_wconf 78' lang='grc' dir='ltr'><strong><em>κολῶναι</em></strong></span> 
     </span>
     <span class='ocr_line' id='line_1_10' title="bbox 987 1515 1774 1598; baseline 0.008 -19"><span class='ocrx_word' id='word_1_50' title='bbox 987 1515 1287 1581; x_wconf 82' lang='grc' dir='ltr'><strong><em>δεύοντ’</em></strong></span> <span class='ocrx_word' id='word_1_51' title='bbox 1335 1518 1417 1583; x_wconf 78' lang='grc' dir='ltr'><strong><em>ἐκ</em></strong></span> <span class='ocrx_word' id='word_1_52' title='bbox 1467 1517 1774 1598; x_wconf 80' lang='grc' dir='ltr'><strong><em>ξυλόχοιο.</em></strong></span> 
     </span>
    </p>

    <p class='ocr_par' dir='ltr' id='par_1_6' title="bbox 580 1620 2733 1809">
     <span class='ocr_line' id='line_1_11' title="bbox 580 1620 2733 1714; baseline 0.005 -29"><span class='ocrx_word' id='word_1_53' title='bbox 580 1620 752 1701; x_wconf 83' lang='lat' dir='ltr'><strong>Quid</strong></span> <span class='ocrx_word' id='word_1_54' title='bbox 796 1623 920 1688; x_wconf 88' lang='lat' dir='ltr'><strong>sibi</strong></span> <span class='ocrx_word' id='word_1_55' title='bbox 968 1621 1127 1687; x_wconf 84' lang='lat' dir='ltr'><strong>velit</strong></span> <span class='ocrx_word' id='word_1_56' title='bbox 1171 1626 1551 1709; x_wconf 77' lang='lat' dir='ltr'><strong>praepositio</strong></span> <span class='ocrx_word' id='word_1_57' title='bbox 1597 1644 1722 1689; x_wconf 88' lang='lat' dir='ltr'><strong><em>non</em></strong></span> <span class='ocrx_word' id='word_1_58' title='bbox 1770 1646 2083 1713; x_wconf 76' lang='lat' dir='ltr'><strong>assequor.</strong></span> <span class='ocrx_word' id='word_1_59' title='bbox 2147 1624 2397 1693; x_wconf 78' lang='lat' dir='ltr'><strong>Sufficit</strong></span> <span class='ocrx_word' id='word_1_60' title='bbox 2413 1675 2430 1707; x_wconf 89' lang='lat'><em>,</em></span> <span class='ocrx_word' id='word_1_61' title='bbox 2483 1630 2733 1714; x_wconf 86' lang='lat' dir='ltr'><strong>opinor:</strong></span> 
     </span>
     <span class='ocr_line' id='line_1_12' title="bbox 988 1726 1665 1809; baseline 0.003 -18"><span class='ocrx_word' id='word_1_62' title='bbox 988 1727 1317 1793; x_wconf 78' lang='grc' dir='ltr'><strong><em>δεύοντο</em></strong></span> <span class='ocrx_word' id='word_1_63' title='bbox 1362 1726 1665 1809; x_wconf 76' lang='grc' dir='ltr'><strong><em>ξυλόχοιο.</em></strong></span> 
     </span>
    </p>
   </div>
   <div class='ocr_carea' id='block_1_6' title="bbox 494 1940 2874 2245">
    <p class='ocr_par' dir='ltr' id='par_1_7' title="bbox 494 1940 2874 2245">
     <span class='ocr_line' id='line_1_13' title="bbox 582 1940 2628 2027; baseline 0.001 -20"><span class='ocrx_word' id='word_1_64' title='bbox 582 1941 709 2007; x_wconf 90' lang='lat' dir='ltr'><strong><em>XII</em></strong></span> <span class='ocrx_word' id='word_1_65' title='bbox 759 1940 887 2007; x_wconf 82' lang='lat'><strong><em>152</em></strong></span> <span class='ocrx_word' id='word_1_66' title='bbox 934 1940 1144 2023; x_wconf 81' lang='grc' dir='ltr'><strong><em>εὕχεθ’</em></strong></span> <span class='ocrx_word' id='word_1_67' title='bbox 1188 1942 1287 2006; x_wconf 76' lang='grc' dir='ltr'><strong><em>ἐπ’</em></strong></span> <span class='ocrx_word' id='word_1_68' title='bbox 1334 1941 1649 2024; x_wconf 70' lang='grc' dir='ltr'><strong><em>ἀκαμάτῳ</em></strong></span> <span class='ocrx_word' id='word_1_69' title='bbox 1697 1942 2010 2023; x_wconf 75' lang='grc' dir='ltr'><strong><em>Τριτωνίδι</em></strong></span> <span class='ocrx_word' id='word_1_70' title='bbox 2058 1954 2279 2025; x_wconf 81' lang='grc' dir='ltr'><strong><em>χεῖρας</em></strong></span> <span class='ocrx_word' id='word_1_71' title='bbox 2326 1945 2628 2027; x_wconf 74' lang='grc' dir='ltr'><strong><em>ὀρέξας.</em></strong></span> 
     </span>
     <span class='ocr_line' id='line_1_14' title="bbox 494 2049 2874 2141; baseline 0.003 -27"><span class='ocrx_word' id='word_1_72' title='bbox 494 2050 658 2130; x_wconf 80' lang='lat' dir='ltr'><strong>Quia</strong></span> <span class='ocrx_word' id='word_1_73' title='bbox 704 2069 827 2115; x_wconf 88' lang='lat' dir='ltr'><strong><em>non</em></strong></span> <span class='ocrx_word' id='word_1_74' title='bbox 875 2051 1092 2137; x_wconf 78' lang='lat' dir='ltr'><strong>egitur</strong></span> <span class='ocrx_word' id='word_1_75' title='bbox 1140 2049 1217 2115; x_wconf 87' lang='lat' dir='ltr'><strong><em>de</em></strong></span> <span class='ocrx_word' id='word_1_76' title='bbox 1264 2050 1379 2115; x_wconf 81' lang='lat' dir='ltr'><strong><em>dea</em></strong></span> <span class='ocrx_word' id='word_1_77' title='bbox 1422 2052 1664 2115; x_wconf 79' lang='lat' dir='ltr'><strong>marine</strong></span> <span class='ocrx_word' id='word_1_78' title='bbox 1686 2099 1704 2133; x_wconf 93' lang='lat'><strong>,</strong></span> <span class='ocrx_word' id='word_1_79' title='bbox 1742 2050 1977 2116; x_wconf 88' lang='lat' dir='ltr'><strong>melius</strong></span> <span class='ocrx_word' id='word_1_80' title='bbox 2011 2057 2196 2137; x_wconf 79' lang='lat' dir='ltr'><strong>poete</strong></span> <span class='ocrx_word' id='word_1_81' title='bbox 2233 2052 2508 2118; x_wconf 82' lang='lat' dir='ltr'><strong>dedisset</strong></span> <span class='ocrx_word' id='word_1_82' title='bbox 2544 2054 2874 2141; x_wconf 79' lang='grc' dir='ltr'><strong><em>άνασχῶν,</em></strong></span> 
     </span>
     <span class='ocr_line' id='line_1_15' title="bbox 494 2153 2388 2245; baseline 0 -23"><span class='ocrx_word' id='word_1_83' title='bbox 494 2156 601 2222; x_wconf 87' lang='lat' dir='ltr'><strong><em>sed</em></strong></span> <span class='ocrx_word' id='word_1_84' title='bbox 648 2156 755 2221; x_wconf 85' lang='lat' dir='ltr'><strong><em>hio</em></strong></span> <span class='ocrx_word' id='word_1_85' title='bbox 803 2155 1061 2235; x_wconf 77' lang='lat' dir='ltr'><strong>Quinti,</strong></span> <span class='ocrx_word' id='word_1_86' title='bbox 1111 2176 1236 2222; x_wconf 88' lang='lat' dir='ltr'><strong><em>non</em></strong></span> <span class='ocrx_word' id='word_1_87' title='bbox 1283 2153 1686 2221; x_wconf 81' lang='lat' dir='ltr'><strong>librariorum</strong></span> <span class='ocrx_word' id='word_1_88' title='bbox 1705 2204 1722 2235; x_wconf 88' lang='lat'><em>,</em></span> <span class='ocrx_word' id='word_1_89' title='bbox 1773 2177 1944 2223; x_wconf 92' lang='lat' dir='ltr'><strong>error</strong></span> <span class='ocrx_word' id='word_1_90' title='bbox 1983 2178 2116 2224; x_wconf 88' lang='lat' dir='ltr'><strong>esse</strong></span> <span class='ocrx_word' id='word_1_91' title='bbox 2161 2166 2388 2245; x_wconf 83' lang='lat' dir='ltr'><strong>potest.</strong></span> 
     </span>
    </p>
   </div>
   <div class='ocr_carea' id='block_1_7' title="bbox 494 2368 2876 2564">
    <p class='ocr_par' dir='ltr' id='par_1_8' title="bbox 494 2368 2876 2564">
     <span class='ocr_line' id='line_1_16' title="bbox 582 2368 2876 2463; baseline 0.003 -27"><span class='ocrx_word' id='word_1_92' title='bbox 582 2370 708 2436; x_wconf 88' lang='lat' dir='ltr'><strong><em>XII</em></strong></span> <span class='ocrx_word' id='word_1_93' title='bbox 768 2369 902 2435; x_wconf 77' lang='lat'><strong><em>242</em></strong></span> <span class='ocrx_word' id='word_1_94' title='bbox 970 2375 1034 2436; x_wconf 77' lang='lat' dir='ltr'><strong><em>et</em></strong></span> <span class='ocrx_word' id='word_1_95' title='bbox 1098 2369 1248 2435; x_wconf 88' lang='lat' dir='ltr'>XIII</span> <span class='ocrx_word' id='word_1_96' title='bbox 1312 2368 1398 2434; x_wconf 83' lang='lat'><strong><em>26</em></strong></span> <span class='ocrx_word' id='word_1_97' title='bbox 1460 2372 1760 2456; x_wconf 82' lang='lat' dir='ltr'><strong>imperite</strong></span> <span class='ocrx_word' id='word_1_98' title='bbox 1821 2371 2096 2451; x_wconf 81' lang='lat' dir='ltr'><strong>Quintus</strong></span> <span class='ocrx_word' id='word_1_99' title='bbox 2158 2371 2438 2453; x_wconf 77' lang='grc' dir='ltr'><strong><em>άμφαδά</em></strong></span> <span class='ocrx_word' id='word_1_100' title='bbox 2486 2375 2716 2441; x_wconf 77' lang='lat' dir='ltr'><strong>habuit</strong></span> <span class='ocrx_word' id='word_1_101' title='bbox 2759 2397 2876 2463; x_wconf 89' lang='lat' dir='ltr'><strong><em>pro</em></strong></span> 
     </span>
     <span class='ocr_line' id='line_1_17' title="bbox 494 2475 1661 2564; baseline -0.003 -20"><span class='ocrx_word' id='word_1_102' title='bbox 494 2477 808 2544; x_wconf 80' lang='lat' dir='ltr'><strong>adiectivo</strong></span> <span class='ocrx_word' id='word_1_103' title='bbox 856 2478 1191 2564; x_wconf 77' lang='lat' dir='ltr'><strong>posuitque</strong></span> <span class='ocrx_word' id='word_1_104' title='bbox 1238 2496 1351 2562; x_wconf 86' lang='lat' dir='ltr'><strong><em>pro</em></strong></span> <span class='ocrx_word' id='word_1_105' title='bbox 1398 2475 1661 2558; x_wconf 72' lang='grc' dir='ltr'><strong><em>Φανερά.</em></strong></span> 
     </span>
    </p>
   </div>
   <div class='ocr_carea' id='block_1_8' title="bbox 582 2691 2475 2882">
    <p class='ocr_par' dir='ltr' id='par_1_9' title="bbox 582 2691 2475 2882">
     <span class='ocr_line' id='line_1_18' title="bbox 582 2691 2475 2774; baseline -0.001 -13"><span class='ocrx_word' id='word_1_106' title='bbox 582 2693 708 2761; x_wconf 91' lang='lat' dir='ltr'><strong><em>XII</em></strong></span> <span class='ocrx_word' id='word_1_107' title='bbox 755 2691 886 2763; x_wconf 82' lang='lat'><strong><em>379</em></strong></span> <span class='ocrx_word' id='word_1_108' title='bbox 1930 2691 2103 2774; x_wconf 71' lang='grc' dir='ltr'><strong><em>ἀμφὶ</em></strong></span> <span class='ocrx_word' id='word_1_109' title='bbox 2154 2693 2217 2759; x_wconf 78' lang='grc' dir='ltr'><strong><em>δὲ</em></strong></span> <span class='ocrx_word' id='word_1_110' title='bbox 2264 2695 2475 2760; x_wconf 80' lang='grc' dir='ltr'><strong><em>νόστου</em></strong></span> 
     </span>
     <span class='ocr_line' id='line_1_19' title="bbox 943 2798 2410 2882; baseline 0.001 -18"><span class='ocrx_word' id='word_1_111' title='bbox 943 2800 1207 2880; x_wconf 65' lang='grc' dir='ltr'><strong><em>ἐννεσίῃς</em></strong></span> <span class='ocrx_word' id='word_1_112' title='bbox 1256 2798 1549 2872; x_wconf 78' lang='grc' dir='ltr'><strong><em>Ὀδυσῆος</em></strong></span> <span class='ocrx_word' id='word_1_113' title='bbox 1603 2799 1732 2876; x_wconf 79' lang='grc' dir='ltr'><strong><em>ἐμοὶ</em></strong></span> <span class='ocrx_word' id='word_1_114' title='bbox 1784 2800 2095 2877; x_wconf 71' lang='grc' dir='ltr'><strong><em>μενέαινον</em></strong></span> <span class='ocrx_word' id='word_1_115' title='bbox 2140 2798 2410 2882; x_wconf 76' lang='grc' dir='ltr'><strong><em>ὄλεθρον,</em></strong></span> 
     </span>
    </p>
   </div>
   <div class='ocr_carea' id='block_1_9' title="bbox 941 2905 2554 3091">
    <p class='ocr_par' dir='ltr' id='par_1_10' title="bbox 941 2905 2554 3091">
     <span class='ocr_line' id='line_1_20' title="bbox 943 2905 2554 2990; baseline 0 -18"><span class='ocrx_word' id='word_1_116' title='bbox 943 2905 1104 2988; x_wconf 73' lang='grc' dir='ltr'><strong><em>ὄφρα</em></strong></span> <span class='ocrx_word' id='word_1_117' title='bbox 1150 2931 1234 2983; x_wconf 86' lang='grc' dir='ltr'><strong><em>με</em></strong></span> <span class='ocrx_word' id='word_1_118' title='bbox 1278 2907 1630 2986; x_wconf 63' lang='grc' dir='ltr'><strong><em>δῃώσωσι</em></strong></span> <span class='ocrx_word' id='word_1_119' title='bbox 1679 2906 1976 2990; x_wconf 79' lang='grc' dir='ltr'><strong><em>δυσηχέος</em></strong></span> <span class='ocrx_word' id='word_1_120' title='bbox 2023 2905 2190 2988; x_wconf 87' lang='grc' dir='ltr'><strong><em>άγχι</em></strong></span> <span class='ocrx_word' id='word_1_121' title='bbox 2236 2909 2554 2982; x_wconf 79' lang='grc' dir='ltr'><strong><em>θαλάσσης</em></strong></span> 
     </span>
     <span class='ocr_line' id='line_1_21' title="bbox 941 3014 1568 3091; baseline -0.006 -9"><span class='ocrx_word' id='word_1_122' title='bbox 941 3015 1223 3091; x_wconf 88' lang='grc' dir='ltr'><strong><em>δαίμοσιν</em></strong></span> <span class='ocrx_word' id='word_1_123' title='bbox 1267 3014 1568 3082; x_wconf 77' lang='grc' dir='ltr'><strong><em>εἷναλίοις.</em></strong></span> 
     </span>
    </p>
   </div>
   <div class='ocr_carea' id='block_1_10' title="bbox 582 3119 1892 3308">
    <p class='ocr_par' dir='ltr' id='par_1_11' title="bbox 582 3119 1892 3308">
     <span class='ocr_line' id='line_1_22' title="bbox 582 3119 1714 3205; baseline -0.003 -18"><span class='ocrx_word' id='word_1_124' title='bbox 582 3119 812 3187; x_wconf 85' lang='lat' dir='ltr'><strong>Procul</strong></span> <span class='ocrx_word' id='word_1_125' title='bbox 860 3121 1053 3186; x_wconf 87' lang='lat' dir='ltr'><strong>dubio</strong></span> <span class='ocrx_word' id='word_1_126' title='bbox 1099 3121 1310 3205; x_wconf 77' lang='lat' dir='ltr'><strong>aptius</strong></span> <span class='ocrx_word' id='word_1_127' title='bbox 1355 3120 1714 3203; x_wconf 81' lang='lat' dir='ltr'><strong>seripseris:</strong></span> 
     </span>
     <span class='ocr_line' id='line_1_23' title="bbox 942 3223 1892 3308; baseline 0 -18"><span class='ocrx_word' id='word_1_128' title='bbox 942 3225 1107 3308; x_wconf 74' lang='grc' dir='ltr'><strong><em>ὄφρα</em></strong></span> <span class='ocrx_word' id='word_1_129' title='bbox 1154 3225 1235 3302; x_wconf 76' lang='grc' dir='ltr'><strong><em>μὲ</em></strong></span> <span class='ocrx_word' id='word_1_130' title='bbox 1287 3223 1371 3299; x_wconf 71' lang='grc' dir='ltr'><strong><em>δὴ</em></strong></span> <span class='ocrx_word' id='word_1_131' title='bbox 1420 3223 1714 3289; x_wconf 82' lang='grc' dir='ltr'><strong><em>θύσωσι</em></strong></span> <span class='ocrx_word' id='word_1_132' title='bbox 1761 3224 1892 3290; x_wconf 77' lang='grc' dir='ltr'><strong><em>κτὲ.</em></strong></span> 
     </span>
    </p>
   </div>
   <div class='ocr_carea' id='block_1_11' title="bbox 490 3435 2962 4466">
    <p class='ocr_par' dir='ltr' id='par_1_12' title="bbox 584 3435 2572 3732">
     <span class='ocr_line' id='line_1_24' title="bbox 584 3435 2064 3520; baseline -0.004 -13"><span class='ocrx_word' id='word_1_133' title='bbox 584 3440 742 3507; x_wconf 84' lang='lat' dir='ltr'>XIII</span> <span class='ocrx_word' id='word_1_134' title='bbox 789 3440 871 3506; x_wconf 84' lang='lat'><strong><em>61</em></strong></span> <span class='ocrx_word' id='word_1_135' title='bbox 1241 3437 1428 3520; x_wconf 88' lang='grc' dir='ltr'><strong><em>τάχα</em></strong></span> <span class='ocrx_word' id='word_1_136' title='bbox 1477 3436 1533 3502; x_wconf 89' lang='grc' dir='ltr'><strong><em>δ’</em></strong></span> <span class='ocrx_word' id='word_1_137' title='bbox 1581 3439 1633 3502; x_wconf 77' lang='lat'><strong><em>01</em></strong></span> <span class='ocrx_word' id='word_1_138' title='bbox 1679 3439 1794 3516; x_wconf 75' lang='grc' dir='ltr'><strong><em>μὲν</em></strong></span> <span class='ocrx_word' id='word_1_139' title='bbox 1842 3435 2064 3519; x_wconf 90' lang='grc' dir='ltr'><strong><em>ἔναιρον</em></strong></span> 
     </span>
     <span class='ocr_line' id='line_1_25' title="bbox 763 3541 2572 3626; baseline -0.001 -14"><span class='ocrx_word' id='word_1_140' title='bbox 763 3545 1103 3624; x_wconf 75' lang='grc' dir='ltr'><strong><em>δυσμενέας</em></strong></span> <span class='ocrx_word' id='word_1_141' title='bbox 1126 3567 1141 3584; x_wconf 90' lang='grc'><em>·</em></span> <span class='ocrx_word' id='word_1_142' title='bbox 1190 3543 1281 3609; x_wconf 79' lang='grc' dir='ltr'><strong><em>το)</em></strong></span> <span class='ocrx_word' id='word_1_143' title='bbox 1330 3544 1379 3609; x_wconf 82' lang='grc' dir='ltr'><strong><em>δ’</em></strong></span> <span class='ocrx_word' id='word_1_144' title='bbox 1428 3543 1598 3611; x_wconf 82' lang='grc' dir='ltr'><strong><em>ἔσκον</em></strong></span> <span class='ocrx_word' id='word_1_145' title='bbox 1645 3541 1760 3609; x_wconf 90' lang='grc' dir='ltr'><strong><em>ἔσω</em></strong></span> <span class='ocrx_word' id='word_1_146' title='bbox 1811 3542 1962 3618; x_wconf 78' lang='grc' dir='ltr'><strong><em>άλός</em></strong></span> <span class='ocrx_word' id='word_1_147' title='bbox 1985 3591 2001 3623; x_wconf 88' lang='grc'>,</span> <span class='ocrx_word' id='word_1_148' title='bbox 2051 3545 2134 3610; x_wconf 82' lang='grc' dir='ltr'><strong><em>αί</em></strong></span> <span class='ocrx_word' id='word_1_149' title='bbox 2189 3544 2239 3608; x_wconf 89' lang='grc' dir='ltr'><strong><em>δ’</em></strong></span> <span class='ocrx_word' id='word_1_150' title='bbox 2292 3545 2572 3626; x_wconf 75' lang='grc' dir='ltr'><strong><em>ἐφέροντο</em></strong></span> 
     </span>
     <span class='ocr_line' id='line_1_26' title="bbox 764 3651 1649 3732; baseline 0.002 -18"><span class='ocrx_word' id='word_1_151' title='bbox 764 3660 939 3726; x_wconf 79' lang='grc' dir='ltr'><strong><em>νῆες</em></strong></span> <span class='ocrx_word' id='word_1_152' title='bbox 991 3652 1135 3732; x_wconf 74' lang='grc' dir='ltr'><strong><em>ὑπὲρ</em></strong></span> <span class='ocrx_word' id='word_1_153' title='bbox 1184 3651 1362 3728; x_wconf 83' lang='grc' dir='ltr'><strong><em>μέγα</em></strong></span> <span class='ocrx_word' id='word_1_154' title='bbox 1404 3655 1649 3731; x_wconf 80' lang='grc' dir='ltr'><strong><em>χεῦμα.</em></strong></span> 
     </span>
    </p>

    <p class='ocr_par' dir='ltr' id='par_1_13' title="bbox 492 3757 2962 4061">
     <span class='ocr_line' id='line_1_27' title="bbox 583 3757 2877 3847; baseline 0 -21"><span class='ocrx_word' id='word_1_155' title='bbox 583 3759 840 3847; x_wconf 73' lang='lat' dir='ltr'><strong>Kochly</strong></span> <span class='ocrx_word' id='word_1_156' title='bbox 858 3809 877 3843; x_wconf 91' lang='lat'>,</span> <span class='ocrx_word' id='word_1_157' title='bbox 940 3765 1156 3824; x_wconf 76' lang='lat' dir='ltr'><strong>sumta</strong></span> <span class='ocrx_word' id='word_1_158' title='bbox 1214 3758 1443 3824; x_wconf 75' lang='lat' dir='ltr'><strong>lacuna</strong></span> <span class='ocrx_word' id='word_1_159' title='bbox 1505 3765 1649 3844; x_wconf 78' lang='lat' dir='ltr'><strong>post</strong></span> <span class='ocrx_word' id='word_1_160' title='bbox 1702 3757 2040 3836; x_wconf 77' lang='grc' dir='ltr'><strong><em>δυσμενέας</em></strong></span> <span class='ocrx_word' id='word_1_161' title='bbox 2086 3759 2505 3825; x_wconf 77' lang='lat' dir='ltr'><strong>audacissime</strong></span> <span class='ocrx_word' id='word_1_162' title='bbox 2549 3762 2877 3846; x_wconf 80' lang='lat' dir='ltr'><strong>rescripsit</strong></span> 
     </span>
     <span class='ocr_line' id='line_1_28' title="bbox 492 3862 2875 3945; baseline -0.001 -13"><span class='ocrx_word' id='word_1_163' title='bbox 492 3867 581 3932; x_wconf 79' lang='grc' dir='ltr'><strong><em>τοὶ</em></strong></span> <span class='ocrx_word' id='word_1_164' title='bbox 632 3865 686 3932; x_wconf 85' lang='grc' dir='ltr'><strong><em>δ’</em></strong></span> <span class='ocrx_word' id='word_1_165' title='bbox 734 3863 831 3930; x_wconf 82' lang='grc' dir='ltr'><strong><em>ἔτ’</em></strong></span> <span class='ocrx_word' id='word_1_166' title='bbox 882 3862 1201 3945; x_wconf 79' lang='grc' dir='ltr'><strong><em>ἔρεσσον</em></strong></span> <span class='ocrx_word' id='word_1_167' title='bbox 1250 3862 1361 3929; x_wconf 91' lang='grc' dir='ltr'><strong><em>ἔσω</em></strong></span> <span class='ocrx_word' id='word_1_168' title='bbox 1412 3863 1587 3936; x_wconf 78' lang='grc' dir='ltr'><strong><em>άλός.</em></strong></span> <span class='ocrx_word' id='word_1_169' title='bbox 1661 3862 1826 3931; x_wconf 88' lang='lat' dir='ltr'><strong><em>Cum</em></strong></span> <span class='ocrx_word' id='word_1_170' title='bbox 1889 3871 2103 3931; x_wconf 80' lang='lat' dir='ltr'><strong>tamen</strong></span> <span class='ocrx_word' id='word_1_171' title='bbox 2162 3864 2352 3931; x_wconf 80' lang='lat' dir='ltr'><strong>lectio</strong></span> <span class='ocrx_word' id='word_1_172' title='bbox 2400 3873 2628 3932; x_wconf 83' lang='lat' dir='ltr'><strong>NHEC</strong></span> <span class='ocrx_word' id='word_1_173' title='bbox 2675 3869 2875 3932; x_wconf 81' lang='lat' dir='ltr'><strong>etiam</strong></span> 
     </span>
     <span class='ocr_line' id='line_1_29' title="bbox 492 3970 2962 4061; baseline -0 -21"><span class='ocrx_word' id='word_1_174' title='bbox 492 3970 847 4061; x_wconf 76' lang='lat' dir='ltr'><strong>significare</strong></span> <span class='ocrx_word' id='word_1_175' title='bbox 867 3973 1069 4057; x_wconf 83' lang='lat' dir='ltr'><strong>possit</strong></span> <span class='ocrx_word' id='word_1_176' title='bbox 1093 3970 1278 4056; x_wconf 77' lang='grc' dir='ltr'><strong><em>νῆεσ’,</em></strong></span> <span class='ocrx_word' id='word_1_177' title='bbox 1304 3974 1513 4038; x_wconf 84' lang='lat' dir='ltr'><strong>neseio</strong></span> <span class='ocrx_word' id='word_1_178' title='bbox 1538 3992 1619 4036; x_wconf 79' lang='lat' dir='ltr'><strong><em>an</em></strong></span> <span class='ocrx_word' id='word_1_179' title='bbox 1644 3970 2034 4057; x_wconf 69' lang='lat' dir='ltr'><strong>probabilius</strong></span> <span class='ocrx_word' id='word_1_180' title='bbox 2057 3974 2192 4038; x_wconf 89' lang='lat' dir='ltr'><strong>sine</strong></span> <span class='ocrx_word' id='word_1_181' title='bbox 2216 3971 2441 4037; x_wconf 76' lang='lat' dir='ltr'><strong>lacuna</strong></span> <span class='ocrx_word' id='word_1_182' title='bbox 2462 3991 2875 4057; x_wconf 78' lang='lat' dir='ltr'><strong>reponamus:</strong></span> <span class='ocrx_word' id='word_1_183' title='bbox 2948 3995 2962 4002; x_wconf 89' lang='lat'><strong>·</strong></span> 
     </span>
    </p>

    <p class='ocr_par' dir='ltr' id='par_1_14' title="bbox 766 4075 2482 4265">
     <span class='ocr_line' id='line_1_30' title="bbox 1214 4075 2482 4160; baseline 0 -18"><span class='ocrx_word' id='word_1_184' title='bbox 1214 4078 1305 4143; x_wconf 75' lang='grc' dir='ltr'><strong><em>τοὶ</em></strong></span> <span class='ocrx_word' id='word_1_185' title='bbox 1357 4078 1409 4143; x_wconf 81' lang='grc' dir='ltr'><strong><em>δ’</em></strong></span> <span class='ocrx_word' id='word_1_186' title='bbox 1458 4078 1629 4143; x_wconf 82' lang='grc' dir='ltr'><strong><em>ἔσκον</em></strong></span> <span class='ocrx_word' id='word_1_187' title='bbox 1677 4075 1792 4142; x_wconf 84' lang='grc' dir='ltr'><strong><em>ἔσω</em></strong></span> <span class='ocrx_word' id='word_1_188' title='bbox 1843 4076 1994 4149; x_wconf 77' lang='grc' dir='ltr'><strong><em>άλὸς</em></strong></span> <span class='ocrx_word' id='word_1_189' title='bbox 2044 4076 2151 4153; x_wconf 80' lang='grc' dir='ltr'><strong><em>ἥδ’</em></strong></span> <span class='ocrx_word' id='word_1_190' title='bbox 2204 4078 2482 4160; x_wconf 79' lang='grc' dir='ltr'><strong><em>ἐφέροντο</em></strong></span> 
     </span>
     <span class='ocr_line' id='line_1_31' title="bbox 766 4183 1678 4265; baseline 0 -17"><span class='ocrx_word' id='word_1_191' title='bbox 766 4185 971 4259; x_wconf 79' lang='grc' dir='ltr'><strong><em>νήεσ’</em></strong></span> <span class='ocrx_word' id='word_1_192' title='bbox 1021 4185 1165 4264; x_wconf 73' lang='grc' dir='ltr'><strong><em>ὑπὲρ</em></strong></span> <span class='ocrx_word' id='word_1_193' title='bbox 1209 4183 1388 4261; x_wconf 82' lang='grc' dir='ltr'><strong><em>μέγα</em></strong></span> <span class='ocrx_word' id='word_1_194' title='bbox 1434 4188 1678 4265; x_wconf 79' lang='grc' dir='ltr'><strong><em>χεῦμα.</em></strong></span> 
     </span>
    </p>

    <p class='ocr_par' dir='ltr' id='par_1_15' title="bbox 490 4285 2870 4466">
     <span class='ocr_line' id='line_1_32' title="bbox 581 4285 2870 4377; baseline -0.002 -18"><span class='ocrx_word' id='word_1_195' title='bbox 581 4292 655 4359; x_wconf 90' lang='lat' dir='ltr'>In</span> <span class='ocrx_word' id='word_1_196' title='bbox 705 4290 876 4358; x_wconf 81' lang='grc' dir='ltr'><strong><em>ἔσκον</em></strong></span> <span class='ocrx_word' id='word_1_197' title='bbox 924 4293 1129 4376; x_wconf 80' lang='lat' dir='ltr'><strong>posito</strong></span> <span class='ocrx_word' id='word_1_198' title='bbox 1176 4312 1289 4377; x_wconf 89' lang='lat' dir='ltr'><strong><em>pro</em></strong></span> <span class='ocrx_word' id='word_1_199' title='bbox 1338 4285 1489 4364; x_wconf 78' lang='grc' dir='ltr'><strong><em>ἦσαν</em></strong></span> <span class='ocrx_word' id='word_1_200' title='bbox 1536 4289 1706 4376; x_wconf 76' lang='lat' dir='ltr'><strong>apud</strong></span> <span class='ocrx_word' id='word_1_201' title='bbox 1753 4291 1922 4356; x_wconf 86' lang='lat' dir='ltr'><strong>hunc</strong></span> <span class='ocrx_word' id='word_1_202' title='bbox 1970 4290 2228 4376; x_wconf 87' lang='lat' dir='ltr'><strong>quidem</strong></span> <span class='ocrx_word' id='word_1_203' title='bbox 2268 4295 2522 4375; x_wconf 77' lang='lat' dir='ltr'><strong>poetam</strong></span> <span class='ocrx_word' id='word_1_204' title='bbox 2559 4309 2685 4356; x_wconf 88' lang='lat' dir='ltr'><strong><em>non</em></strong></span> <span class='ocrx_word' id='word_1_205' title='bbox 2725 4289 2870 4355; x_wconf 75' lang='lat' dir='ltr'><strong>hae-</strong></span> 
     </span>
     <span class='ocr_line' id='line_1_33' title="bbox 490 4399 1080 4466; baseline -0.007 0"><span class='ocrx_word' id='word_1_206' title='bbox 490 4400 757 4466; x_wconf 87' lang='lat' dir='ltr'><strong>rendum</strong></span> <span class='ocrx_word' id='word_1_207' title='bbox 806 4399 1080 4464; x_wconf 81' lang='lat' dir='ltr'><strong>videtur.</strong></span> 
     </span>
    </p>
   </div>
   <div class='ocr_carea' id='block_1_12' title="bbox 3105 66 3109 587">
    <p class='ocr_par' dir='ltr' id='par_1_16' title="bbox 3105 66 3109 587">
     <span class='ocr_line' id='line_1_34' title="bbox 3105 66 3109 587; baseline 0 0"><span class='ocrx_word' id='word_1_208' title='bbox 3105 66 3109 587; x_wconf 95' lang='lat' dir='ltr'><strong><em> </em></strong></span> 
     </span>
    </p>
   </div>
  </div>
 </body>
</html>
