3150 5000
2514 310 2639 378 111

237 514 390 561 rum
452 493 712 561 illarum
771 493 1146 561 deminutio.
1219 492 1342 561 Sed
1389 494 1591 561 talem
1644 496 2154 563 deminutionem
2203 497 2640 564 demonstrant

239 622 528 687 quoque,
593 608 665 667 ut
725 601 1042 679 vidimus,
1102 621 1209 685 ea,
1269 621 1428 686 quae
1476 599 1770 680 aliunde,
1818 605 2103 669 maxime
2150 624 2229 669 ex
2280 604 2641 691 inscriptio-

241 709 436 774 nibus
485 710 936 796 cognovimus.

333 814 621 881 Tabulae
667 814 819 883 illae
863 818 930 879 in
977 834 1102 881 uno
1149 814 1358 900 lapide
1405 814 1643 882 incisae
1664 864 1679 895 ,
1726 817 1959 902 quibus
1998 817 2271 903 populus
2297 817 2644 883 Athenien-

243 924 420 988 sium
441 970 457 999 ,
537 930 803 1007 quantas
865 924 1164 1007 pecunias
1226 942 1338 1007 per
1398 922 1613 1007 plures
1676 944 1871 989 annos
1935 943 2012 989 ex
2072 924 2245 990 Deae
2314 924 2647 991 Minervae

243 1031 488 1094 aerario
553 1039 781 1094 mutuo
845 1032 1213 1112 sumsisset,
1276 1028 1723 1114 profitebatur,
1792 1030 2012 1096 eodem
2033 1078 2053 1115 ,
2102 1037 2177 1095 ut
2224 1030 2508 1097 vidimus
2553 1030 2645 1116 (p.

248 1134 448 1221 106),
511 1137 890 1201 terminatae
931 1134 1126 1201 fuisse
1175 1134 1472 1200 videntur
1518 1156 1684 1201 anno
1704 1183 1719 1214 ,
1764 1135 1863 1201 01.
1904 1134 2061 1221 89,2
2081 1183 2097 1214 ‚
2139 1156 2263 1222 quo
2304 1138 2651 1203 terminan-

243 1248 354 1308 tur
417 1240 677 1308 tabulae
740 1240 1156 1329 logistarum,
1219 1242 1450 1328 quibus
1469 1289 1487 1319 ,
1538 1263 1700 1327 quae
1746 1263 1858 1328 pro
1904 1244 2191 1329 pecuniis
2236 1242 2369 1309 illis
2420 1248 2648 1309 mutuo

243 1351 528 1434 sumptis
575 1348 954 1414 deberentur
999 1367 1262 1424 usurae,
1313 1346 1690 1414 declaratur.
1764 1348 1941 1415 Alias
1988 1330 2296 1415 habemus
2346 1349 2645 1434 pecunia-

245 1476 395 1520 rum
444 1466 674 1521 mutuo
718 1460 1121 1540 sumptarum
1172 1453 1449 1531 tabulas,
1505 1476 1667 1541 quae
1704 1456 2024 1541 incipiunt
2064 1456 2143 1521 ab
2169 1476 2331 1522 anno
2358 1453 2643 1533 01.90,3

247 1560 350 1647 (G.
379 1562 436 1628 Ι.
461 1564 541 1627 Α.
589 1561 658 1639 Ι,
705 1560 834 1626 180
875 1562 1054 1647 seq.).
1103 1559 1565 1641 QuadrienniO,
1617 1562 1783 1649 quod
1832 1563 2003 1628 hunc
2049 1583 2286 1628 annum
2331 1562 2650 1648 praecedit

248 1669 355 1753 (ab
381 1668 487 1737 01.
514 1666 866 1745 89,3-01.
893 1666 1076 1755 90‚3)
1119 1673 1348 1735 mutuo
1391 1675 1727 1754 sumptum
1766 1690 1891 1734 non
1928 1676 2029 1735 est
2047 1717 2064 1748 ,
2086 1677 2160 1735 ut
2188 1670 2474 1747 videtur,
2502 1691 2653 1755 pace

247 1775 501 1841 scilicet
547 1774 770 1841 Niciae
815 1796 977 1841 anno
1026 1772 1127 1839 01.
1179 1772 1336 1858 89,3
1385 1777 1747 1841 constituta.
1818 1774 1943 1841 Per
1990 1776 2480 1861 quadriennium
2534 1776 2653 1841 hoc

247 1883 568 1949 succrevit
606 1881 747 1946 Diis
785 1902 862 1947 ex
908 1881 1218 1947 reditibus
1266 1884 1492 1947 annuis
1539 1880 1683 1966 plus
1724 1902 1917 1966 quam
1959 1881 2203 1948 talenta
2236 1882 2369 1947 400
2394 1931 2411 1962 ‚
2437 1886 2654 1948 minus

252 2009 448 2075 quam
477 1988 717 2053 talenta
743 1986 898 2053 800.
925 1985 1232 2067 Quocirca
1256 1988 1730 2054 verisimillime
1756 1991 2064 2054 statuitur
2086 1989 2367 2055 adfuisse
2390 1991 2458 2054 in
2486 2010 2659 2055 aera·

253 2097 367 2161 riis
392 2115 588 2171 anno,
633 2114 756 2179 quo
781 2094 986 2159 denuo
1012 2099 1241 2160 mutuo
1265 2095 1438 2159 sumi
1462 2100 1759 2180 coeptum
1787 2104 1883 2161 est
1900 2144 1917 2173 ,
1953 2094 2055 2161 01.
2083 2094 2185 2173 90,
2199 2094 2260 2173 3,
2286 2094 2433 2181 plus
2456 2115 2653 2181 quam

255 2201 369 2267 tal.
397 2200 615 2279 6000,
658 2221 804 2266 cum
847 2202 1028 2267 annis
1062 2206 1336 2286 quatuor
1359 2205 1504 2266 ante
1528 2201 1855 2287 aliquanto
1881 2204 2098 2266 minus
2120 2202 2241 2267 hoc
2266 2201 2653 2267 talentorum

254 2328 522 2375 numero
571 2308 848 2373 adfuisse
893 2306 1217 2392 probabile
1263 2312 1379 2373 est.
1428 2306 1866 2373 Kirchhovius
1887 2358 1905 2393 ,
1955 2310 2067 2394 qui
2109 2310 2409 2394 pecunias
2449 2330 2655 2375 sacras

256 2435 474 2481 omnes
516 2413 645 2479 fere
681 2416 813 2479 iam
857 2434 1018 2479 anno
1058 2412 1158 2481 01.
1185 2412 1337 2489 88.1
1381 2414 1754 2500 absumptas
1794 2414 1989 2480 fuisse
2018 2420 2238 2500 putat,
2266 2417 2357 2480 sic
2382 2417 2652 2501 accipit,

261 2559 342 2572 -
371 2529 446 2588 ut
484 2525 620 2598 iam
659 2521 1088 2587 indicavimus
1106 2571 1125 2604 ‚
1155 2557 1237 2571 —
1265 2524 1710 2587 testimonium
1752 2521 1919 2587 illud
1959 2521 2199 2587 Andoc.
2233 2521 2311 2587 de
2338 2521 2515 2588 '7000
2541 2522 2651 2587 tal.

257 2629 358 2694 his
408 2631 583 2714 pacis
629 2630 810 2693 annis
855 2629 922 2691 in
971 2646 1180 2692 arcem
1225 2630 1500 2693 invectis
1519 2674 1536 2704 ‚
1596 2634 1671 2692 ut
1716 2630 2002 2693 maxima
2048 2648 2127 2692 ex
2179 2638 2355 2712 parte
2401 2627 2657 2693 redacta

257 2733 410 2800 baec
459 2755 597 2801 esse
644 2733 858 2799 credat
902 2736 969 2797 in
1020 2733 1390 2798 thesaurum
1440 2741 1558 2798 τῶν
1596 2733 1893 2810 δημοσίων
1937 2736 2025 2818 (p.
2056 2732 2140 2797 46
2168 2734 2353 2818 seq.).
2378 2732 2656 2799 Omnino

261 2845 476 2906 tamen
543 2861 770 2925 parum
835 2837 1160 2924 probabile
1221 2847 1353 2922 est,
1403 2843 1614 2904 tantas
1657 2841 1961 2924 pecunias
2008 2840 2109 2903 his
2155 2848 2429 2925 quatuor
2477 2843 2657 2906 anuis

263 2944 456 3012 fuisse
517 2952 884 3013 reservatas.
953 2945 1124 3011 Nam
1172 2946 1425 3011 etiamsi
1471 2945 1716 3010 tributa
1762 2945 2113 3024 sociorum,
2166 2983 2248 2994 —
2300 2965 2462 3032 quae
2506 2955 2659 3012 tunc

266 3055 572 3137 temporis
631 3052 907 3140 sing-ulis
970 3053 1150 3117 annis
1196 3059 1375 3117 erant
1423 3051 1502 3116 ad
1551 3050 1791 3117 talenta
1842 3050 2019 3116 1200
2038 3099 2054 3131 ‚
2100 3089 2183 3101 —
2224 3053 2480 3140 integra
2526 3051 2661 3119 illis

267 3160 443 3222 annis
503 3159 573 3222 in
635 3179 845 3224 arcem
905 3161 1159 3225 invecta
1219 3158 1522 3236 fuissent,
1589 3177 1712 3223 11011
1778 3157 2046 3223 fuissent
2092 3158 2376 3224 confecta
2424 3157 2662 3225 talenta

266 3261 377 3329 illa
425 3262 628 3332 Ι7000.
677 3264 919 3331 Tamen
964 3269 1031 3330 in
1074 3285 1226 3350 pace
1266 3284 1519 3349 quoque
1552 3263 1841 3329 multum
1884 3264 2376 3350 impendebatur
2414 3266 2484 3328 in
2506 3263 2665 3330 clas·

269 3389 400 3436 sem
422 3418 439 3450 ‚
503 3377 570 3436 et
629 3377 774 3456 post
830 3376 1086 3438 tantum
1135 3370 1381 3436 bellum
1431 3369 1713 3455 plurima
1760 3371 2051 3436 debuisse
2100 3369 2273 3437 refici
2320 3370 2663 3436 verisimil-

272 3474 503 3542 limum
555 3482 672 3543 est.
735 3476 858 3544 Sed
905 3477 1082 3543 locus
1129 3477 1507 3560 Andocidis,
1557 3483 1633 3542 ut
1680 3481 1803 3543 rite
1849 3479 1927 3544 de
1974 3497 2047 3543 eo
2093 3477 2444 3555 iudicetur,
2488 3483 2663 3544 totus

276 3583 754 3670 conspiciendus
798 3589 913 3649 est.
985 3583 1310 3670 Principio
1357 3603 1506 3648 eum
1556 3583 1945 3649 describam:

362 3689 483 3775 (De
529 3711 682 3778 pace
729 3689 809 3769 8,
857 3690 926 3776 9)
989 3687 1160 3767 οἶμαι
1213 3689 1264 3754 δ’
1316 3691 1478 3766 ὑμᾶς
1528 3686 1829 3764 ἅπαντας
1877 3689 2095 3756 εἰδέναι
2143 3694 2323 3756 τοῦτο
2353 3738 2370 3769 ,
2420 3687 2512 3756 ὅτι
2562 3689 2665 3757 διὰ

277 3797 509 3871 ταύτην
554 3801 664 3873 τὴν
711 3798 938 3878 εἰρήνην
987 3797 1448 3877 ἑπτακισχίλια
1494 3798 1609 3873 μὲν
1658 3796 1951 3862 τάλαντα
2000 3799 2381 3875 νομίσματος
2430 3800 2515 3872 εἰς
2555 3801 2665 3873 τὴν

277 3901 600 3982 ἀκρόπολιν
646 3904 1119 3981 ἀνηνέγκαμεν,
1171 3909 1318 3975 ναῦς
1365 3903 1427 3968 δὲ
1477 3903 1724 3978 πλείους
1772 3903 1805 3980 ἢ
1848 3905 2199 3987 τριακοσίας
2226 3905 2667 3992 ἐκτησάμεθα,

279 4009 377 4070 καὶ
441 4011 624 4091 φόρος
685 4012 922 4092 προςῄει
988 4012 1130 4073 κατ’
1179 4009 1448 4074 ἐνιαυτὸν
1498 4009 1683 4075 πλέον
1733 4012 1766 4087 ἢ
1820 4009 2099 4077 διακόσια
2148 4011 2253 4078 καὶ
2300 4013 2490 4092 χίλια
2543 4013 2663 4078 τά·

281 4126 516 4202 λαντα,
582 4117 686 4182 καὶ
751 4116 1110 4198 Χερρόνησόν
1157 4139 1228 4181 τε
1272 4115 1528 4198 εἴχομεν
1576 4117 1683 4182 καὶ
1734 4115 1943 4194 Νάξον
1994 4117 2099 4184 καὶ
2150 4117 2430 4198 Εὐβοίας
2479 4119 2665 4184 πλέον

285 4217 316 4291 ἢ
343 4222 426 4285 τὰ.
461 4223 558 4290 δύο
583 4225 736 4306 μέρη
756 4247 769 4262 ·
808 4225 923 4296 τοὶς
951 4247 1024 4289 τε
1047 4221 1260 4294 ἄλλας
1286 4225 1576 4296 ἀποικίας
1606 4223 1747 4287 καθ’
1774 4222 2035 4291 ἕκαστον
2059 4223 2401 4304 διηγεῖσθαι
2429 4224 2663 4304 μακρὸς

288 4319 360 4386 ἂν
395 4325 486 4402 εἴη
526 4330 733 4408 λόγος.
774 4334 987 4396 ταῦτα
1013 4331 1064 4396 δ’
1090 4329 1342 4410 ἔχοντες
1367 4329 1454 4395 τὰ
1479 4331 1701 4408 α’γαθα
1728 4329 1923 4396 πάλιν
1948 4331 2346 4410 κατέστημεν
2370 4333 2456 4405 εἷς
2483 4332 2673 4397 πόλε-

289 4451 395 4504 μον
434 4439 574 4515 πρὸς
603 4436 1122 4518 Λακεδαιμονίους
1141 4485 1159 4516 ,
1185 4436 1529 4512 πεισθέντες
1557 4439 1662 4502 καὶ
1689 4438 1831 4505 τότε
1858 4437 1986 4525 (01.
2014 4437 2197 4526 9Ο,3)
2222 4439 2326 4505 ὑπ’
2352 4439 2669 4520 Ἀργείων.
