3150 5000
1333 292 1752 349 moremus.
2694 278 2738 349 '7

336 544 356 553 ἣ
455 466 744 555 Thucyd.
795 467 868 534 V.
926 467 1030 534 16.
1094 466 1391 536 ἐτεθνήκει
1458 467 1663 531 Κλέων
1721 492 1790 532 τε
1849 466 1954 532 καὶ
2003 466 2341 547 Βρασίδας,
2392 465 2556 547 οἵπερ
2603 470 2735 546 ἆμ-

367 576 702 657 Φοτὲρωθεν
760 574 1008 651 μαλιςα
1072 577 1448 649 ἠναντιοῦντο
1508 584 1584 655 τῇ
1639 574 1850 655 εἰρήνη.
1925 572 2102 639 Haec
2147 575 2339 641 verba
2383 578 2453 640 in
2501 595 2738 640 memo·

368 685 527 748 riam
592 682 755 747 mihi
819 686 1114 747 revocant
1174 679 1385 745 locum
1448 681 1888 765 Aristophanis
1949 683 2014 744 in
2075 681 2264 759 Pace,
2332 683 2398 745 in
2459 701 2584 766 quo
2629 702 2740 747 nos

367 788 681 855 insulsum
761 794 825 853 et
894 788 1189 873 putidum
1262 786 1582 852 emblema
1645 784 2028 852 ludificatur.
2121 786 2352 853 Editur
2421 808 2513 853 vs.
2583 784 2733 852 268.

728 889 917 964 οὗτος.
949 930 1031 943 --
1057 893 1120 958 τί
1163 891 1326 969 ἔςινς
1356 930 1437 943 -
1466 892 1530 956 οὐ
1581 891 1784 974 Φέρεις
1802 922 1824 981 5
1851 928 1940 941 —
1971 896 2041 959 τὸ
2090 892 2258 959 δεῖνα
2305 892 2431 975 γὰρ

731 998 1053 1065 ἀπόλωλεν
1104 999 1505 1075 ’Λθηναίοισιν
1551 999 1980 1080 ἁλετρίβανος.

731 1107 790 1193 [ὃ
838 1106 1236 1187 Βυρσοπῶλης
1282 1103 1342 1178 ὃς
1395 1105 1590 1171 ἐκύκα
1636 1107 1745 1180 τὴν
1791 1104 2130 1191 Ἐλλάδα]

460 1212 583 1293 Qui
630 1233 751 1279 non
798 1216 993 1278 sentit
1038 1214 1156 1279 hoc
1202 1233 1408 1301 penno
1455 1216 1668 1278 assuto
1715 1210 1995 1299 leporem
2038 1213 2406 1279 facetissimi
2445 1211 2569 1279 loci
2607 1232 2740 1278 om-

366 1341 514 1385 nem
560 1322 854 1408 extingui
897 1325 1261 1405 comparato
1308 1340 1380 1385 ea
1425 1339 1586 1405 quae
1631 1318 1710 1384 de
1758 1318 2019 1384 Brasida
2062 1319 2363 1384 dicuntur
2405 1339 2498 1385 vs.
2540 1314 2694 1383 281.

730 1428 795 1491 τί
840 1426 970 1503 ἕως
1018 1431 1146 1505 μῶν
1193 1426 1299 1491 οὐκ
1349 1418 1429 1489 αὖ
1476 1426 1716 1508 φέρεις;
1747 1425 2148 1491 -οὶπόλωλε
2191 1426 2319 1507 γὰρ

730 1532 835 1598 κα)
885 1541 1007 1606 τοῖς
1053 1532 1619 1609 Λακεδαιμονίοισιν
1664 1531 2094 1613 ἁλετρίβανος.

458 1639 612 1725 quid
658 1640 896 1705 diceres
943 1642 998 1703 si
1045 1642 1186 1724 quis
1233 1638 1457 1704 addere
1504 1637 1739 1703 vellet:

728 1746 757 1810 ὅ
804 1746 1103 1829 Βρασίδας
1154 1749 1183 1809 δ
1230 1749 1336 1810 τοῦ
1383 1753 1676 1821 πολεμεῖν
1725 1747 1860 1826 ἐρῶν
1907 1744 2028 1810 ἀεί.

458 1858 569 1917 aut
630 1852 869 1939 aliquid
934 1854 1003 1917 in
1062 1852 1222 1918 hanc
1274 1848 1696 1917 sententiam?
1743 1850 2022 1917 Insanire
2041 1898 2058 1930 ‚
2106 1853 2360 1937 opinor,
2411 1850 2737 1917 hominem

368 1959 629 2025 diceres.
1889 1974 1920 1984 ··

462 2169 750 2259 Thucyd.
776 2170 851 2237 V.
885 2169 988 2237 16.
1018 2172 1075 2237 l.
1110 2170 1336 2243 Νικίας
1386 2170 1758 2250 βουλόμενος
1797 2208 1870 2221 -
1899 2172 1958 2245 ἐς
2003 2171 2073 2239 τὸ
2123 2173 2352 2239 αὖτίκα
2401 2172 2594 2239 πόνων
2641 2198 2749 2240 πε-

368 2280 643 2345 παῦσθαι
704 2276 809 2343 καὶ
876 2278 1059 2348 αὐτὸς
1116 2278 1219 2342 καὶ
1267 2278 1405 2350 τοὺς
1456 2280 1721 2351 πολίτας
1773 2278 2095 2365 [παῦσαι].
2167 2277 2466 2347 Graeculi
2513 2282 2749 2346 miran-

370 2392 467 2451 tes
529 2385 631 2449 καὶ
700 2385 885 2456 αὐτὸς
949 2384 1053 2449 καὶ
1116 2385 1257 2453 τοὺς
1305 2386 1571 2456 πολίτας
1622 2384 1699 2449 de
1745 2405 1858 2451 suo
1903 2384 2134 2451 inutile
2179 2385 2456 2452 fulcrum
2504 2392 2746 2453 παῦσαι

370 2498 871 2580 supposuerunt,
942 2491 1106 2577 quod
1152 2494 1291 2578 ipsa
1338 2496 1676 2559 verborum
1725 2495 2095 2579 compositio
2141 2496 2358 2581 arguit
2408 2496 2514 2559 καὶ
2563 2496 2748 2569 αὐτὸς

376 2601 477 2666 καὶ
542 2601 680 2672 τοὺς
744 2602 1026 2670 πολίτας.
1099 2597 1171 2664 Si
1233 2597 1538 2665 voluisset
1596 2599 1801 2664 dicere
1846 2600 1916 2664 id
1963 2599 2128 2685 quod
2172 2603 2236 2663 in
2287 2599 2470 2666 libris
2515 2608 2612 2667 est
2655 2605 2747 2668 sic

374 2707 664 2773 dixisset:
721 2705 907 2775 αὐτός
952 2729 1024 2770 τε
1072 2707 1429 2770 πεπαῦσθαι
1478 2705 1582 2769 καὶ
1629 2705 1767 2777 τοὺς
1817 2705 2082 2777 πολίτας
2130 2711 2389 2772 παῦσαι.

462 2919 747 3007 Thucyd.
777 2917 851 2984 V.
882 2917 988 2983 16.
1020 2919 1078 2984 1.
1121 2915 1664 2994 Πλειςοοὶναξ-ἒς
1711 2918 2040 2996 ἐνθυμίΛΝ
2081 2926 2204 2992 τοῖς
2244 2919 2748 2998 Λακεδαιμονίοις

368 3027 469 3092 ἀεὶ
536 3025 1039 3106 προβαλλόμενος
1106 3023 1211 3089 ὑπ’
1277 3025 1505 3102 αὐτῶν,
1571 3023 1756 3090 ὃπότε
1817 3049 1875 3088 τι
1943 3025 2310 3105 πταίσειαν,
2369 3029 2444 3097 ὥς
2493 3027 2593 3092 διὰ
2643 3028 2749 3102 την

371 3134 594 3199 ἐκείνου
657 3131 900 3198 κάθοδον
965 3134 1495 3209 παρανομηθεῖσαν
1551 3135 1759 3195 ταῦτα
1809 3131 2160 3210 ξυμβαίνοι.
2234 3133 2605 3221 Legendum
2655 3137 2752 3199 est

372 3242 435 3312 ἐς
484 3240 839 3316 ἐνθύμιΟΝ.
911 3237 1235 3324 Quidquid
1290 3238 1625 3303 hominum
1677 3240 1910 3303 animis
1956 3240 2297 3320 reliqionem
2342 3239 2546 3304 obiicit
2593 3241 2753 3306 ἐνθύ·

372 3369 506 3424 μιον
572 3343 961 3430 appellatur,
1026 3351 1091 3410 et
1155 3347 1246 3409 sic
1309 3343 1577 3418 ἐνθύμιον
1645 3346 1944 3409 ποιεῖσθαι
2001 3344 2107 3412 vel
2168 3346 2436 3410 τίθεσθαι
2499 3346 2749 3411 dicitur.

371 3450 779 3540 Thucydides
826 3449 963 3516 VlI.
1002 3447 1109 3515 50.
1170 3453 1203 3526 ἧ
1242 3451 1465 3526 σελήνη
1509 3451 1799 3515 ἐκλείπει.
1833 3489 1914 3499 -
1942 3450 2048 3516 καὶ
2090 3455 2140 3517 οἵ
2183 3453 2484 3524 Ἀθηναῖοι
2515 3490 2596 3502 --
2625 3453 2754 3516 ἐπι-

372 3566 555 3638 σχεῖν
596 3556 871 3622 ἒκέλευον
911 3556 1050 3629 τοὺς
1100 3556 1446 3637 σρατηγοὺς
1493 3557 1762 3634 ἐνθύμιον
1811 3558 2170 3636 ποιούμενοι.
2240 3559 2427 3645 Apud
2473 3559 2755 3626 Herodo-

372 3669 510 3730 tum
560 3662 641 3728 11.
696 3661 823 3729 175
872 3662 1213 3751 legendum
1263 3671 1387 3728 est:
1430 3662 1532 3727 τὸν
1573 3663 1634 3728 δὲ
1668 3664 1946 3742 Ἄμασιν
1991 3665 2322 3741 ἐνθύμιΟΝ
2349 3666 2754 3745 ποιησάμενον

373 3773 479 3836 οὐκ
528 3770 636 3834 ε’ἅν
686 3766 775 3834 ἔτι
826 3772 1171 3850 προσωτέρω
1222 3769 1517 3844 ἑλκύσαι,
1570 3790 1683 3855 pro
1725 3772 2215 3849 ἐνθυμΙΟΤΟΝ,
2256 3793 2530 3858 namque
2553 3773 2758 3841 forma

372 3876 769 3957 ἕνθυμίζομαι
818 3878 1139 3943 veteribus
1182 3877 1503 3955 inaudita,
1554 3877 1722 3963 apud
1779 3873 2120 3944 Graeculos
2165 3899 2302 3946 sero
2341 3889 2522 3946 natos
2547 3884 2613 3946 in
2639 3902 2756 3947 usu

375 4004 509 4049 esse
570 3987 775 4069 coepit
834 4003 945 4068 pro
1008 3983 1407 4060 ἐνθυμεῖσθαι.
1479 3983 1831 4050 Emendate
1894 3985 2060 4070 apud
2119 3984 2516 4052 Herodotum
2564 3991 2758 4075 scrip·

372 4096 516 4154 tum
563 4097 657 4154 est
707 4088 875 4155 VIII.
928 4087 1033 4154 54.
1083 4089 1353 4167 ἐνθύμιόν
1400 4091 1453 4155 οἱ
1506 4090 1749 4169 ἐγένετο
1796 4091 2179 4171 ἐμπρήσαντι
2227 4092 2297 4157 τὸ
2339 4092 2512 4174 ἱερόν.
2561 4094 2757 4162 Recte

376 4194 673 4260 admonet
720 4196 1099 4260 Ammonius
1149 4195 1226 4260 de
1274 4194 1351 4260 D.
1397 4195 1467 4260 V.
1508 4217 1656 4284 pag.
1708 4195 1792 4261 52
1841 4196 2215 4275 ἐνθύμιον
2253 4199 2482 4264 ἐτίθετο
2521 4199 2620 4264 ἐπὶ
2647 4205 2752 4266 τοῦ

376 4301 818 4381 προστροπαίου
878 4303 1023 4380 παρ’
1074 4304 1398 4375 Ἀττικοῖς.
1470 4301 1782 4388 Exempla
1843 4302 2105 4392 collegit
2169 4303 2623 4372 Valckenarius
2678 4306 2757 4373 ad

380 4403 771 4472 Herodotum
823 4405 933 4475 111.
986 4405 1087 4473 75.
1143 4407 1211 4471 ἐκ
1254 4409 1369 4472 τῶν
1412 4407 1821 4489 Ἀντιφῶντος
1861 4416 2154 4491 φονικῶν,
2199 4410 2402 4476 veluti
2429 4432 2572 4498 pag.
2605 4407 2754 4476 125.
