3150 5000
1151 346 1550 398 monorus.
1888 373 1898 380 -
2454 327 2541 396 79

273 515 434 582 VIII.
495 515 616 582 83:
681 519 768 582 τοὶ
830 515 988 582 ἔπεα
1053 513 1122 592 ἦν
1167 515 1383 581 πάντα
1429 516 1724 598 κρέσσω
1776 523 1931 581 τοῖσι
1982 515 2191 595 ἥσσοσι
2238 513 2542 581 ἀντιτιθέ-

202 647 361 700 μενα.
423 623 618 711 Lege:
674 623 774 689 τὰ
824 623 1147 704 κρέσσω.

277 836 506 902 Dicitur
564 859 677 903 rex
735 837 885 904 VIII
930 835 1018 904 88
1067 837 1385 914 θηεύμενος
1433 840 1656 917 μαθεῖν
1700 837 2091 905 Artemisiae
2140 859 2369 906 navem
2416 840 2543 918 ἒμ-

215 942 599 1018 βοιλοῦσαν.
669 945 798 1009 Hic
860 945 1022 1009 mihi
1085 944 1346 1013 artificis
1406 945 1586 1011 illius
1648 948 1717 1011 in
1785 953 2069 1012 mentem
2142 949 2355 1030 venit,
2431 947 2544 1031 qui

214 1047 350 1115 Mare
401 1049 689 1116 Rubrum
747 1053 1068 1136 pinxerat,
1119 1057 1454 1137 postquam
1501 1051 1830 1118 Israelitae
1867 1054 2005 1138 jam
2051 1055 2433 1118 transierant
2478 1058 2543 1118 et

213 1157 470 1243 Aegyptii
507 1155 811 1223 fluctibus
859 1162 1036 1222 erant
1081 1159 1293 1222 mersi.
1343 1155 1534 1222 Vides
1582 1179 1775 1243 quam
1824 1160 2249 1224 necessarium
2289 1160 2374 1224 sit
2420 1159 2543 1236 ἐμ-

210 1260 660 1336 βάλλουσαν.
733 1261 979 1329 Deinde
1039 1285 1118 1330 ex
1178 1261 1404 1328 aulicis
1465 1283 1671 1341 unua,
1726 1261 2037 1343 δέσποτα,
2102 1265 2349 1349 inquit,
2399 1263 2540 1348 δρᾷς

212 1365 555 1444 ’Δρτεμισίην
616 1371 694 1440 ὥς
759 1363 826 1434 εὖ
886 1367 1258 1450 ἀγωνίζεται
1318 1369 1450 1434 κα)
1516 1369 1627 1434 νέα
1688 1376 1806 1435 τῶν
1861 1371 2172 1449 πολεμίων
2217 1368 2539 1435 κατέδυσε.

209 1469 304 1538 Sed
343 1473 506 1562 lege:
560 1465 593 1548 ἢ
639 1475 818 1550 καί,

272 1685 546 1752 Nondum
596 1687 996 1754 intellectum
1043 1690 1207 1766 fuit,
1255 1694 1565 1774 quantum
1613 1689 1838 1767 viden,
1878 1689 2236 1776 cujusmodi
2275 1703 2541 1768 λαμπα-

204 1789 416 1870 δηφορία
464 1794 694 1872 fuerit,
745 1815 937 1880 quam
983 1793 1213 1862 Graeci
1260 1795 1440 1861 festis
1488 1796 1711 1861 diebus
1758 1795 2178 1862 celebrabant.
2250 1796 2393 1863 Non
2440 1800 2543 1862 in-

205 1895 410 1964 tellexit
452 1907 622 1966 certe
667 1899 962 1966 Muretus
1009 1921 1197 1986 quem
1249 1900 1719 1968 Stallbaumius
1766 1899 1989 1967 laudat
2034 1901 2114 1967 ad
2160 1902 2327 1968 Plat.
2380 1899 2542 1989 Rep.

204 1999 230 2065 I
267 2001 378 2068 328
421 2004 519 2071 A:
575 2005 744 2087 „Qui
788 2007 1180 2072 curriculum
1229 2029 1419 2073 suum
1467 2007 1894 2085 confecerant,
1945 2008 2164 2073 ordine
2200 2007 2345 2074 aliis
2383 2008 2544 2074 lam-

205 2109 362 2192 padas
412 2112 763 2178 tradebant.
849 2111 1031 2178 Unde
1092 2113 1258 2179 illud
1323 2113 1801 2202 elegantissime
1861 2113 2110 2179 dictum
2169 2133 2206 2179 a
2274 2113 2542 2180 Platone

203 2211 364 2304 lagg.
427 2217 516 2284 VI
580 2217 712 2286 '776
761 2219 849 2284 B:
899 2219 1241 2298 γεννῶντάς
1288 2245 1357 2285 τε
1405 2221 1509 2284 καὶ
1563 2219 1973 2299 ἐκτρέφοντας
2021 2219 2293 2298 παῖδας,
2345 2219 2542 2285 καθά-

203 2341 290 2400 τερ
349 2324 662 2402 λαμπάδα
733 2325 836 2390 τὸν
903 2325 1041 2403 βίον
1109 2325 1558 2406 παραδιδόντας
1629 2324 1846 2400 ἄλλοις
1911 2323 1981 2403 ἐξ
2041 2325 2284 2405 ἄλλων,
2347 2347 2539 2413 quem

201 2423 375 2494 locum
417 2433 507 2498 sio
555 2435 868 2519 expressit
914 2433 1249 2501 Lucretius
1294 2432 1355 2498 II
1404 2432 1528 2503 ¹78:

427 2539 628 2625 Inque
674 2541 855 2606 brevi
901 2544 1106 2626 spatio
1154 2546 1488 2607 mutantur
1533 2540 1702 2607 secla
1742 2542 2141 2607 animantum
2164 2588 2181 2619 ‚

427 2644 510 2710 Et
555 2649 738 2731 quasi
784 2668 1068 2713 cursores
1114 2646 1275 2713 vitai
1320 2646 1619 2733 lampada
1664 2646 1993 2711 tradunt”.

199 2744 419 2815 Rectius
475 2753 828 2818 secundum
887 2750 1389 2819 Stallbaumium
1452 2749 2106 2818 Schleiermacherus:
2175 2758 2311 2817 Dm
2369 2753 2537 2830 eye-

199 2877 358 2931 νισμα
413 2860 638 2924 echeint
697 2861 866 2925 nicht
917 2882 1177 2941 ¹qe’weeen
1236 2883 1310 2924 zu
1369 2860 1496 2923 sein
1511 2906 1528 2937 ,
1592 2860 1701 2923 mit
1747 2860 1855 2923 der
1900 2860 2273 2923 brennenden
2321 2858 2545 2923 Fackel

199 2983 262 3023 an
315 2965 516 3046 iryend
577 2966 764 3030 ciuem
825 2966 993 3031 Ziele
1049 2966 1462 3031 anzukommen
1482 3012 1498 3042 ‚
1551 2966 1808 3029 sondern
1853 2986 1971 3029 mar
2015 2965 2140 3029 sich
2185 2966 2347 3028 ihrer
2391 2966 2539 3029 noch

201 3066 463 3135 brennend
516 3096 592 3135 zu
647 3072 1001 3154 entlediqen.
1087 3072 1379 3138 Absurde
1424 3070 1562 3136 ludi
1609 3070 1713 3136 lex
1761 3075 1827 3136 et
1872 3076 2187 3157 repugnat
2231 3068 2543 3135 Herodoti

199 3179 497 3242 auctoritas
545 3176 718 3243 VIII
766 3176 878 3255 98,
933 3180 1046 3243 ubi
1091 3178 1391 3243 describit
1436 3176 1751 3262 quomodo
1789 3178 2009 3241 nuncii
2048 3197 2159 3261 per
2195 3177 2540 3261 imperium

199 3274 494 3347 Persarum
544 3282 876 3349 celerrime
914 3284 1355 3369 perferrentur.
1405 3285 1480 3347 ’O
1522 3282 1637 3360 μὲν
1677 3280 1747 3356 δὴ
1787 3289 2014 3362 πρῶτος
2060 3281 2301 3361 δραμὼν
2341 3306 2545 3363 παρα·

200 3381 319 3451 διδοῖ
367 3389 447 3453 τοὶ
509 3390 938 3467 ἐντεταλμένα
984 3390 1070 3470 τῷ
1117 3388 1404 3468 δευτέρῳ,
1457 3389 1484 3453 ὅ
1533 3388 1597 3451 δὲ
1643 3387 1917 3469 δεύτερος
1964 3390 2047 3467 τῷ
2095 3388 2275 3469 τρίτῳ
2302 3410 2319 3427 ·
2367 3390 2438 3454 τὸ
2485 3388 2539 3451 δ’

199 3488 424 3558 ἐνθεῦτεν
508 3496 619 3572 ἤδη
705 3500 847 3561 κατ’
940 3494 1132 3561 ἄλλον
1218 3494 1604 3574 διεξέρχεται
1676 3493 2174 3573 παραδιδόμενα,
2250 3493 2538 3574 κατοὶπερ

195 3590 424 3674 Ἕλλησι
480 3602 515 3675 ἦ
584 3603 1072 3685 λαμπαδηφορίη
1133 3604 1244 3677 τὴν
1305 3604 1388 3681 τῷ
1437 3600 1730 3681 Ἠφαίς-ιρ
1779 3600 2177 3667 ἐπιτελέουσι.
2250 3600 2395 3666 Non
2444 3604 2541 3665 est

200 3697 415 3772 difficile
473 3710 783 3794 conjicere
843 3706 1204 3773 cuiusmodi
1264 3706 1384 3773 hoc
1443 3706 1767 3773 ludicrum
1826 3706 2043 3771 fuerit.
2129 3704 2299 3785 Quot
2360 3711 2541 3770 erant

199 3802 362 3896 faces,
423 3818 521 3878 tot
583 3818 764 3879 erant
819 3812 1122 3880 factiones
1173 3814 1522 3901 juvenum,
1584 3814 1697 3897 qui
1741 3814 1808 3877 in
1856 3812 2063 3878 stadio
2107 3815 2293 3877 certis
2338 3813 2539 3877 inter-

199 3912 352 3982 vallis
406 3918 696 4006 dispositi
745 3922 1032 3997 stabant,
1081 3918 1398 3985 coloribus
1444 3920 1664 4004 opinor
1711 3917 1935 3985 aliisve
1982 3917 2344 4004 insignibus
2390 3937 2540 3983 con-

201 4022 384 4102 spioni.
453 4028 797 4111 Acceptam
863 4027 1066 4091 facem
1116 4028 1545 4110 unusquisque
1592 4030 1842 4109 portare
1888 4024 2156 4090 debebat
2203 4024 2283 4090 ad
2330 4026 2547 4109 proxi-

201 4142 338 4192 mam
376 4134 712 4197 stationem
749 4133 964 4217 ibique
1005 4131 1249 4197 tradere
1281 4130 1673 4197 adulescenti
1699 4153 1844 4194 mae
1868 4131 2177 4197 factionis.
2224 4128 2547 4196 Vincebat

193 4228 384 4313 sacch,
445 4242 629 4324 cujus
673 4260 916 4303 accensa
965 4238 1072 4304 fax
1117 4240 1325 4323 prima
1369 4246 1741 4323 pervenerat
1787 4236 1866 4303 ad
1912 4244 2175 4302 metam.
2245 4237 2367 4301 Ars
2407 4240 2543 4302 erat

203 4340 250 4397 et
285 4344 572 4409 currendo
620 4344 898 4430 reliquos
943 4364 1237 4430 superare
1285 4351 1348 4411 et
1395 4364 1655 4409 cursum
1708 4348 1959 4410 mature
2004 4344 2323 4421 inhibere,
2388 4362 2539 4407 nam

203 4441 242 4504 ti
291 4450 418 4535 quis
477 4468 902 4517 successorem
966 4470 1154 4517 suum
1175 4499 1192 4532 ‚
1241 4450 1396 4516 dum
1445 4452 1626 4517 omni
1671 4452 1919 4536 impetu
1968 4450 2317 4534 ferebatur,
2362 4468 2541 4535 prae-
