3150 5000
1277 325 1520 386 munao.
2453 305 2588 376 293

229 491 348 558 ciso
395 511 538 558 saxo
581 493 896 558 niteretur
912 539 931 576 ‚
977 495 1053 555 ut
1076 529 1164 540 —-
1188 489 1534 556 incolumis
1577 493 1771 572 atque
1813 490 2057 554 intacta
2102 488 2587 573 permanserit”.

307 595 432 674 „Ut
485 597 574 662 ita
619 599 874 664 munita
917 594 1062 662 arx'’
1111 615 1238 662 non
1283 604 1454 662 recte
1500 615 1568 660 se
1613 594 1843 679 habet3
1890 594 2207 679 quomodo
2252 598 2425 662 enim
2472 619 2588 666 arx

222 702 452 769 munita
505 702 702 770 fuerit
722 749 741 779 ,
803 722 884 768 ex
944 701 1376 788 superioribus
1437 721 1559 766 nou
1624 702 2050 784 consequitur.
2136 698 2351 768 Sensit
2418 710 2588 771 recte

223 806 420 876 Christ
476 813 542 876 et
601 816 672 874 ut
732 807 1072 875 collocavit
1133 813 1278 894 post
1321 829 1454 872 ara.
1527 805 1655 872 Sed
1701 812 2022 891 praeterea
2052 828 2192 873 uon
2242 810 2399 876 bene
2443 831 2589 878 con·

222 919 470 983 veniunt
527 918 698 982 inter
759 936 826 982 se
889 915 1008 980 niti
1069 920 1135 980 et
1191 914 1598 978 circumiectis
1618 959 1634 992 ,
1680 914 1912 978 nititur
1955 912 2197 998 aliquid
2246 917 2583 1003 subiectis3

221 1025 419 1107 itaque
477 1021 600 1086 niti
660 1020 962 1087 translate
1023 1025 1402 1106 usurpatum
1467 1025 1660 1095 esset,
1730 1024 1796 1083 et
1856 1017 2137 1084 delectus
2186 1021 2364 1085 verbi
2407 1021 2589 1088 illius

221 1149 428 1215 parum
467 1127 826 1216 elegantiae
863 1125 1184 1213 prodesset
1199 1175 1218 1202 ‚
1261 1127 1515 1211 propria
1553 1121 2017 1212 significatione
2050 1123 2235 1209 plane
2271 1126 2585 1213 neglecte.

221 1235 464 1302 Accedit
525 1234 696 1320 quod
754 1255 868 1300 arx
927 1236 997 1298 in
1059 1235 1199 1318 ipso
1257 1232 1497 1298 vertice
1549 1229 2027 1316 septentrionali
2072 1227 2419 1316 Capitolini
2466 1236 2593 1301 sita

221 1361 330 1406 non
383 1339 782 1408 circumdata
843 1340 1014 1404 saxis
1076 1337 1184 1404 sed
1249 1339 1554 1422 imposita
1611 1342 1728 1401 est.
1817 1335 2162 1405 Vaticanus
2226 1337 2419 1404 habet
2486 1339 2591 1426 (ut

222 1453 305 1512 est
343 1446 412 1512 in
461 1445 566 1512 Or.
622 1445 690 1532 1)
735 1449 1106 1509 circumiectu
1152 1443 1276 1528 (M.
1323 1465 1368 1506 u
1409 1449 1647 1528 puncto
1692 1449 1906 1521 notat,
1956 1443 2065 1508 sed
2100 1445 2361 1531 signum
2396 1445 2593 1512 inter-

221 1552 473 1640 rogandi
531 1550 776 1636 addit),
839 1570 1032 1635 quare
1079 1551 1362 1634 suspicor
1406 1551 1641 1614 omisso
1686 1548 1981 1613 niteretur
2024 1547 2369 1635 legendum
2418 1571 2589 1618 esset

223 1664 443 1744 „atque
500 1659 596 1723 ita
653 1658 906 1723 munita
969 1676 1080 1721 arx
1143 1657 1555 1720 circumiectu
1622 1653 1819 1721 arduo
1880 1659 1945 1718 et
1991 1657 2174 1738 quasi
2213 1657 2591 1724 circumciso

222 1784 388 1842 saxo,
443 1762 553 1828 ut''
603 1799 713 1827 —.
781 1761 1028 1846 Nempe
1075 1780 1227 1826 saxa
1273 1765 1454 1826 erant
1492 1763 1675 1844 quasi
1716 1779 1829 1846 pro
1866 1763 2127 1826 amictu.
2181 1758 2349 1827 Cum
2389 1763 2593 1830 semel

225 1881 282 1934 nt
335 1871 788 1955 interpositum
849 1873 916 1933 et
976 1872 1345 1934 circumiecto
1391 1869 1698 1952 scriptum
1750 1873 1917 1932 esset
1962 1869 2401 1953 requirebatur
2445 1891 2589 1937 ver-

223 1975 359 2040 bum
408 1974 694 2059 aliquod.
729 2011 814 2024 —
849 1973 1042 2038 Prius
1089 1984 1158 2037 ut
1195 1974 1272 2038 de
1313 1975 1675 2038 coniectura
1708 1976 2022 2038 insertum
2060 1976 2137 2039 ab
2180 1973 2419 2042 Orellio
2456 1986 2589 2057 est,

221 2081 314 2146 sed
333 2127 352 2158 ‚
399 2084 662 2166 opinor,
708 2079 918 2147 alieno
963 2078 1102 2146 loeo
1118 2099 1136 2158 ς
1185 2100 1336 2146 nam
1387 2099 1506 2156 „ex
1547 2082 1721 2144 omni
1764 2086 1943 2162 parte
1968 2081 2183 2146 arduis
2206 2086 2591 2169 praeruptis·

223 2207 330 2270 que
387 2185 750 2252 montibus”
810 2184 1132 2270 explicant
1193 2205 1307 2250 cur
1366 2205 1572 2262 „unus
1637 2184 1885 2250 aditus''
1949 2187 2171 2265 fuerit3
2224 2191 2589 2256 concinnius

223 2294 408 2379 igitur
459 2292 715 2359 videtur
759 2299 828 2356 ut
875 2297 1020 2356 ante
1070 2312 1192 2369 „ex
1232 2289 1452 2356 omui’'
1492 2289 1818 2357 collocare.
1878 2291 1953 2356 Ut
1993 2296 2305 2359 omissum
2328 2297 2395 2359 in
2420 2317 2590 2361 mar·

223 2400 357 2484 gine
417 2399 701 2483 positum
763 2397 1012 2462 duobus
1076 2396 1231 2462 locis
1291 2400 1742 2482 interpositum
1807 2404 1902 2464 est
1962 2399 2071 2464 sed
2127 2410 2363 2466 neutro·
2398 2409 2585 2470 recte.

224 2503 492 2571 Eandem
542 2506 858 2592 originem
907 2504 1300 2589 corruptelae
1347 2504 1496 2570 vide
1543 2503 1591 2568 1.
1644 2502 1753 2569 47.

299 2610 700 2678 Vocabulum
753 2617 1104 2694 potentatus
1148 2630 1294 2675 cum
1345 2608 1500 2674 olim
1551 2630 1701 2674 cum
1752 2609 1897 2676 aliis
1944 2609 2230 2677 Ciceroni
2276 2614 2589 2680 adscribe-

225 2736 380 2803 rem,
439 2716 732 2804 fugiebat
794 2736 900 2781 me
962 2735 1000 2781 a
1047 2736 1240 2781 manu
1288 2723 1540 2780 tautum
1590 2718 1797 2800 priore
1842 2738 1975 2783 esse
2026 2718 2333 2784 traditum
2381 2722 2418 2803 §
2469 2720 2583 2785 14:

231 2843 402 2899 „cum
440 2822 520 2888 ad
561 2842 710 2887 eum
755 2819 1160 2907 (Romulum)
1199 2828 1538 2904 potentatus
1579 2824 1789 2887 omnis
1828 2822 2240 2890 reccidisset”.
2268 2824 2373 2890 Sic
2396 2828 2593 2911 scrip·

230 2932 354 2993 tum
401 2934 581 3006 erat3'
631 2927 831 2993 altera
879 2946 1106 2992 manus
1153 2929 1433 2992 mutavit
1478 2928 1544 2991 in
1593 2928 1929 2991 dominatus·
1974 2937 2039 2994 et
2084 2934 2363 3016 pessimo
2407 2952 2592 2997 voca·

229 3032 362 3100 bulo
420 3054 536 3101 nos
588 3032 856 3110 liberat,
922 3032 1090 3117 quod
1152 3032 1416 3097 fortasse
1461 3036 1716 3097 exstitit
1762 3035 2023 3099 confusa
2069 3034 2285 3122 glossa
2317 3038 2595 3119 potentia

231 3158 362 3205 cum
406 3159 559 3206 vera
601 3137 872 3205 lectione
918 3138 1270 3203 dominatae.
1344 3137 1406 3203 N
1409 3157 1487 3202 on
1537 3140 1709 3203 enim
1759 3142 2117 3206 existimari
2158 3149 2367 3227 potest
2400 3142 2595 3209 libra-

230 3245 348 3311 rius
405 3245 677 3311 offensus
739 3265 872 3311 esse
930 3243 1240 3311 vocabulo
1289 3251 1637 3326 potentatus
1654 3292 1671 3323 ‚
1732 3246 1901 3330 quod
1947 3249 2151 3333 ipsius
2196 3254 2481 3333 tempore
2526 3251 2595 3315 in

230 3369 338 3415 usu
379 3356 513 3418 erat
559 3356 626 3415 et
671 3370 708 3415 a
747 3345 1012 3417 Caesare
1051 3356 1115 3415 et
1155 3348 1342 3415 Livio
1383 3350 1659 3436 singulis
1697 3350 1855 3417 locis
1898 3353 2177 3419 creditur
2215 3362 2593 3439 usurpatum

233 3457 324 3541 (de
365 3458 530 3525 bello
578 3456 660 3524 G.
711 3454 762 3523 Ι.
813 3456 932 3541 31,
981 3456 1054 3535 L.
1105 3454 1372 3520 XXVII.
1425 3454 1555 3541 38).
1632 3456 1861 3523 Simile
1902 3466 1998 3524 est
2036 3459 2129 3525 11.
2172 3460 2293 3526 55:
2337 3462 2596 3546 „itaque

233 3561 547 3630 Publicola
591 3562 736 3651 lege
779 3562 896 3629 illa
942 3564 1021 3629 de
1067 3564 1508 3648 provocatione
1553 3564 1963 3647 mblataperca
2010 3566 2231 3630 statim
2292 3566 2597 3654 securis”,

235 3668 358 3733 rell.
425 3668 772 3735 Manifesto
817 3667 1162 3757 legendum
1205 3670 1465 3751 perlata.
1537 3667 1827 3735 Secunda
1866 3691 2094 3736 manus
2132 3671 2261 3756 (,‚c¹
2304 3676 2378 3736 ut
2414 3672 2597 3737 vid.”

235 3772 401 3860 Mau)
463 3776 772 3860 expunxit
815 3773 1066 3841 litteras
1112 3782 1300 3857 caper.
1373 3772 1601 3839 Restat
1646 3777 1735 3839 sic
1782 3778 2017 3841 sublata
2036 3824 2051 3853 ,
2104 3779 2336 3843 vitiosa
2382 3776 2595 3846 lectio.

235 3876 472 3947 Scilicet
538 3900 689 3947 vera
750 3880 941 3949 lectio
999 3880 1313 3969 quomodo
1375 3881 1767 4011 reffkituenda
1826 3888 1989 3949 esset
2033 3883 2349 3969 adscripto
2386 3893 2599 3966 per-ta

235 4024 698 4110 significabatur
715 4074 736 4109 ,
797 4024 1106 4109 scriptum
1169 4031 1340 4089 erat:
1403 4041 1748 4091 sonuum
1804 4028 1951 4091 inde
2020 4029 2205 4094 iuxta
2272 4028 2598 4097 collocatis

227 4142 430 4208 per-ta
471 4132 714 4198 factum
763 4147 1280 4199 §unumunu-

327 4308 426 4376 18.
495 4312 702 4393 „Nam
767 4318 1024 4379 centum
1088 4318 1152 4377 et
1211 4319 1353 4379 octo
1414 4314 1596 4378 annis
1650 4320 1985 4399 postquam
2033 4314 2372 4407 Lycurgus
2418 4317 2595 4406 leges

246 4416 494 4486 scribere
535 4420 858 4498 instituit,-
909 4422 1118 4504 prima
1166 4422 1372 4504 posita
1417 4427 1516 4485 est
1561 4418 1964 4506 Olympias”.

2250 4544 2312 4596 10
