3150 5000
530 331 616 400 78
1513 351 1912 401 monoruS.

617 517 773 584 VH.
821 517 944 586 24:
995 514 1150 591 ἦσαν
1199 519 1261 585 δὲ
1308 519 1446 585 καὶ
1497 517 1601 584 δύο
1648 516 1958 598 μυριάδες.
2028 517 2235 605 Lege:
2278 518 2395 586 ὥς.
2442 513 2568 578 Sed
2612 511 2768 577 leve
2808 509 2941 575 hoc

527 645 662 690 esse
725 625 923 708 dices,
987 626 1202 710 itaque
1265 625 1414 690 vide
1467 625 1706 690 ibidem
1754 623 1945 710 paulo
1990 625 2256 711 gravius
2303 622 2565 686 vitium.
2637 616 2943 682 Interro-

527 733 667 818 gati
727 731 1002 796 Arcades
1066 731 1328 816 quidam
1390 751 1600 796 coram
1662 750 1812 818 rege
1865 728 2204 795 Persarum
2251 727 2329 793 de
2374 727 2663 812 praemio
2682 774 2700 808 ,
2754 721 2943 808 quod

528 834 884 922 Olympicis
919 835 1090 903 ludis
1129 838 1422 921 daretur,
1463 832 1633 901 εἶπον
1673 845 1784 908 τῆς
1831 837 2045 909 ἐλαίης
2092 837 2199 900 τὸν
2242 833 2669 909 διδόμενον
2718 830 2945 908 ςέφα-

526 967 640 1008 νον.
707 941 1128 1030 participium
1193 942 1494 1019 διδόμενον
1555 943 1660 1008 hic
1706 962 1893 1008 nemo
1936 943 2115 1007 feret.
2187 939 2480 1025 Repone:
2535 935 2759 1002 ιέοίδι
2778 957 2943 1014 μον

526 1049 1730 1135 (ΔΙΔΟΜΕΝοΝ-ΑΟΙΔῙΜΟΝ).
1822 1048 1984 1114 Vide
2043 1047 2359 1133 quomodo
2416 1043 2717 1109 Muretus
2787 1060 2941 1106 cor-

523 1159 759 1221 rexerit
803 1154 968 1220 Plat.
1017 1155 1176 1240 Rep.
1227 1154 1289 1220 11
1337 1154 1471 1220 364
1517 1153 1591 1222 O.

611 1351 915 1417 Sacerdos
961 1350 1286 1436 Apollinis
1331 1350 1489 1416 VIII
1533 1349 1617 1416 37
1658 1351 1837 1417 videt
1878 1355 2025 1416 ante
2063 1349 2285 1416 aedem
2324 1346 2501 1413 ὅπλα
2540 1344 2943 1427 προκείμενα

523 1455 737 1522 ἔσωθεν
783 1457 852 1521 ἐκ
897 1461 1004 1522 τοῦ
1043 1456 1322 1536 μεγάρου
1363 1457 1835 1536 ἐξενηνειγμένα
1876 1457 1899 1521 ἱ
1914 1455 2038 1535 pai·
2086 1459 2367 1541 primum
2406 1475 2537 1520 non
2575 1473 2743 1538 opus
2790 1456 2945 1518 erat

521 1561 729 1628 dicere
774 1563 876 1640 ἱροὶ
921 1583 1056 1628 esse
1100 1562 1217 1628 illa
1261 1583 1473 1648 arma;
1531 1562 1651 1642 ἱρόν
1696 1564 1867 1628 enim
1915 1567 2055 1628 erat
2100 1560 2411 1646 quidquid
2460 1563 2530 1624 in
2578 1556 2943 1644 penetrali-

525 1667 647 1732 bus
711 1668 1166 1733 asservabatur.
1248 1667 1494 1733 Deinde
1535 1669 1591 1732 si
1639 1657 1738 1747 ἱρά
1786 1670 2157 1753 praecessit,
2206 1686 2401 1752 quam
2450 1663 2785 1731 inutiliter
2834 1683 2943 1728 se-

525 1774 776 1857 quitur:
841 1779 959 1838 τῶν
1019 1775 1126 1838 οὐκ
1187 1768 1342 1838 ὅσιον
1405 1771 1471 1846 ἦν
1532 1771 1843 1839 ἅπτεσθαι
1904 1774 2225 1854 ἀνθρώπων
2286 1771 2501 1838 οὐδενί.
2570 1769 2701 1836 Sed
2750 1765 2944 1834 &raa

524 1877 786 1942 fuerunt
853 1879 898 1942 οἱ
911 1900 941 1957 ρ
959 1879 992 1953 ἡ
1013 1900 1030 1941 ι
1049 1903 1094 1944 α
1159 1881 1419 1963 ipseque
1485 1877 1849 1944 Herodotus
1914 1899 2065 1944 mox
2134 1879 2358 1944 eodem
2422 1875 2541 1943 illo
2600 1875 2941 1962 adjectivo

522 1984 752 2048 utitur.

615 2177 800 2243 VIII.
843 2177 966 2245 60:
1009 2178 1198 2244 τότε
1242 2181 1357 2258 μὲν
1403 2180 1592 2257 ἠπίως
1640 2183 1785 2262 πρὸς
1825 2181 1928 2246 τὸν
1968 2181 2259 2262 Κορίνθιον
2294 2182 2664 2262 ἀμείψατο,
2700 2179 2937 2264 requi-

524 2285 692 2347 ritur
741 2289 976 2348 τοῦτο
1023 2290 1089 2350 et
1133 2286 1201 2349 in
1248 2284 1379 2350 illis
1422 2306 1581 2371 quae
1620 2293 2004 2373 sequuntur:
2050 2287 2396 2368 παρεόντων
2435 2287 2565 2368 γὰρ
2605 2293 2729 2372 τῶν
2770 2309 2937 2363 συμ-

527 2387 760 2469 μάχων
807 2388 988 2469 ἔφερέ
1034 2391 1086 2453 οἱ
1135 2389 1358 2467 κόσμον
1401 2390 1613 2457 οὐδένα
1662 2393 2232 2473 κατηγορέειν,
2289 2393 2479 2460 facile
2522 2391 2937 2480 persuadebo

523 2515 752 2561 verum
801 2516 934 2560 esse
979 2494 1546 2576 κακηγορέειν.

615 2690 795 2757 VIII.
869 2691 953 2758 69
977 2710 993 2755 ε
1059 2691 1414 2768 καταδόξας
1477 2693 1622 2772 πρὸς
1670 2696 1782 2773 μὲν
1828 2698 2068 2780 Εὐβοίῃ
2115 2696 2325 2780 σφέας
2373 2694 2807 2763 ἐθελοκακέειν
2857 2698 2941 2769 ὥς

520 2799 588 2862 οὗ
637 2796 963 2876 παρεόντος
1009 2798 1200 2862 αὐτοῦ
1223 2844 1240 2874 ,
1289 2796 1429 2861 τότε
1478 2796 1540 2862 δὲ
1590 2798 1777 2871 αὐτὸς
1824 2805 2239 2881 παρεσκεύ
2261 2827 2406 2872 αςο
2455 2804 2717 2879 Ousia-a
2740 2802 2938 2867 σθαι

530 2902 1031 2982 ναυμαχέοντας.
1115 2900 1447 2988 Expuncto
1509 2930 1558 2969 π
1576 2929 1621 2970 α
1637 2931 1667 2987 ρ
1686 2932 1715 2971 ε
1731 2932 1770 2971 o·
1787 2931 1825 2972 κ
1844 2934 1874 2973 ε
1896 2906 1930 2973 d
1947 2933 1990 2973 α
2008 2934 2046 2979 ς·
2065 2933 2093 2974 ο
2156 2909 2510 2998 legendum
2584 2915 2685 2977 est
2762 2910 2795 2974 θ
2816 2936 2853 2985 η
2874 2910 2945 2985 ή-

525 3008 834 3071 σεσθαμ

612 3197 958 3263 Oraculum
1008 3204 1104 3264 est
1146 3200 1306 3265 VIII
1354 3199 1472 3269 7¹7:

789 3302 891 3369 δῖα
943 3304 1102 3377 Δίκη
1147 3303 1402 3381 σβέσσει
1451 3312 1735 3389 κρατερὸν
1780 3311 1995 3393 Κόρον,
2041 3317 2297 3397 ’Ὕβριος
2342 3318 2471 3385 υἱὸν

793 3408 980 3473 δεινὸν
1023 3411 1420 3491 μαιμώοντα,
1465 3413 1733 3481 δοκεῦντ’
1778 3420 1932 3484 ἀνὰ
1978 3422 2257 3487 πάντα
2304 3424 2716 3493 πιθέσθαι.

526 3513 825 3579 Absurda
886 3514 1196 3598 scriptura
1265 3524 1392 3595 θείη
1459 3518 1821 3608 intelligam
1884 3524 2153 3591 δοκεῦντ’
2218 3527 2402 3606 ἅμα
2460 3531 2707 3598 πάντ’
2759 3534 2937 3617 ἔφι-

519 3618 602 3681 κέ
621 3641 660 3680 e
677 3620 706 3682 θ
726 3642 767 3681 α
788 3641 806 3681 ι
827 3664 844 3696 ,
891 3618 1002 3683 sed
1042 3621 1352 3703 ejusmodi
1393 3626 1782 3709 corruptelae
1806 3649 2158 3715 numquam
2182 3655 2443 3719 prorsus
2472 3644 2649 3705 certa
2673 3644 2939 3709 ratione

519 3725 728 3787 sanari
772 3728 1084 3806 poterunt.

613 3900 848 3971 Contra
911 3906 1065 3969 satis
1112 3911 1352 3971 certum
1400 3908 1564 3973 mihi
1614 3912 1866 3978 videtur
1912 3914 2074 3982 VIII
2118 3917 2207 3983 80
2255 3923 2698 4009 supplendum
2747 3950 2933 3997 esse:

517 4005 636 4071 ἵσθι
684 4006 810 4087 γὰρ
859 4007 927 4086 ἐξ
972 4006 1113 4084 ε’μέο
1161 4009 1671 4095 (ποιεύμενα)
1718 4017 1803 4081 τὰ
1850 4021 2185 4098 ποιεύμενα
2236 4027 2357 4091 ὑπὸ
2405 4030 2662 4107 Μήδων.

605 4204 961 4270 Notissima
1021 4204 1266 4290 ellipsis
1329 4210 1721 4275 restituenda
1784 4213 2039 4281 videtur
2098 4218 2251 4287 VIII
2312 4223 2435 4291 80:
2487 4230 2561 4305 ἢν
2608 4232 2730 4307 μὲν
2780 4236 2935 4301 πεί-

519 4313 772 4411 θωνται,
824 4310 1124 4395 [ταῦτα
1174 4310 1254 4383 δὴ
1300 4312 1401 4377 τοὶ
1447 4313 1876 4401 xviam-rad,
1927 4321 1995 4394 ἢν
2042 4322 2096 4386 δ’
2147 4328 2393 4394 αὐτοῖο-ι
2441 4334 2534 4410 μὴ
2584 4338 2757 4407 mcc}
2810 4340 2934 4421 γέ-

514 4437 727 4500 νηται,
774 4414 972 4492 ὁμοῖον
1017 4418 1163 4493 ἡμῖν
1209 4415 1366 4485 ἔται.
