3150 5000
487 217 619 286 438
1465 236 1885 288 caranum.

486 399 821 476 Catullus?
859 409 1171 469 terrarum
1194 449 1209 480 ,
1260 407 1414 488 puto
1434 451 1450 480 ,
1502 404 1790 472 dominos
1838 407 2141 492 quosdam
2195 406 2532 494 tangebat,
2583 405 2872 489 Europae

484 512 674 594 atque
712 511 900 576 Asiae
946 511 1238 576 victores.
1287 529 1453 576 nunc
1500 510 1577 576 de
1625 513 1838 578 verbis
1882 515 2038 600 ipsis
2081 511 2439 579 videamus.
2488 510 2686 578 multi
2733 513 2876 595 post

484 615 646 680 ultor
691 635 804 700 pro
850 635 975 700 quo
1020 617 1200 680 multo
1246 617 1452 680 horum
1501 621 1708 684 cetera
1756 619 2072 684 coniciunt
2124 617 2532 706 distinguunt
2579 615 2693 683 sed
2736 619 2876 702 ipsa

486 721 826 789 verborum
887 724 1050 788 ratio
1111 722 1295 788 docet
1348 728 1489 808 post
1552 725 1841 788 maximus
1903 723 2452 810 distinguendum.
2518 729 2713 809 atque
2760 724 2876 788 hoc

486 827 744 914 quidem
806 827 991 894 facile
1050 835 1205 894 erat.
1271 851 1437 896 nunc
1500 833 1567 895 in
1630 834 1831 917 ipsam
1884 830 2044 896 mali
2090 830 2303 896 sedem
2351 833 2767 916 pervenimus
2811 832 2876 894 in

486 955 613 1019 qua
657 934 1075 1022 expugnanda
1114 937 1411 1001 omnibus
1450 937 1710 1002 auxiliis
1749 938 2056 1003 utendum
2104 941 2230 1012 est,
2265 935 2508 1003 Catulli
2549 938 2876 1022 imprlmis

486 1044 598 1127 qui
665 1044 803 1127 ipse
861 1042 985 1106 sibi
1046 1040 1469 1127 opitulabitur
1525 1043 1681 1109 dum
1747 1044 1934 1110 modo
1996 1065 2107 1130 per
2167 1045 2338 1109 viros
2398 1043 2616 1108 doctos
2661 1042 2876 1108 liceat.

490 1144 687 1234 quid?
751 1148 863 1232 qui
923 1169 1123 1212 unum
1190 1154 1380 1234 atque
1426 1150 1599 1215 idem
1649 1152 1918 1218 verbum
1964 1153 2057 1216 ita
2103 1151 2462 1235 frequentat
2508 1155 2582 1214 ut
2629 1149 2882 1214 duobus

491 1255 781 1321 versibus
839 1277 1083 1334 maynus
1132 1291 1215 1304 —
1266 1251 1552 1320 mad-imm
1603 1295 1688 1305 —
1735 1281 1946 1338 mayna
1994 1258 2294 1322 continua
2339 1258 2502 1321 serie
2549 1260 2846 1321 conectat
2865 1304 2880 1326 ‚

488 1379 641 1426 eum
703 1357 866 1423 nihil
930 1379 1117 1446 agere
1175 1359 1421 1426 credis?
1482 1383 1561 1426 an
1622 1365 1963 1449 quicquam
2011 1362 2088 1427 de
2133 1361 2375 1449 Magno
2419 1361 2535 1426 illo
2583 1356 2882 1426 subolet?

490 1460 775 1532 Catullo
816 1466 1070 1532 accedat
1138 1465 1441 1534 Sacerdos
1512 1469 1707 1554 (apud
1777 1469 2068 1535 Keilium
2139 1465 2504 1534 Grammat.
2569 1475 2736 1533 tom.
2785 1465 2882 1530 VI

486 1593 550 1658 p.
601 1570 759 1658 461)
807 1573 990 1637 cuius
1033 1573 1189 1638 haec
1237 1575 1423 1641 verba
1472 1581 1658 1641 sunt:
1706 1579 1794 1641 ‘et
1839 1574 2003 1641 illud
2053 1579 2166 1660 (sc.
2209 1575 2576 1661 ἀσπασμὸς)
2617 1581 2761 1640 erat
2802 1574 2881 1639 de

486 1677 796 1764 Pompeio
843 1681 955 1764 qui
999 1679 1227 1746 coloris
1274 1693 1408 1747 erat
1454 1683 1636 1748 rubei
1684 1681 1794 1748 sed
1840 1684 2040 1748 animi
2086 1682 2494 1748 inverecundi
2542 1704 2714 1767 quem
2767 1703 2885 1746 aon

481 1786 666 1870 pudet
728 1793 785 1850 et
838 1789 1006 1851 rubet
1068 1809 1185 1850 non
1242 1796 1329 1852 eet
1373 1789 1536 1852 homo
1585 1790 1692 1870 aed
1727 1789 1909 1872 ropi0.
1964 1791 2140 1874 ropio
2187 1793 2407 1853 autem
2454 1795 2550 1853 est
2597 1793 2716 1852 aut
2765 1787 2892 1850 mi-

487 1894 671 1958 nium
721 1897 830 1958 aut
877 1894 1067 1977 piscis
1113 1894 1340 1958 robeus
1386 1899 1498 1959 aut
1545 1895 1766 1980 penis’.
1813 1895 1967 1960 haec
2015 1894 2094 1959 ad
2129 1900 2418 1960 nostrum
2457 1893 2669 1960 locum
2717 1890 2886 1958 nihil

489 2001 803 2086 pertinere
849 1999 1172 2066 contendis
1190 1997 1225 2065 ’1,
1260 2004 1589 2086 ropionem
1637 2007 1700 2067 et
1747 2000 2104 2066 mentulam
2152 2021 2277 2065 non
2325 1999 2496 2065 idem
2547 2019 2680 2064 esse
2733 2019 2885 2064 con-

488 2107 749 2172 tendito.
802 2105 955 2191 quid
1001 2106 1168 2190 quod
1214 2109 1349 2192 ipso
1396 2107 1708 2173 vocabulo
1747 2105 2078 2180 Catullum
2117 2104 2274 2172 alibi
2315 2125 2502 2170 usum
2541 2125 2676 2170 esse
2717 2107 2884 2170 citra

490 2215 919 2280 coniecturam
984 2220 1081 2277 est
1136 2211 1520 2299 (XXXVII.
1573 2211 1728 2298 10)?
1773 2215 1904 2278 iam
1955 2215 2168 2279 omnia
2215 2215 2281 2276 in
2329 2214 2658 2296 perspicuo
2703 2215 2884 2274 sunt.

488 2321 702 2386 innuit
764 2315 1059 2385 Catullus
1117 2318 1518 2384 Mamurram
1586 2325 1837 2384 tantum
1901 2318 2069 2404 apud
2128 2318 2510 2402 Pompeium
2557 2315 2884 2398 Magnum

490 2427 701 2515 gratia
748 2423 959 2491 valere
1006 2430 1081 2489 ut
1126 2428 1261 2511 ipse
1308 2443 1517 2491 amna
1565 2425 1845 2513 Magnus
1889 2429 2011 2505 sit,
2059 2446 2206 2489 cum
2255 2425 2660 2489 acerbissima
2702 2421 2884 2486 idem

492 2534 830 2601 amborum
890 2534 1179 2598 irrisione
1241 2535 1351 2618 qui
1413 2554 1537 2599 non
1593 2534 1883 2598 homines
1930 2532 2039 2597 sed
2087 2528 2406 2597 mentulas
2452 2550 2720 2617 magnas
2773 2548 2886 2615 ap-

492 2637 704 2726 pellet.
757 2642 953 2705 restat
998 2644 1075 2703 ut
1123 2639 1200 2704 de
1238 2640 1460 2703 minaci
1504 2641 1765 2703 mentula
1805 2658 2008 2723 pauca
2047 2638 2277 2703 dicam.
2327 2638 2482 2701 haec
2527 2636 2887 2701 Passeratio

496 2766 575 2813 ex
640 2744 927 2811 Enniano
1000 2766 1185 2811 versu
1258 2746 1574 2812 ‘machina
1643 2745 1852 2811 multa
1913 2748 2133 2810 minax
2195 2745 2534 2808 minitatur
2593 2745 2887 2807 maxima

496 2850 721 2917 muris’
783 2850 1031 2917 detorta
1088 2851 1490 2917 videbantur.
1555 2855 1666 2937 qui
1731 2850 1906 2917 locus
1969 2853 2023 2916 si
2089 2848 2345 2916 Catullo
2391 2848 2886 2929 obversabatur,

496 2956 954 3039 μηχανοποιόν,
1026 2957 1243 3044 credo,
1314 2957 1711 3023 Mamurram
1774 2956 2117 3022 deridebat.
2183 2956 2290 3022 sed
2351 2957 2562 3019 nescio
2623 2974 2702 3019 an
2769 2955 2888 3019 hoc

496 3063 818 3151 epitheton
864 3084 1048 3129 suam
1095 3068 1231 3130 vim
1275 3065 1490 3130 habet.
1555 3069 1801 3129 constat
1847 3066 2018 3127 enim
2068 3062 2292 3127 fascini
2343 3064 2476 3127 vim
2526 3060 2720 3125 fuisse
2769 3082 2884 3125 an-

496 3172 759 3255 cipitem
821 3175 897 3235 ut
956 3190 1079 3235 non
1142 3170 1332 3235 modo
1379 3172 1668 3235 nocitura
1715 3168 2058 3253 depelleret
2107 3167 2213 3233 sed
2261 3169 2456 3231 etiam
2504 3170 2720 3251 ipsum
2771 3164 2886 3231 ali-

497 3274 747 3363 quando
792 3280 1062 3341 noceret.
1118 3276 1264 3341 vide
1311 3296 1471 3360 quae
1519 3276 1598 3341 de
1645 3276 1881 3340 fascino
1929 3274 2197 3339 ‘malum
2249 3272 2608 3337 minitante'
2660 3310 2745 3320 —
2797 3274 2886 3337 sic

496 3384 667 3451 enim
717 3381 995 3467 appellat
1038 3418 1121 3431 —
1172 3381 1527 3467 disputavit
1578 3381 1911 3446 Michaelis
1957 3383 2026 3445 in
2073 3382 2252 3447 Actis
2297 3378 2666 3456 Hellenicae
2715 3377 2884 3463 apud

496 3488 834 3555 Britannos
872 3486 1205 3552 Societatis
1224 3535 1239 3564 ‚
1282 3504 1437 3553 tom.
1482 3486 1576 3551 VI
1621 3507 1682 3571 p.
1736 3486 1886 3552 314.
1938 3486 2116 3551 affert
2162 3486 2334 3550 idem
2383 3482 2714 3570 complura
2759 3484 2886 3549 fas·

498 3596 784 3660 cinorum
856 3590 1145 3677 exempla
1216 3594 1504 3657 cruribus
1570 3594 2026 3657 instructorum
2097 3598 2287 3675 atque
2353 3610 2555 3654 unum
2621 3589 2878 3674 quidem

498 3700 760 3766 barbato
832 3719 936 3764 ore
1004 3697 1086 3763 ad
1146 3696 1415 3785 figuram
1480 3698 1762 3764 hominis
1825 3697 2327 3763 accomodatum.
2392 3698 2608 3779 itaque
2653 3716 2732 3759 ne
2776 3694 2884 3757 hic

500 3805 758 3891 quidem
821 3804 1088 3870 absurde
1150 3804 1321 3869 dicas
1384 3802 1783 3869 Mamurram
1849 3805 1959 3889 qui
2006 3804 2138 3867 iam
2189 3802 2534 3887 Pompeius
2591 3801 2751 3866 alter
2797 3802 2882 3865 sit

500 3916 570 3979 in
616 3911 878 3978 modum
925 3910 1146 3977 fascini
1193 3911 1495 3998 gentibus
1541 3909 1838 3976 omnibus
1893 3912 2145 3975 minari.

774 4074 1379 4165 cantabrigiae
1985 4075 2047 4183 1.
2093 4076 2167 4141 Ρ.
2231 4073 2700 4143 POSTGATE.

594 4206 810 4253 mense
852 4184 1063 4271 Aprili
1107 4200 1584 4251 Mnooonxxva

1509 4427 1842 4441 μ-
