3150 5000
1232 293 1703 342 mncsnmnvs.
2073 345 2078 352 .
2537 273 2667 338 285

284 461 545 549 Agiloni
607 509 623 526 .
651 510 667 526 .
696 509 712 526 .
779 462 1212 527 committitur
1278 459 1636 526 inconsulte
1657 508 1673 540 ,
1745 467 1820 526 ut
1889 461 2108 528 docuit
2175 481 2387 526 rerum
2461 463 2670 528 exitus

283 568 736 654 proditon”

375 674 642 762 Scripsit
707 678 785 740 A.
852 694 1109 754 „rerum
1175 675 1386 739 exitus
1432 675 2000 760 proditarum'’
2050 665 2382 760 i.e.'quas
2429 695 2667 741 memo·

280 785 413 848 riae
473 782 743 868 prodidi.
796 819 879 831 —
930 780 1073 847 Vat.
1137 781 1368 848 habere
1437 803 1477 866 p
1497 801 1582 847 ro
1600 781 1829 846 ditar
1888 784 2158 846 testatur
2213 781 2667 869 Eyssenhardt.

376 1007 439 1078 ¹7.
489 1010 552 1077 5.
602 1009 815 1090 „Quia
856 1009 1064 1099 igitur
1110 1008 1309 1076 Iulius
1356 1031 1567 1076 comes
1617 1057 1675 1077 ..
1707 1059 1722 1074 .
1764 1032 1840 1076 ex
1881 1013 2249 1098 propinquis
2281 1012 2665 1077 stationibus

280 1119 654 1196 timebatur,
704 1123 1141 1183 commentum
1191 1119 1628 1205 excogitatum
1679 1123 1775 1184 est
1821 1117 2268 1184 ualidum.''

381 1223 649 1312 Corrige
688 1246 721 1289 c
737 1223 956 1290 allid
974 1244 1017 1288 u
1034 1244 1120 1287 m.
1177 1222 1353 1289 Idem
1399 1227 1838 1289 commentum
1863 1225 1931 1289 in
1955 1245 2123 1309 seqq.
2151 1223 2429 1302 „callida
2452 1225 2668 1290 fraus''

280 1329 661 1416 appellatur.

376 1558 438 1625 7.
492 1557 599 1625 16.
670 1555 856 1645 „⁶En'
924 1561 1135 1644 inquit
1204 1557 1380 1625 ecana
1440 1558 1876 1625 Romanorum
1943 1560 2338 1626 exercituum
2405 1557 2558 1625 fides
2604 1565 2670 1627 et

282 1665 705 1754 religionibus
752 1663 953 1731 firmis
1000 1669 1359 1732 iuramenta
1404 1663 1778 1732 constricta!
1828 1665 2065 1752 placet,
2119 1668 2454 1732 fortissimi
2502 1668 2664 1746 uiri,

280 1792 397 1858 pro
442 1773 683 1859 ignotis
729 1776 825 1837 tot
869 1792 1120 1837 suoru
1141 1793 1207 1836 m
1258 1774 1721 1838 consurrexisse
1767 1792 2099 1837 mucrones
2113 1769 2214 1836 ?³”

375 1877 499 1943 Vix
569 1877 839 1943 dubium
910 1898 1045 1942 esse
1116 1883 1376 1964 apparet
1437 1881 1592 1963 quin
1653 1880 1740 1943 sit
1801 1884 2094 1963 corrupta
2143 1899 2268 1944 uox
2316 1899 2669 1946 suorum.

281 1980 553 2068 Scripsit
599 1986 675 2048 A.
729 1991 867 2062 „tot
914 1987 1341 2071 signorum
1391 1987 1815 2050 mucrones..”
1861 1983 2163 2070 Sequenti
2209 1986 2247 2069 ξ
2295 1988 2668 2073 „signorum

281 2091 535 2175 apices’'
599 2090 848 2156 eosdem
915 2093 1237 2156 nominat:
1303 2095 1682 2178 „signorum
1747 2091 2034 2176 apicibus
2095 2091 2453 2177 aquilisque
2499 2111 2673 2158 sum-

278 2197 496 2261 missis
546 2195 868 2262 deseiuere
914 2195 1185 2264 libentes
1232 2197 1311 2266 ad
1360 2199 1577 2263 eum.'’

376 2424 441 2492 8.
493 2423 554 2489 5.
630 2426 1059 2505 „Arinthaeus
1122 2428 1235 2492 ubi
1284 2425 1710 2494 Dadastanam
1759 2427 1982 2514 tetigit
2029 2474 2045 2490 .
2078 2477 2092 2493 .
2123 2475 2137 2489 .
2187 2425 2670 2515 Hyper-echium

282 2532 407 2598 sibi
470 2534 829 2617 oppositum
896 2538 1151 2618 repente
1216 2534 1380 2598 uidit
1443 2554 1591 2598 cum
1654 2535 1876 2618 copiis,
1946 2534 2212 2599 antehac
2269 2542 2501 2602 recte
2548 2533 2674 2603 Ga-

281 2641 544 2705 strensis
592 2638 1014 2724 adparitorem
1066 2640 1159 2725 [id
1206 2646 1302 2705 est
1350 2643 1592 2705 uentris
1640 2642 2014 2705 ministrum
2061 2645 2125 2705 et
2169 2644 2557 2727 gutturis].''

372 2742 867 2831 Eyssenhartius
936 2753 1273 2831 praeeunte
1344 2745 1598 2812 Valesio
1653 2767 1779 2811 non
1840 2752 2089 2811 tantum
2156 2745 2391 2814 ultima
2441 2751 2670 2827 uerba,

282 2850 389 2916 sed
444 2854 649 2916 etiam
716 2854 970 2929 „recte”
1034 2854 1215 2917 uncis
1262 2851 1571 2919 seclussit.
1621 2850 1836 2919 Facile
1881 2854 2150 2918 concedo
2195 2853 2431 2919 ultima
2479 2856 2676 2923 uerba

280 2956 635 3021 rectissime
704 2955 779 3022 de
844 2964 1147 3023 contextu
1209 2978 1343 3023 esse
1390 2957 1679 3035 sublata,
1730 2957 2045 3042 adscripta
2091 2960 2402 3024 nimirum
2450 2981 2488 3026 a
2533 2960 2672 3027 ludi

281 3062 594 3149 magistro
634 3063 943 3147 quodam,
988 3068 1099 3150 qui
1139 3062 1467 3131 Gastren
1488 3066 1599 3129 sis
1645 3063 1862 3152 legere
1909 3065 2034 3129 sibi
2083 3068 2263 3130 uisus
2310 3072 2493 3133 esset.
2545 3066 2671 3133 Sed

282 3175 513 3233 recte
574 3190 902 3255 perperam
953 3170 1284 3236 inductum
1338 3178 1452 3235 est.
1501 3171 1737 3235 Fuerat
1783 3172 2020 3236 etenim
2069 3170 2514 3258 Hyperecbius
2558 3195 2672 3240 an-

284 3276 467 3342 tehac
536 3298 621 3353 „a
684 3283 923 3342 ueste
984 3281 1285 3343 castrensi
1350 3260 1740 3363 adparit0r”,‘
1785 3280 1829 3341 i.
1859 3298 1910 3342 e.
1961 3279 2024 3341 in
2072 3278 2222 3343 aula
2267 3281 2675 3365 imperatoria

284 3384 569 3447 uestiarii
634 3384 926 3448 m‘inister
975 3384 1201 3449 fuerat.
1254 3383 1489 3449 Iisdem
1540 3384 1754 3449 uerbis
1805 3403 1885 3461 „a
1933 3390 2111 3449 ueste
2157 3388 2501 3451 castrensi”
2549 3390 2670 3453 mi·

284 3490 483 3553 nister
528 3487 639 3555 ille
686 3496 1226 3555 commemoratur
1271 3490 1462 3555 Inscr.
1513 3496 1586 3555 n0
1636 3488 1812 3557 6375
1862 3490 2029 3575 apud
2079 3489 2412 3558 Orellium.

376 3717 437 3784 9.
488 3716 550 3783 3.
623 3716 1013 3804 „Procopius
1070 3717 1402 3787 Constanti
1452 3717 1651 3785 filiam
1701 3720 2034 3805 paruulam
2082 3741 2230 3786 cum
2269 3727 2474 3787 matre
2512 3722 2673 3788 Fau-

286 3825 449 3891 stina
490 3873 505 3888 .
535 3873 593 3889 ..
638 3825 863 3891 lectica
913 3826 1364 3892 circumferens
1413 3847 1666 3910 secum,
1715 3833 1790 3891 ut
1838 3847 1950 3912 pro
1995 3825 2295 3912 imperali
2341 3831 2667 3915 germine,

288 3933 390 3995 cui
458 3952 525 3997 se
585 3952 832 4017 quoque
893 3936 1186 3997 iunctum
1250 3933 1649 4009 addebat,
1715 3938 2076 4020 pugnarent
2125 3928 2493 4011 audentius,
2545 3936 2671 4000 iras

290 4036 573 4103 militum
622 4038 1055 4105 accenderet.”

372 4142 497 4209 Pro
546 4144 632 4209 ad
653 4144 694 4208 d
710 4166 745 4210 e
762 4145 801 4209 b
820 4164 857 4209 a
877 4150 902 4209 t
950 4147 1185 4210 rectius
1232 4145 1555 4231 scripseris
1602 4148 1678 4210 ai
1697 4167 1730 4211 e
1747 4146 1788 4210 b
1808 4165 1846 4210 a
1863 4151 1910 4210 t.

383 4388 483 4454 10.
535 4388 592 4455 3.
660 4388 1052 4489 „Marcellus
1102 4396 1406 4475 occupata
1457 4438 1471 4453 .
1501 4441 1515 4456 .
1548 4440 1561 4455 .
1615 4388 2012 4456 Chalcedone
2032 4438 2048 4469 ‚
2098 4413 2129 4456 c
2148 4412 2182 4457 o
2197 4414 2236 4455 n
2257 4411 2290 4455 c
2309 4413 2340 4455 r
2356 4411 2443 4476 ep
2463 4410 2497 4454 a
2516 4413 2555 4454 n
2576 4392 2666 4455 ti-
