3150 5000
1366 227 1598 276 comm.
2552 205 2676 272 191

290 398 679 472 accusativo,
764 412 889 481 quo
959 395 1238 477 adscite,
1322 396 1801 473 καταχρῆσθαι,
1881 397 1954 457 ut
2024 391 2431 474 διαχρῆσθαι,
2508 391 2679 458 valet

289 501 820 584 κατεργάζεσθαι,
878 502 1230 584 interficere.
1291 499 1458 565 Nam
1511 499 1813 576 Luciani,
1865 499 2187 583 scriptoris
2233 498 2531 584 plurimis
2578 503 2679 565 sui

287 613 432 675 aevi
503 609 818 674 scribendi
893 611 1068 673 vitiis
1136 607 1488 692 inquinati,
1553 609 1621 671 in
1681 608 2041 672 Atticorum
2103 607 2483 691 scriptorum
2532 609 2680 672 crisi

286 717 726 780 testimonium
771 715 964 800 (quod
1013 717 1310 780 obmovet
1357 713 1522 778 mihi
1565 712 1880 798 Kockius)
1927 731 2165 777 recuso.

375 927 554 994 Idem
618 928 696 995 fr.
757 929 816 1006 5,
883 926 948 993 2.
1019 925 1258 993 Melius
1321 925 1623 994 Meineke
1687 947 1799 1012 pro
1864 925 2047 1005 γύναι
2097 929 2369 992 coniecit
2413 925 2673 992 κοτύλαι

282 1057 480 1122 quam
562 1035 748 1102 Kock
829 1035 1078 1114 κύμβαι
1097 1085 1116 1120 ,
1191 1056 1340 1100 cum
1409 1037 1783 1120 praesertim
1858 1055 1946 1102 vs.
2020 1038 2308 1120 sequenti
2376 1041 2679 1120 sequatur

282 1143 573 1223 κυμβίον.

371 1345 663 1412 Emnus
711 1347 786 1412 fr.
836 1345 901 1425 2,
951 1349 992 1410 8
1040 1367 1132 1432 sq.

919 1453 1128 1532 ὀλίγον
1175 1453 1244 1517 τὸ
1293 1453 1485 1519 καλόν
1533 1454 1664 1518 ἐστι
1716 1457 2051 1533 πανταχοῦ

923 1561 1028 1626 καὶ
1078 1561 1298 1636 τίμιον.

276 1666 757 1735 Proverbialem
797 1667 951 1734 haec
993 1669 1185 1734 verba
1222 1669 1458 1734 habent
1497 1667 1793 1736 colorem.
1834 1666 2022 1733 Plato
2054 1666 2337 1764 Euthyd.
2369 1689 2429 1753 p.
2458 1666 2593 1733 204
2618 1666 2671 1732 B

277 1773 348 1839 τὸ
395 1775 527 1856 γὰρ
576 1774 830 1858 σπάνιον
877 1775 1097 1852 τίμιον.

369 1975 754 2046 Humocmss
799 1977 878 2042 fr.
931 1975 991 2055 5,
1048 1976 1129 2042 16

1372 2085 1754 2164 δημοκρατία
1804 2084 2029 2168 θατέρᾳ

734 2190 897 2269 ὄνομ’
945 2191 1120 2269 ἐστέ,
1171 2201 1264 2271 τῇ
1315 2191 1368 2256 δ’
1419 2191 1858 2272 ἀριστοκρατία
1908 2192 2229 2277 θατέρᾳ.

277 2295 516 2361 Malim
581 2299 1032 2387 interpungere
1095 2307 1172 2377 τῇ·
1234 2299 1289 2364 δ’
1357 2297 1832 2377 ἀριστοκρατία,
1884 2300 2144 2382 θατέρᾳ,
2195 2305 2268 2366 ut
2314 2299 2541 2386 θατέρᾳ
2589 2305 2673 2368 sit

275 2423 701 2491 epexegema‚
749 2405 874 2469 nisi
921 2405 1082 2469 forte
1128 2413 1316 2490 putas
1363 2409 1490 2470 iam
1539 2405 1948 2470 Heniochum
1996 2409 2391 2472 commisisse
2442 2409 2664 2475 barba-

274 2513 591 2590 rismum,
640 2533 763 2598 quo
799 2514 995 2577 etiam
1046 2514 1221 2597 peior
1269 2515 1577 2577 tribuitur
1626 2512 1972 2578 Menandro
2022 2512 2110 2578 IV
2159 2514 2293 2581 278
2340 2513 2596 2603 (Mein.)

826 2618 854 2681 ὃ
901 2619 1236 2699 Ode-spot.-
1283 2618 1398 2693 μὲν
1443 2625 1569 2683 τοῖν
1618 2620 1775 2684 δυοῖν
1826 2621 2160 2698 Διοσκόρων

276 2724 568 2809 ἐσχάτως
616 2723 1097 2807 βαρβαρίζοντι,
1121 2714 1126 2718 ’
1152 2730 1223 2790 ut
1271 2726 1501 2790 merito
1549 2725 1805 2791 videtur
1849 2728 2313 2812 grammaticis.

368 2943 790 3010 Emonmns
836 2942 914 3008 fr.
963 2963 1061 3009 vs.
1113 2942 1148 3007 1

735 3048 1151 3128 ’Λλεκτρόονα
1196 3050 1299 3115 τὸν
1345 3055 1454 3116 τοῦ
1505 3050 1819 3117 Φιλίππου
1867 3054 2259 3133 παραλαβὼν

733 3156 876 3237 ἀωρὶ
925 3156 1296 3243 κοκκύζοντα
1345 3157 1479 3223 καὶ
1530 3160 2067 3237 πλανώμενον

735 3262 1104 3341 κατέκοψεν.

275 3368 388 3435 Me
438 3371 854 3434 conicientem
903 3368 1522 3449 κᾶπτερωμένον
1559 3390 1687 3436 non
1726 3371 2000 3438 voluisse
2038 3374 2304 3459 alatum,
2347 3373 2456 3440 sed
2480 3396 2667 3441 sensu

276 3475 583 3541 translato
623 3476 724 3539 καὶ
766 3476 1092 3557 ἐπηρμένον
1140 3476 1248 3562 (cf.
1291 3479 1398 3541 Ar.
1448 3479 1570 3543 Av.
1628 3476 1800 3542 1437
1851 3482 2016 3566 sqq.)
2064 3481 2455 3567 quicumque
2505 3483 2669 3549 bona

273 3580 398 3647 fide
445 3586 652 3652 utitur
697 3582 867 3648 ultro
913 3582 1273 3669 intellegit,
1323 3582 1489 3667 quod
1552 3584 1814 3649 editoris
1869 3606 2056 3651 causa
2112 3606 2361 3652 moneo.
2409 3587 2667 3654 Nihilo-

275 3690 494 3753 minus
539 3691 967 3753 coniecturam
1014 3689 1202 3754 hodie
1248 3709 1374 3753 non
1422 3682 1754 3754 defendam
1776 3737 1792 3769 ‚
1841 3692 1949 3757 sed
1987 3682 2215 3756 ‘tamen
2273 3695 2669 3771 πλανώμενον

277 3794 344 3857 in
391 3794 509 3859 hac
557 3815 705 3859 cum
755 3792 1128 3875 κοκκύζοντα
1174 3793 1574 3879 copulatione
1620 3816 1847 3861 sanum
1894 3818 2028 3862 esse
2071 3816 2198 3863 non
2244 3819 2427 3883 posse
2464 3798 2665 3866 habeo

273 3899 858 3985 persuasissimum.
907 3898 1226 3979 Quaerant
1273 3898 1402 3965 alii.

369 4114 852 4183 Mnnsmcnus
897 4116 973 4181 fr.
1024 4115 1067 4180 2
1151 4108 1156 4115 ’

1570 4222 1699 4303 εἰμὶ
1746 4224 1872 4304 γὰρ
1920 4230 2211 4307 Βοιώτιος,

459 4330 647 4407 ὀλίγα
696 4329 809 4403 μὲν
857 4325 1124 4393 ἄλλων
1173 4329 1460 4393 δίκαια
1505 4335 1776 4394 ταῦτα
1829 4333 2039 4396 πολλοὶ
2091 4333 2142 4396 δ’
2192 4334 2417 4398 ἐσθίων.
