3150 5000
605 325 736 388 216
1632 347 1952 394 nonanus.

693 507 811 573 Est
877 513 1092 574 tamen
1153 509 1266 574 ubi
1328 512 1579 576 nonnisi
1640 512 1871 576 leviter
1930 512 2280 576 immutato
2336 515 2632 576 contextu
2676 529 2779 595 pro
2820 509 2943 586 ἐμεῦ

604 616 804 699 possit
866 618 1120 680 restitui
1169 615 1373 682 forma
1418 617 1733 704 legitima.
1804 615 2093 692 Quorum
2141 616 2427 683 locorum
2478 619 2586 703 qui
2631 619 2853 702 primus
2892 617 2943 679 in

603 741 864 786 censum
913 725 1091 788 venit
1137 723 1475 789 manifesto
1527 729 1860 810 corruptus
1909 728 2041 788 est:

697 837 754 891 A
803 825 927 892 88:
977 827 1046 892 οὔ
1090 852 1180 900 τις
1234 829 1430 906 ἐμεῦ
1479 827 1772 910 ζῶντος
1826 829 1929 892 καὶ
1982 829 2081 893 ἐπὶ
2132 829 2303 911 χθονὶ
2354 828 2713 908 δερκομένοιο

987 933 1076 997 σοὶ
1125 935 1358 1014 κοίλῃς
1411 936 1583 1016 παρὰ
1635 935 1799 1009 νηυσὶ
1849 936 2115 1014 βαρείαις
2164 943 2383 1016 χεῖρας
2434 937 2681 1000 ἐποίσει.

607 1037 772 1104 Nam
837 1039 1256 1105 Homericum
1320 1049 1443 1105 non'
1503 1047 1599 1105 est
1662 1040 1769 1121 ζῆν
1814 1041 1921 1106 sed
1972 1039 2341 1121 ζώειν,,666
2388 1062 2659 1126 usquam
2704 1041 2817 1104 nisi
2856 1039 2951 1103 hoc

609 1166 734 1210 uno
796 1167 1024 1230 versu,
1091 1150 1201 1231 qui
1254 1147 1494 1232 duplici
1545 1150 1751 1234 igitur
1800 1147 1877 1212 de
1926 1168 2113 1212 causa
2160 1154 2489 1234 suspectus
2536 1153 2667 1226 est,
2714 1147 2951 1234 legitur3

537 1244 540 1248 ’
609 1257 931 1336 praeterea
1013 1253 1080 1316 in
1143 1274 1333 1317 versu
1397 1255 1683 1337 sequenti
1747 1253 1947 1318 dativi
2006 1253 2274 1338 pluralis
2336 1254 2607 1318 formam
2677 1253 2952 1318 noviciam

611 1359 816 1438 κοίλῃς
879 1378 994 1445 pro
1059 1361 1292 1440 κοΐλῃσι
1343 1359 1699 1442 adhibitam
1748 1360 2064 1425 videmus.
2136 1360 2237 1424 Ad
2284 1359 2729 1426 inveniendam
2774 1356 2954 1423 mede-

611 1464 745 1530 lam
792 1464 956 1529 mihi
1002 1467 1258 1530 videtur
1306 1465 1633 1530 adeundus
1681 1486 1816 1530 esse
1863 1491 1912 1530 π
1962 1463 2095 1530 438
2144 1487 2273 1550 sq.:

976 1567 1038 1640 ὅς
1089 1595 1188 1635 κεν
1234 1571 1609 1652 Τηλεμάχῳ
1658 1573 1742 1650 σῷ
1794 1570 1914 1636 υἱέϊ
1956 1579 2174 1652 χεῖρας
2224 1571 2433 1650 &mlo-n

975 1675 1222 1758 ζώοντός
1273 1677 1338 1754 γ’
1389 1677 1598 1754 ἐμέθεν
1645 1677 1748 1741 καὶ
1800 1678 1898 1741 ἐπὶ
1948 1678 2115 1757 χθονὶ
2168 1677 2568 1761 δερκομένοιο,

615 1783 949 1848 manifesta
1011 1786 1180 1848 enim
1244 1785 1311 1847 in
1375 1784 1474 1848 his
1523 1789 1618 1847 est
1667 1785 1949 1848 imitatio
1995 1783 2120 1848 loci
2168 1805 2245 1848 ex
2294 1783 2496 1848 Iliade
2544 1783 2733 1848 modo
2778 1779 2957 1854 allati,

613 1909 802 1974 quem
852 1892 1058 1976 igitur
1102 1888 1256 1954 olim
1305 1893 1394 1954 sic
1441 1892 1781 1954 recitatum
1830 1890 2023 1954 fuisse
2072 1892 2389 1974 suspicor:

978 1996 1047 2061 οὔ
1093 1998 1187 2066 τίς
1235 2020 1322 2060 σοι
1371 1997 1542 2075 ποιροὶ
1594 1995 1759 2068 νηυσὶ
1810 1996 2073 2074 βαρείας
2123 2003 2341 2075 χεῖρας
2394 1994 2626 2060 ἐποίσει

972 2101 1218 2182 ζώοντός
1277 2104 1344 2179 γ’
1393 2101 1601 2178 ἐμέθεν
1661 2102 1763 2165 καὶ
1815 2103 1914 2165 ἐπὶ
1965 2101 2133 2183 χθονὶ
2186 2101 2575 2180 δερκομένοιο.

615 2208 729 2273 Sin
792 2209 934 2293 quis
996 2207 1391 2274 audaciorem
1457 2208 1618 2272 hanc
1681 2217 1929 2273 censeat
1969 2210 2404 2272 coniecturam
2454 2227 2805 2292 parumque
2846 2223 2965 2290 pro-

615 2313 928 2390 babilem,
997 2314 1114 2378 hoc
1176 2321 1391 2377 tamen
1455 2314 1619 2377 mihi
1686 2314 1984 2378 concedat
2030 2335 2280 2378 necesse
2328 2323 2457 2390 est,
2513 2334 2642 2378 non
2688 2319 2966 2378 servatam

615 2440 747 2485 esse
811 2422 876 2482 in
935 2417 1201 2507 vulgata
1261 2411 1603 2484 dictionem
1672 2441 1817 2484 vere
1878 2420 2298 2497 homericam,
2366 2439 2569 2505 neque
2634 2439 2746 2506 pro
2798 2417 2971 2483 forma

617 2528 766 2604 ἐμεῦ
815 2528 1020 2613 igitur
1063 2527 1228 2590 huno
1276 2525 1490 2591 locum
1541 2546 1719 2612 posse
1769 2526 2075 2591 militare.

705 2633 924 2721 Longe
971 2632 1216 2697 facilior
1262 2636 1564 2699 correctio
1616 2636 1684 2696 in
1732 2640 2051 2718 promptu·
2078 2644 2177 2698 est
2223 2643 2278 2697 A
2334 2633 2500 2699 453:

953 2740 1127 2815 ’ἐμεῦ
1174 2740 1362 2818 πάρος
1415 2736 1670 2817 ἔκλυες,
1744 2742 1945 2805 immo
1996 2742 2164 2817 ἐμεῖο
2214 2742 2406 2819 πάρος
2456 2738 2677 2817 κλύες,

615 2853 680 2913 et
741 2871 782 2910 τ
839 2844 1004 2910 325:
1054 2846 1203 2923 ἐμεῦ
1254 2846 1328 2910 σὺ
1376 2842 1571 2923 ξεῖνε,
1620 2848 1823 2911 immo
1873 2847 2081 2924 ἐμεῖο,
2133 2843 2330 2923 ξεῖνε,
2379 2848 2537 2932 ipsis
2583 2844 2771 2913 libris
2815 2840 2976 2911 MSS·

617 2955 788 3019 viam
837 2952 1304 3029 indicantibus,
1351 2971 1620 3036 quorum
1672 2951 2029 3036 complures
2076 2950 2151 3017 σύ
2201 2954 2534 3018 omittunt.

714 3070 761 3124 X
815 3058 945 3123 454
992 3078 1112 3123 non
1163 3056 1477 3122 difficilior
1523 3063 1620 3122 est
1665 3065 1921 3142 sanatu:

984 3166 1048 3227 αἱ
1099 3164 1223 3242 γὰρ
1273 3163 1386 3227 ἀπ’
1434 3164 1652 3235 οὔατος
1700 3162 1789 3238 εἴη
1840 3165 2037 3241 ἐμεῦ
2085 3163 2278 3237 νέοι-ος.
2348 3164 2521 3251 14686
2570 3164 2794 3241 ἐμοῦ.

621 3271 706 3338 Et
753 3271 953 3335 simili
1002 3269 1193 3336 modo
1241 3271 1472 3357 corrigi
1523 3275 1732 3355 potest
1776 3280 1825 3335 E
1878 3269 2052 3335 896:

987 3377 1054 3439 ἐκ
1101 3376 1230 3455 γὰρ
1279 3378 1429 3453 ἐμεῦ
1478 3378 1651 3455 γένος
1700 3377 1853 3441 ἐσσί.
1900 3377 2101 3465 -14686
2148 3372 2185 3451 ἦ
2230 3379 2356 3459 γὰρ
2399 3378 2543 3455 ἐμὸν
2581 3379 2765 3457 γένος
2806 3372 2944 3441 ἐσσί.

622 3485 806 3549 Binis
852 3489 1066 3549 autem
1112 3482 1270 3548 locis
1319 3481 1527 3560 ἐμέθεν
1574 3504 1688 3568 pro
1737 3484 1887 3560 ἐμεῦ
1934 3484 2397 3551 restituendum
2446 3504 2583 3551 esse
2632 3485 2913 3553 videtur:

715 3600 740 3655 Ι
794 3588 954 3655 335:
1013 3596 1213 3653 κεῖται
1261 3593 1432 3665 ἐμεῦ.
1504 3588 1679 3677 14686
1729 3590 1877 3655 κεῖτ’
1924 3590 2157 3667 ἐμέθεν.

719 3706 788 3761 Ω
841 3692 1006 3760 429:
1057 3694 1229 3772 δέξαι
1277 3696 1425 3771 ἐμεῦ
1476 3694 1671 3774 πάρα..
1722 3696 1895 3783 14686
1940 3694 2059 3773 δέξ’
2107 3694 2317 3773 ἐμέθεν
2363 3696 2536 3778 πάροι
2562 3696 2717 3783 (δέέ
2739 3690 2997 3769 Ξδέξο,

623 3809 696 3869 ut
743 3812 801 3867 T
856 3801 988 3888 10).

715 3907 858 3973 Uno
903 3907 1172 3993 denique
1217 3906 1355 3973 loco
1395 3909 1734 3973 verborum
1776 3910 2123 3993 requiritur
2168 3912 2491 3978 traiectio:

720 4013 753 4078 δ
801 4009 968 4078 746:
1019 4013 1168 4090 ἐμεῦ
1213 4011 1268 4079 δ’
1321 4009 1493 4077 ἕλετο
1541 4013 1751 4094 μέγαν
1801 4010 1983 4095 ὅρκον.
2054 4015 2227 4102 14686
2275 4015 2487 4097 μέγαν
2535 4016 2590 4083 δ’
2642 4014 2806 4084 ἕλεθ’
2855 4012 3003 4097 ὅρκον

627 4118 816 4196 ἐμεῖο.
1569 4147 1578 4155 ·

723 4328 864 4395 Iam
911 4329 1244 4396 videamus
1291 4352 1368 4396 an
1416 4330 1590 4397 idem
1638 4332 1801 4416 quod
1852 4331 1928 4397 de
1976 4333 2126 4410 ἐμεῦ
2148 4384 2167 4419 ,
2214 4334 2427 4401 valeat
2464 4336 2544 4402 de
2580 4336 2791 4403 forma
2826 4330 3009 4402 encli-

631 4438 760 4502 tica
803 4460 954 4515 μευ,
1004 4455 1232 4521 nempe
1278 4460 1391 4513 μεο
1441 4437 1546 4505 vel
1590 4436 1698 4515 με’
1757 4438 1995 4524 ubique
2039 4461 2152 4525 pro
2204 4462 2275 4507 ea
2324 4442 2579 4508 restitui
2626 4462 2831 4528 posse.
