3150 5000
1162 339 1424 390 csssws
1471 329 1600 389 mo.
2439 321 2569 388 319

195 501 430 588 legium
475 501 907 591 colligendum
950 508 1292 588 supererat.
1359 503 1655 570 Indicabo
1700 504 1869 570 locos
1906 505 2215 590 quosdam
2258 505 2572 590 insignio-

195 629 320 685 res,
365 611 472 694 qui
515 611 585 674 in
632 609 846 676 codice
887 609 1286 675 emendatius
1322 612 1542 694 scripti
1579 616 1729 675 sunt
1767 631 1957 696 quam
2000 613 2070 675 in
2094 612 2327 676 nostris
2351 609 2573 675 editio·

191 714 371 780 nibus
414 714 718 803 leguntur
737 717 938 794 „sive
982 714 1273 803 neglecta
1318 715 1446 780 fuit
1491 715 1727 781 codicis
1771 714 1963 782 lectio
2010 718 2145 782 sive
2190 720 2418 800 spreta.

273 893 346 959 L.
413 894 534 979 ¹78,
585 893 664 973 6,
717 895 779 960 5.
849 897 1116 979 Τοιούτῳ
1170 897 1286 974 μὲν
1331 897 1498 962 τέλει
1550 897 1861 978 ἐχρήσατο
1906 897 2081 976 βιούς
2128 921 2199 961 τε
2250 894 2355 971 ἔτη
2404 894 2573 961 ἐννέα

196 999 290 1064 καὶ
351 1001 534 1067 εἴκοσι
601 1006 704 1066 καὶ
774 999 1002 1082 ἡμέρας
1070 1000 1418 1088 τέσσαρας,
1477 1012 1554 1084 τῇ
1604 1003 1731 1083 γὰρ
1778 1002 2048 1084 τετάρτη
2099 1007 2207 1068 τοῦ
2254 1001 2573 1081 Ἀπριλίου

195 1106 547 1184 ε’γεγέννητο
611 1131 668 1172 κ.
698 1131 758 1172 τ.
785 1121 848 1172 λ.
919 1105 1172 1174 Codicis
1218 1106 1556 1175 lectionem
1610 1119 1686 1191 τῇ
1735 1110 1863 1188 γὰρ
1910 1108 2158 1188 τετράδι
2207 1112 2314 1172 τοῦ
2363 1111 2571 1188 Ἀπρι-

195 1212 312 1276 mov
374 1218 794 1279 mutaverunt
855 1212 1126 1280 editores
1187 1235 1406 1280 omnes
1467 1217 1536 1279 in
1596 1215 1901 1298 τετάρτη,
1966 1216 2204 1280 iniuria
2264 1217 2337 1278 ut
2404 1213 2573 1277 mihi

195 1318 439 1401 quidem
491 1318 768 1384 videtur.
831 1317 1076 1383 Notum
1125 1325 1221 1385 est
1266 1326 1651 1406 quantopere
1691 1323 2052 1386 Atticorum
2093 1317 2391 1404 loquendi
2432 1337 2573 1383 con-

195 1425 586 1490 suetudinem
655 1424 948 1488 imitatus
1007 1427 1092 1488 sit
1151 1423 1275 1490 Dio
1293 1471 1310 1503 ‚
1372 1445 1563 1510 quam
1615 1425 1959 1514 diligenter
2004 1431 2068 1490 et
2113 1425 2463 1490 enuntiatis
2508 1426 2573 1488 et

194 1530 395 1596 verbis
454 1531 712 1595 rarioris
759 1534 822 1594 et
869 1531 1300 1615 exquisitioris
1344 1552 1502 1596 usus
1547 1529 1993 1618 Thucydidem
2041 1532 2409 1616 praesertim
2462 1549 2573 1594 ex-

195 1636 499 1718 presserit.
571 1637 776 1700 Attici
825 1641 1038 1700 autem
1082 1641 1384 1721 quartum
1423 1636 1597 1702 diem
1636 1637 1909 1716 τετράδα
1942 1637 2253 1702 vocabant
2291 1642 2365 1701 ut
2403 1635 2569 1720 apud

197 1738 672 1826 Aristophanem
720 1744 816 1805 est
865 1745 1014 1805 noto
1063 1741 1376 1806 versiculo
1399 1789 1418 1819 ,
1469 1741 1645 1808 Plut.
1696 1740 1871 1806 1126

539 1845 698 1922 οἴμοι
747 1851 1130 1918 πλακοῦντος
1179 1850 1288 1941 τοῦ
1335 1851 1386 1912 ’ν
1432 1847 1679 1928 τετράδι
1730 1845 2135 1923 πεπεμμένου

199 1956 254 2014 et
291 1951 460 2017 Nub.
515 1950 686 2017 1131

542 2057 844 2142 πέμπτη,
888 2057 1146 2138 τετράς,
1194 2059 1367 2139 τρίτη
1386 2105 1402 2135 ,
1454 2059 1626 2135 μετὰ
1672 2057 1910 2134 ταύτην
1955 2057 2212 2138 δευτέρα

201 2165 255 2224 et
309 2161 470 2247 apud
535 2161 982 2249 Thucydidem
1042 2162 1257 2248 ipsum
1331 2163 1371 2228 5
1393 2213 1410 2248 ,
1484 2165 1570 2228 54
1642 2164 1887 2243 τετράδι
1958 2164 2290 2244 φθίνοντος.
2374 2161 2566 2228 Hunc

201 2265 386 2350 igitur
445 2267 696 2333 dicendi
759 2287 948 2332 usum
1018 2272 1276 2334 secutus
1321 2268 1446 2334 Dio
1491 2272 1815 2355 scripsisse
1860 2269 2123 2337 videtur
2166 2278 2243 2350 τῇ
2293 2268 2418 2350 γὰρ
2463 2293 2567 2333 τε-

203 2371 356 2450 τράδι
401 2377 506 2439 τοῦ
559 2373 880 2452 Ἀπριλίου
928 2373 1316 2452 gyrrhum-0.

281 2552 346 2621 G.
401 2555 521 2634 12,
572 2555 646 2620 2:
693 2556 907 2621 πολλοὶ
954 2556 1060 2621 καὶ
1107 2557 1326 2635 ἀγαθοὶ
1373 2564 1500 2627 τοῖς
1547 2556 1765 2629 ἄλλοις
1812 2556 2136 2638 άνθρῶποις
2200 2556 2565 2623 ὑπετείνατο

207 2657 252 2740 (ὅ
308 2662 670 2749 Μακρῖνος),
742 2661 882 2735 τούς
952 2686 1023 2727 τε
1083 2664 1183 2728 ἐπ’
1247 2662 1516 2747 άσεβεία
1567 2663 1688 2729 τινί
1722 2702 1785 2711 -
1822 2663 2115 2744 τιμωρίαν
2163 2662 2304 2727 τινὰ
2350 2660 2567 2741 ἔμβιον

209 2766 558 2845 ὠφληκότας
601 2767 994 2846 ἀπαλλάξας
1040 2776 1150 2841 τῆς
1192 2770 1571 2854 καταδίκης,
1610 2806 1673 2817 -·
1710 2770 1816 2834 καὶ
1853 2768 1955 2833 τὸν
1988 2767 2364 2847 Αὐρηλίανον
2401 2766 2563 2843 ἐξαι-

209 2872 441 2945 τηθέντα
507 2875 614 2939 ὑπ’
675 2875 876 2939 αὐτῶν
933 2880 1076 2955 (τῶν
1123 2876 1536 2961 στρατιωτῶν)
1565 2922 1903 2941 ........
1951 2897 2199 2939 τατον
2246 2875 2459 2955 σφίσιν
2507 2874 2567 2939 ἐν

209 2986 453 3051 πολλαῖς
503 2980 858 3060 στρατείαις
908 2989 1050 3052 ταῖς
1101 2980 1352 3059 πρόσθεν
1395 2980 1704 3059 γεγονότα
1748 2980 2287 3060 παραιτησάμενος
2328 2982 2407 3051 ὥς
2446 2981 2567 3059 οὐχ

210 3077 344 3149 ὅσιον
403 3084 464 3151 ὃν
520 3085 862 3165 βουλευτήν
919 3110 1058 3151 τινα
1123 3087 1506 3151 άποκτεῒναι.
1600 3083 1814 3153 Codex
1880 3085 2082 3151 clare:
2112 3132 2309 3151 .....
2377 3109 2564 3151 τατον

211 3192 434 3269 σφίσιν,
486 3192 654 3257 unde
709 3212 870 3277 quae
931 3191 1216 3279 syllabae
1262 3198 1406 3257 ante
1449 3214 1639 3257 τατον
1685 3194 2007 3277 perierunt
2054 3190 2241 3257 facile
2286 3191 2567 3277 suppleri

212 3302 466 3379 possunt.
539 3296 810 3383 Scripsit
856 3296 980 3364 Dio
1027 3295 1136 3362 ἅτ’
1185 3296 1700 3382 ἀπεχθέστατον,
1746 3297 1911 3383 quod
1950 3297 2243 3363 Bekkero
2281 3317 2564 3383 quoque,

216 3420 551 3489 quanquam
600 3404 890 3469 lectionis
934 3427 1151 3469 -τατον
1195 3404 1455 3491 ignaro,
1505 3407 1574 3468 in
1620 3409 1904 3468 mentem
1953 3405 2198 3468 venisse
2242 3403 2452 3469 video·

285 3579 429 3669 Gap.
485 3582 574 3649 22
628 3603 858 3649 nomen
898 3583 1290 3670 proconsulis
1338 3586 1697 3669 provinciae
1744 3586 1932 3649 Asiae
1983 3602 2309 3668 perperam
2356 3583 2568 3649 editur

210 3684 428 3755 Festus.
492 3690 567 3754 In
613 3690 824 3755 codice
869 3692 908 3775 ᾗ
951 3690 996 3753 2
1046 3690 1346 3755 scribitur
1395 3700 1629 3764 Φῆστος
1682 3690 1709 3754 ὅ
1756 3692 2055 3766 Ἀνίκιος,
2106 3692 2173 3753 at
2218 3690 2255 3772 ᾖ
2303 3689 2345 3751 4
2390 3686 2563 3752 idem

214 3800 466 3867 Φαῦστος
511 3794 714 3860 audit.
785 3794 1050 3860 Rectius
1095 3796 1252 3862 hoc:
1300 3801 1394 3861 est
1443 3798 1615 3862 enim
1667 3794 1739 3876 Q.
1792 3796 2059 3861 Anicius
2102 3794 2379 3859 Faustus
2398 3840 2415 3871 ‚
2460 3792 2565 3858 vel

211 3916 270 3962 ex
309 3900 510 3967 titulis
549 3901 864 3966 Africanis
911 3900 1026 3985 (cf.
1067 3920 1123 3965 e.
1157 3922 1224 3988 g.
1261 3900 1530 3985 Renier,
1573 3901 1657 3969 57
1686 3908 1750 3966 et
1775 3898 1861 3964 63
1884 3925 1965 3951 =
1988 3898 2342 3977 Wilmans‚
2388 3897 2563 3964 1475

213 4008 262 4067 et
305 4004 500 4085 1480;
551 4006 631 4073 cf.
681 4002 752 4071 O.
802 4004 856 4071 1.
909 4004 978 4070 L.
1031 4004 1130 4071 111
1179 4006 1388 4091 1685,
1440 4004 1645 4094 1686)
1694 4009 1850 4072 satis
1895 4010 2104 4071 notus.

285 4197 351 4266 O.
391 4200 498 4282 23,
541 4204 616 4267 1:
659 4205 694 4278 ἦ
733 4202 799 4269 δὲ
838 4204 1068 4269 Ἰουλία
1123 4207 1156 4280 ἦ
1204 4209 1314 4269 τοῦ
1360 4204 1693 4283 Ταραύτου
1740 4204 1942 4283 μήτηρ
1990 4202 2189 4285 ἔτυχε
2232 4204 2347 4281 μὲν
2388 4205 2449 4268 ἐν
2486 4214 2563 4287 τῇ

214 4302 539 4391 Ἀντιοχείᾳ
585 4302 775 4386 οὖσα,
823 4310 928 4374 καὶ
972 4307 1124 4375 οὕτω
1171 4317 1571 4391 παραχρῆμα
1619 4308 1765 4387 ἅμα
1801 4318 1878 4393 τῇ
1919 4310 2143 4375 πύστει
2168 4316 2275 4375 τοῦ
2300 4308 2564 4375 θανάτου

217 4410 380 4476 αὐτοῦ
423 4412 650 4488 διετέθη
698 4410 854 4480 ὥστε
904 4414 1008 4480 καὶ
1050 4414 1406 4492 πληξασθαι
1447 4418 1709 4498 ἰσχυρῶς
1751 4416 1856 4482 καὶ
1895 4416 2391 4498 ἀποκαρτερῆσαι
2432 4418 2563 4481 ἔπι-
