3150 5000
538 248 627 317 32
1452 268 1700 321 romu
1745 268 1992 321 saum.

804 435 1180 514 τυπτόμενος
1227 436 1575 519 πεφόρητο,
1623 438 1812 502 ποδῶν
1861 436 1926 502 δέ
1973 439 2023 503 οἱ
2070 436 2444 504 ὤκλασεν
2489 434 2729 516 ὁρμή,

806 542 911 607 καὶ
958 542 1154 615 σθένος
1204 535 1271 616 ἦν
1316 541 1632 618 άΔόνητον
1679 544 2025 621 α’κοιμήτων
2073 544 2458 622 παλαμάων.

531 646 833 744 Pugnant
880 650 1050 715 inter
1092 670 1158 715 se
1206 650 1512 734 oppositis
1558 649 1876 717 frontibus
1921 647 2204 723 άδόνητος
2243 656 2310 716 et
2349 649 2722 728 άκοιμῆτων.
2767 644 2927 712 Sine

444 749 452 757 ’
532 755 959 822 controversia
1004 761 1227 821 auctor
1269 754 1445 821 dedit
1496 755 1832 831 άΝόνητον.
1905 755 2102 822 Valde
2163 758 2358 822 etiam
2418 755 2582 819 mihi
2629 756 2926 839 suspecta

533 866 629 928 est
690 859 879 928 lectio
941 861 1218 928 ὤκλασεν
1263 861 1414 943 δρμή
1434 911 1449 939 ,
1512 864 1581 927 in
1627 882 1753 947 qua
1799 862 2106 928 ultimum
2155 858 2538 928 vocabulum
2593 860 2756 926 vitio
2801 878 2924 923 na-

533 974 677 1034 tum
721 969 979 1035 videtur
1025 990 1102 1035 ex
1148 969 1299 1052 ὄρμῇ
1312 1014 1331 1046 ,
1374 968 1542 1055 quod
1583 971 1885 1035 terminat
1923 989 2180 1037 versum
2213 986 2681 1057 praegressum.
2727 964 2924 1031 Venit

534 1076 605 1141 in
649 1080 932 1143 mentem

1549 1181 1740 1248 ποδῶν
1783 1182 1849 1248 δέ
1896 1184 2076 1249 οἱοῦ
2120 1182 2314 1249 λύεν
2362 1183 2618 1261 άκμιὶ,

530 1291 612 1354 ut
654 1292 841 1375 poeta
883 1292 1033 1356 noto
1076 1294 1367 1357 veterum
1390 1294 1744 1375 ‘poetarum
1785 1310 1908 1355 usu
1943 1289 2112 1355 λύειν
2152 1290 2387 1356 dixerit
2410 1308 2522 1375 pro
2547 1294 2923 1355 λυσιτελεῖν.

1546 1520 1887 1529 ——-—

1527 1702 1899 1771 Gonu‘rnus.

624 1921 809 2007 Bapt.
858 1920 1125 1986 Helenae
1173 1940 1233 1986 v.
1288 1918 1414 1986 107
1462 1939 1596 2005 sqq.
1645 1922 1736 1985 sic
1783 1920 2163 1986 describitur
2207 1919 2456 1987 Paridis
2510 1917 2763 1985 cultus:

806 2029 932 2095 Καί
974 2050 1065 2101 τις
1115 2025 1501 2107 ὀρεσσαύλοιο
1549 2027 1682 2107 δορὴ
1730 2026 2063 2104 μετόπισθε
2107 2028 2410 2108 χιμαίρης

805 2134 1093 2215 ἐκκρεμὲς
1142 2133 1368 2217 ᾐώρητο
1416 2132 1521 2197 καὶ
1572 2134 1770 2198 αὐτῶν
1821 2130 2059 2199 ἅπτετο
2108 2140 2342 2213 μηρῶν·

804 2241 1082 2318 ποιμενίη
1130 2240 1181 2306 δ’
1226 2240 1608 2304 ὑπέκειτο
1657 2239 1812 2318 βοῶν
1863 2240 2152 2321 ἐλάτειρα
2201 2244 2551 2322 καλαῦροψ.

622 2347 795 2415 Pedo
837 2347 1023 2413 Paris
1046 2394 1064 2424 ,
1112 2353 1185 2411 ut
1230 2352 1477 2432 pastor,
1526 2346 1938 2412 innitebatur.
1988 2345 2196 2426 Quare
2242 2346 2596 2433 corrigatur

806 2452 1081 2532 ποιμενίη
1129 2451 1184 2518 δ’
1234 2449 1601 2535 ὑπέρειδε
1647 2452 1807 2532 βοῶν
1851 2452 2143 2536 ἐλάτειρα
2191 2455 2540 2536 καλαῦροψ.

621 2669 699 2739 V.
749 2671 878 2739 129
924 2672 1282 2739 Mercurius
1327 2671 1406 2737 ad
1454 2672 1789 2740 Paridem:

757 2779 1257 2865 φαιδροτέρῃ
1302 2778 1440 2846 τόδε
1485 2787 1714 2860 μῆλον,
1765 2781 2061 2862 ἐπήρατον
2111 2781 2304 2864 ἔρνος,
2352 2781 2684 2854 ὀπάσσαις.

618 2886 681 2954 N
683 2907 763 2954 on
810 2887 971 2953 duae
1016 2887 1127 2954 sed
1173 2894 1301 2953 tres
1349 2886 1501 2953 deae
1546 2886 1891 2954 Alexandri
1934 2889 2247 2956 iudicium
2297 2890 2748 2976 expectabant,
2798 2890 2916 2955 itu·

531 3014 654 3081 que
699 3014 849 3061 vera
893 2992 1082 3060 lectio
1130 3000 1226 3060 est
1279 2993 1827 3080 φαιδροτάτη.

622 3209 700 3276 V.
745 3208 880 3276 296
924 3210 1108 3276 Paris
1154 3209 1233 3275 ad
1282 3208 1639 3277 Helenam:

801 3321 995 3398 Δεῦρο
1039 3315 1250 3394 γάμον
1300 3317 1685 3398 κεράσωμεν,
1736 3320 1867 3387 ἐπεὶ
1915 3321 2204 3404 Κυθέρεια
2251 3324 2527 3390 κελεύει·

801 3425 860 3488 εί
902 3445 987 3500 με
1033 3425 1559 3503 καταισχύνειας,
1611 3425 1764 3504 ἐμὴν
1810 3427 1915 3492 καὶ
1963 3429 2197 3511 Κύπριν
2245 3427 2544 3509 ἐλέγξειε.

804 3530 968 3594 Οὐκ
1015 3527 1234 3609 ἐρέω·
1277 3529 1345 3596 τί
1390 3531 1451 3595 δὲ
1501 3529 1715 3596 τόσσον
1762 3534 2180 3614 ἐπισταμένην
2227 3560 2296 3604 σε
2346 3536 2604 3618 διδάξω,

800 3635 851 3701 εἲ
901 3643 1059 3702 τοῖαι
1107 3635 1425 3714 γεγάασιν
1474 3637 1535 3702 ἐν
1582 3631 1907 3720 Ἀργείοισι
1958 3652 2288 3732 γυναῖκες;

616 3743 742 3809 Pro
802 3745 1013 3809 verbis
1078 3744 1438 3829 depravatis
1500 3746 1606 3810 ούκ
1669 3746 1804 3827 ἐρέω
1868 3749 2018 3815 ferri
2080 3755 2276 3838 possit
2339 3757 2474 3817 σοῦ
2537 3751 2695 3833 γὰρ
2751 3753 2913 3829 ἐρῶ.

524 3849 756 3918 Nescio
801 3857 1019 3917 tamen
1066 3871 1146 3916 an
1194 3853 1403 3919 verius
1450 3854 1848 3941 corrigamus

1124 3999 1131 4004 -
1599 3961 1752 4037 ἐμὴν
1798 3961 1904 4027 καὶ
1952 3962 2185 4046 Κύπριν
2231 3964 2505 4044 ἐλέγξειε
2531 3988 2545 4005 ·

804 4065 953 4144 οὐκ
998 4062 1277 4149 δνόφοι
2399 4079 2406 4086 “

530 4169 613 4240 ol.
661 4191 754 4240 vs.
804 4167 935 4236 337
1752 4172 1842 4240 ἔτι
1889 4177 2194 4244 κλαίουσα
2249 4179 2514 4258 νοσήσειε
2533 4200 2551 4221 ·

804 4277 957 4358 οὐχ
1002 4274 1289 4361 δράᾳσὸ
