3150 5000
1218 203 1684 251 mfflonnmsvs.
2517 180 2652 246 255
2730 243 2733 249 .

261 371 571 459 fugerunt
616 377 680 437 et
727 371 915 458 digr
934 324 1065 436 edi
1112 373 1270 436 iussi
1309 371 1640 435 confestim
1682 368 1893 434 claues
1932 367 2221 434 obtulere
2243 359 2641 466 portarum.”

361 478 596 544 Malim
639 479 677 544 d
697 500 730 544 e
748 501 796 566 g
811 499 844 542 r
860 499 894 544 e
909 479 948 543 d
967 481 989 542 i
1011 527 1027 556 ,
1071 479 1238 563 quod
1263 480 1331 543 in
1358 477 1506 542 Vat.
1535 473 1669 564 legi
1694 481 1965 542 testatur
1989 475 2419 563 Eyssenhardt
2437 499 2453 560 3
2481 476 2660 543 iube·

259 587 501 652 bantur
537 585 886 652 defensores
913 585 1327 664 „descendere
1355 584 1434 650 de
1459 585 1881 649 munimentis
1905 581 2281 669 praecelsis’‘
2310 588 2385 647 ut
2408 583 2562 667 θεῖς
2590 581 2623 646 1
2640 631 2655 646 .

1297 899 1652 911 ᾐ--α-

1117 1201 1122 1211 ,
1247 1130 1450 1197 Lmen
1496 1131 1683 1198 XIX.

362 1346 427 1412 2.
479 1347 541 1412 5.
597 1349 697 1425 „A
742 1345 875 1413 sole
918 1350 1134 1432 itaque
1181 1351 1318 1414 orto
1366 1367 1628 1432 usque
1675 1347 1803 1413 diei
1849 1346 2160 1414 ultimum
2210 1350 2373 1412 acies
2419 1347 2657 1411 immo-

263 1453 430 1520 biles
475 1455 728 1519 stabant
757 1451 864 1519 'ut
910 1453 1072 1519 fixae
1116 1453 1294 1520 nullo
1343 1455 1590 1519 uariato
1639 1454 1980 1542 uestigio.”

360 1559 502 1626 Non
565 1551 999 1646 usque'sed
1046 1581 1160 1626 suo
1208 1559 1382 1627 more
1452 1561 1825 1645 adusque
1886 1563 2209 1646 scripsisse
2256 1563 2326 1625 A.
2380 1575 2445 1626 et
2490 1561 2553 1624 h.
2605 1559 2649 1625 1.

265 1666 669 1733 crediderim.
717 1666 791 1760 In
839 1687 1010 1753 seqq.
1055 1667 1202 1754 lege
1248 1666 1615 1733 immobiles
1662 1668 1917 1732 stabant
1962 1674 2042 1731 et
2095 1667 2273 1733 fixae.

362 1905 425 1970 4.
474 1903 535 1970 3.
613 1901 820 1988 „Cum
869 1904 1194 1971 decennali
1243 1903 1412 1971 bello
1459 1900 1730 1970 Graecia
1776 1903 2112 1970 desudaret
2156 1923 2236 1968 ne
2280 1905 2655 1990 peregrinus

267 2032 497 2097 poenas
536 2011 860 2077 dissociati
899 2011 1134 2099 regalis
1175 2013 1572 2076 matrimonii
1613 2008 1701 2077 lu
1720 2031 1801 2075 cr
1819 2030 1952 2075 are
1968 2014 1998 2073 t
2015 2030 2057 2073 u
2074 2030 2107 2074 r
2148 2057 2163 2073 .
2190 2057 2204 2073 .
2238 2058 2253 2073 .
2292 2008 2439 2074 telis
2462 2009 2654 2096 Apol·

265 2118 420 2184 linis
468 2121 708 2203 periere
754 2117 1152 2202 conplures.”

360 2223 528 2304 Quid
587 2226 674 2288 sit
723 2245 994 2308 „poenas
1037 2223 1315 2289 lucrari”
1363 2244 1550 2290 nemo
1595 2221 1807 2288 hercle
1854 2221 2040 2287 facile
2087 2223 2338 2288 dixerit.
2388 2219 2652 2306 Graeci,

267 2332 334 2395 ni
397 2329 613 2404 fallor,
679 2333 746 2394 in
809 2331 927 2395 hoc
989 2329 1394 2396 elaborarunt
1428 2351 1534 2406 ,ne
1596 2329 1779 2396 Paris
1826 2334 2045 2414 raptae
2089 2326 2375 2394 Helenae
2423 2346 2655 2413 poenas

269 2435 820 2503 eluctaretur.
2504 2438 2512 2446 '

361 2680 423 2745 4.
470 2680 532 2746 8.
587 2678 769 2759 „Hac
806 2682 1056 2748 exitiali
1096 2688 1272 2767 peste
1318 2684 1707 2767 quassati,
1748 2684 1971 2766 paucis
1994 2684 2448 2768 intemperanti
2473 2688 2655 2748 aestu

267 2791 687 2873 consumptis,
744 2809 898 2875 quos
945 2788 1294 2854 multitudo
1342 2789 1618 2876 angebat
1637 2835 1652 2863 ,
1705 2788 1961 2853 tandem
2008 2792 2225 2873 nocte,
2275 2809 2435 2873 quae
2481 2787 2652 2854 diem

270 2910 602 2960 consecuta
648 2902 744 2961 est
791 2897 1115 2961 decimum
1165 2898 1419 2983 exiguis
1457 2895 1777 2960 imbribus
1816 2894 2081 2960 disiecto
2106 2900 2393 2960 concreto
2419 2897 2651 2979 spiritu

269 3007 335 3065 et
379 3010 653 3067 crassato
699 3006 967 3087 sospitas
1013 3010 1258 3068 retenta
1303 3010 1400 3067 est
1445 3022 1779 3087 corporum
1828 2999 2068 3066 firma.”

359 3106 579 3192 Inepte
641 3109 884 3196 legitur
948 3117 1164 3194 „peste
1211 3130 1248 3193 q
1268 3110 1594 3173 uassati
1615 3107 1677 3190 ‚’‘
1727 3111 1877 3192 quia
1923 3109 2360 3173 nominatiuus
2405 3109 2649 3194 praedi·

268 3202 415 3280 cato'
454 3222 643 3281 caret.
694 3212 1067 3302 Corrigatur
1101 3218 1318 3303 *igitur
1365 3214 1526 3291 „hac
1573 3214 1823 3281 exitiali
1868 3222 2043 3299 peste
2090 3214 2584 3301 grassante.’'

360 3444 423 3508 5.
474 3441 534 3506 3.
589 3442 963 3521 „Postremo
1007 3445 1312 3510 obseratis
1357 3447 1558 3529 portis
1606 3465 1647 3529 p
1664 3465 1697 3508 r
1711 3465 1745 3508 e
1762 3464 1795 3509 c
1815 3465 1907 3510 an
1926 3450 1953 3510 t
1972 3446 1997 3508 i
2014 3446 2055 3509 b
2074 3466 2115 3509 u
2132 3466 2163 3509 s
2178 3465 2216 3529 q
2232 3464 2275 3509 u
2293 3466 2328 3509 e
2376 3445 2653 3511 tribunis

265 3550 482 3637 egredi
529 3564 916 3634 nequeuntes
959 3550 1332 3615 frendebant
1378 3538 1463 3615 ut'
1500 3548 1798 3615 bestiae.”

356 3656 789 3743 Eyssenhardt
807 3705 822 3735 ‚
874 3664 947 3723 ut
995 3664 1090 3722 est
1139 3658 1677 3722 obstinatissimus
1718 3656 1987 3722 traditae
2024 3656 2316 3723 lectionis
2341 3657 2647 3738 defensor,

265 3765 534 3828 retinuit
599 3766 886 3849 ineptum
950 3762 1115 3828 illud
1179 3785 1218 3848 p
1241 3785 1273 3828 r
1286 3784 1321 3828 e
1337 3784 1370 3827 c
1389 3784 1424 3827 a
1442 3786 1481 3828 n
1499 3770 1526 3827 t
1543 3763 1566 3826 i
1584 3763 1623 3825 b
1641 3784 1685 3827 u
1702 3784 1731 3827 s
1748 3784 1789 3847 q
1807 3783 1849 3826 u
1864 3784 1919 3827 e.
1994 3761 2177 3842 Quod
2248 3785 2397 3829 cum
2469 3766 2647 3833 nullo

266 3868 455 3933 modo
524 3870 674 3934 ferri
743 3888 922 3953 posse
989 3868 1392 3956 intellegeret
1451 3865 1895 3934 Gardthausen
1910 3917 1925 3943 ‚
1994 3869 2197 3934 edidit
2242 3890 2319 3936 ex
2364 3870 2647 3939 Reinesii

265 3978 623 4041 coniectura
669 3996 710 4060 p
727 3998 758 4039 r
773 3996 810 4040 a
824 3996 857 4041 e
874 3997 907 4039 c
925 3996 962 4039 a
981 3996 1020 4038 u
1041 3995 1074 4039 e
1092 3998 1134 4037 n
1153 3978 1214 4038 ti
1239 3976 1277 4039 b
1296 3996 1337 4039 u
1355 3996 1406 4041 s.
1455 3972 1683 4038 Potius
1728 3974 2102 4039 crediderim
2142 3971 2297 4041 olim
2336 3980 2644 4063 scriptum

265 4104 396 4147 esse
443 4082 840 4147 uetantib
862 4102 1118 4167 usque
1165 4079 1305 4145 coll.
1362 4078 1419 4143 6.
1476 4079 1554 4144 3:
1606 4086 1923 4156 „mortem
1966 4081 2240 4147 tribunis
2282 4086 2645 4150 uetanti-

264 4190 304 4255 b
321 4210 363 4253 u
381 4210 410 4253 s
458 4190 830 4254 minitantes
878 4188 932 4253 si
981 4188 1274 4274 deinceps
1321 4185 1783 4271 prohiberent.”
