<?xml version="1.0" encoding="UTF-8"?>
<!DOCTYPE html PUBLIC "-//W3C//DTD XHTML 1.0 Transitional//EN"
    "http://www.w3.org/TR/xhtml1/DTD/xhtml1-transitional.dtd">
<html xmlns="http://www.w3.org/1999/xhtml" xml:lang="en" lang="en">
 <head>
  <title>
</title>
<meta http-equiv="Content-Type" content="text/html;charset=utf-8" />
  <meta name='ocr-system' content='tesseract 3.04.00' />
  <meta name='ocr-capabilities' content='ocr_page ocr_carea ocr_par ocr_line ocrx_word'/>
</head>
<body>
  <div class='ocr_page' id='page_1' title='image "./mnemosyne06servgoog_0414.png"; bbox 0 0 3150 5000; ppageno 0'>
   <div class='ocr_carea' id='block_1_1' title="bbox 553 322 2063 389">
    <p class='ocr_par' dir='ltr' id='par_1_1' title="bbox 553 322 2063 389">
     <span class='ocr_line' id='line_1_1' title="bbox 553 322 2063 389; baseline -0.001 0"><span class='ocrx_word' id='word_1_1' title='bbox 553 322 686 389; x_wconf 80' lang='lat'><strong><em>394</em></strong></span> <span class='ocrx_word' id='word_1_2' title='bbox 1409 340 1686 387; x_wconf 72' lang='lat' dir='ltr'><strong>rmvme</strong></span> <span class='ocrx_word' id='word_1_3' title='bbox 1729 338 2063 387; x_wconf 65' lang='lat' dir='ltr'><strong>sosarnue.</strong></span> 
     </span>
    </p>
   </div>
   <div class='ocr_carea' id='block_1_2' title="bbox 547 494 2921 1014">
    <p class='ocr_par' dir='ltr' id='par_1_2' title="bbox 547 494 2921 1014">
     <span class='ocr_line' id='line_1_2' title="bbox 638 494 2915 589; baseline -0.001 -19"><span class='ocrx_word' id='word_1_4' title='bbox 638 502 803 570; x_wconf 84' lang='lat' dir='ltr'><strong>Bell.</strong></span> <span class='ocrx_word' id='word_1_5' title='bbox 849 502 904 567; x_wconf 91' lang='lat'><strong><em>1.</em></strong></span> <span class='ocrx_word' id='word_1_6' title='bbox 937 500 1045 568; x_wconf 82' lang='lat'><strong><em>33.</em></strong></span> <span class='ocrx_word' id='word_1_7' title='bbox 1086 500 1126 567; x_wconf 81' lang='lat'><strong>5</strong></span> <span class='ocrx_word' id='word_1_8' title='bbox 1174 502 1251 569; x_wconf 91' lang='lat' dir='ltr'><strong><em>de</em></strong></span> <span class='ocrx_word' id='word_1_9' title='bbox 1297 500 1552 568; x_wconf 91' lang='lat' dir='ltr'><strong>Herode</strong></span> <span class='ocrx_word' id='word_1_10' title='bbox 1600 502 1979 568; x_wconf 90' lang='lat' dir='ltr'><strong>moribundo</strong></span> <span class='ocrx_word' id='word_1_11' title='bbox 2025 501 2345 589; x_wconf 79' lang='lat' dir='ltr'><strong>legimus:</strong></span> <span class='ocrx_word' id='word_1_12' title='bbox 2392 500 2653 565; x_wconf 86' lang='grc' dir='ltr'><strong><em>ἐκλύει</em></strong></span> <span class='ocrx_word' id='word_1_13' title='bbox 2684 494 2752 564; x_wconf 73' lang='grc' dir='ltr'><strong><em>’δὲ</em></strong></span> <span class='ocrx_word' id='word_1_14' title='bbox 2790 496 2915 568; x_wconf 70' lang='grc' dir='ltr'><strong><em>τοὺς</em></strong></span> 
     </span>
     <span class='ocr_line' id='line_1_3' title="bbox 547 605 2917 696; baseline -0.005 -19"><span class='ocrx_word' id='word_1_15' title='bbox 547 608 910 692; x_wconf 80' lang='grc' dir='ltr'><strong><em>ὀφθαλμούς</em></strong></span> <span class='ocrx_word' id='word_1_16' title='bbox 931 655 947 687; x_wconf 90' lang='grc'><strong><em>,</em></strong></span> <span class='ocrx_word' id='word_1_17' title='bbox 997 611 1148 693; x_wconf 89' lang='lat' dir='ltr'><strong>quia</strong></span> <span class='ocrx_word' id='word_1_18' title='bbox 1195 610 1312 675; x_wconf 83' lang='lat' dir='ltr'><strong><em>hoo</em></strong></span> <span class='ocrx_word' id='word_1_19' title='bbox 1357 608 1522 673; x_wconf 88' lang='lat' dir='ltr'><strong>nihil</strong></span> <span class='ocrx_word' id='word_1_20' title='bbox 1567 607 1886 696; x_wconf 77' lang='lat' dir='ltr'><strong>signifieat</strong></span> <span class='ocrx_word' id='word_1_21' title='bbox 1934 613 1999 673; x_wconf 84' lang='lat' dir='ltr'><strong><em>et</em></strong></span> <span class='ocrx_word' id='word_1_22' title='bbox 2046 614 2369 692; x_wconf 81' lang='lat' dir='ltr'><strong>praeterea</strong></span> <span class='ocrx_word' id='word_1_23' title='bbox 2406 612 2623 672; x_wconf 81' lang='lat' dir='ltr'><strong>statim</strong></span> <span class='ocrx_word' id='word_1_24' title='bbox 2666 605 2917 670; x_wconf 80' lang='lat' dir='ltr'><strong>aoristus</strong></span> 
     </span>
     <span class='ocr_line' id='line_1_4' title="bbox 549 710 2921 801; baseline -0.004 -19"><span class='ocrx_word' id='word_1_25' title='bbox 549 718 871 801; x_wconf 78' lang='lat' dir='ltr'><strong>sequitur,</strong></span> <span class='ocrx_word' id='word_1_26' title='bbox 935 715 1246 782; x_wconf 80' lang='lat' dir='ltr'><strong>scribam:</strong></span> <span class='ocrx_word' id='word_1_27' title='bbox 1311 714 1676 793; x_wconf 77' lang='grc' dir='ltr'><strong><em>ἔκλεισε,</em></strong></span> <span class='ocrx_word' id='word_1_28' title='bbox 1741 717 1932 780; x_wconf 81' lang='lat' dir='ltr'><strong>sicuti</strong></span> <span class='ocrx_word' id='word_1_29' title='bbox 1995 712 2337 799; x_wconf 83' lang='lat' dir='ltr'><strong>Sophocles</strong></span> <span class='ocrx_word' id='word_1_30' title='bbox 2382 714 2582 777; x_wconf 81' lang='lat' dir='ltr'>dixit:</span> <span class='ocrx_word' id='word_1_31' title='bbox 2630 710 2921 791; x_wconf 80' lang='grc' dir='ltr'><strong><em>βλέφαρα</em></strong></span> 
     </span>
     <span class='ocr_line' id='line_1_5' title="bbox 549 814 2921 904; baseline -0.002 -18"><span class='ocrx_word' id='word_1_32' title='bbox 549 820 845 904; x_wconf 65' lang='grc' dir='ltr'><strong><em>κέκληται</em></strong></span> <span class='ocrx_word' id='word_1_33' title='bbox 910 821 963 886; x_wconf 86' lang='grc' dir='ltr'><strong><em>δ’</em></strong></span> <span class='ocrx_word' id='word_1_34' title='bbox 1011 822 1088 895; x_wconf 77' lang='grc' dir='ltr'><strong><em>ιὸς</em></strong></span> <span class='ocrx_word' id='word_1_35' title='bbox 1151 824 1493 898; x_wconf 83' lang='grc' dir='ltr'><strong><em>καπηλείου</em></strong></span> <span class='ocrx_word' id='word_1_36' title='bbox 1542 822 1713 902; x_wconf 89' lang='grc' dir='ltr'><strong><em>θύρα.</em></strong></span> <span class='ocrx_word' id='word_1_37' title='bbox 1776 820 1938 887; x_wconf 84' lang='lat' dir='ltr'><strong>Bell.</strong></span> <span class='ocrx_word' id='word_1_38' title='bbox 1996 821 2056 885; x_wconf 93' lang='grc'><strong>1.</strong></span> <span class='ocrx_word' id='word_1_39' title='bbox 2107 818 2213 887; x_wconf 84' lang='grc'><strong>33.</strong></span> <span class='ocrx_word' id='word_1_40' title='bbox 2267 820 2344 886; x_wconf 87' lang='lat'><strong><em>7:</em></strong></span> <span class='ocrx_word' id='word_1_41' title='bbox 2393 819 2795 901; x_wconf 68' lang='grc' dir='ltr'><strong><em>περιαθρήσας</em></strong></span> <span class='ocrx_word' id='word_1_42' title='bbox 2842 814 2921 893; x_wconf 82' lang='grc' dir='ltr'><strong><em>μή</em></strong></span> 
     </span>
     <span class='ocr_line' id='line_1_6' title="bbox 551 926 2147 1014; baseline -0.001 -21"><span class='ocrx_word' id='word_1_43' title='bbox 551 951 645 1001; x_wconf 87' lang='grc' dir='ltr'><strong><em>τις</em></strong></span> <span class='ocrx_word' id='word_1_44' title='bbox 695 928 722 993; x_wconf 78' lang='grc' dir='ltr'><strong><em>ὅ</em></strong></span> <span class='ocrx_word' id='word_1_45' title='bbox 771 927 1088 993; x_wconf 77' lang='grc' dir='ltr'><strong><em>κωλύων</em></strong></span> <span class='ocrx_word' id='word_1_46' title='bbox 1139 927 1266 1012; x_wconf 70' lang='grc' dir='ltr'><strong><em>εἴη,</em></strong></span> <span class='ocrx_word' id='word_1_47' title='bbox 1313 929 1695 1014; x_wconf 77' lang='lat' dir='ltr'><strong>requiritur:</strong></span> <span class='ocrx_word' id='word_1_48' title='bbox 1744 926 2147 992; x_wconf 78' lang='grc' dir='ltr'><strong><em>κωλύσων.</em></strong></span> 
     </span>
    </p>
   </div>
   <div class='ocr_carea' id='block_1_3' title="bbox 551 1110 2942 2367">
    <p class='ocr_par' dir='ltr' id='par_1_3' title="bbox 551 1110 2942 2367">
     <span class='ocr_line' id='line_1_7' title="bbox 643 1110 2925 1196; baseline -0.003 -15"><span class='ocrx_word' id='word_1_49' title='bbox 643 1115 716 1181; x_wconf 90' lang='grc' dir='ltr'><strong><em>Β.</em></strong></span> <span class='ocrx_word' id='word_1_50' title='bbox 762 1113 824 1180; x_wconf 85' lang='lat' dir='ltr'><strong><em>J.</em></strong></span> <span class='ocrx_word' id='word_1_51' title='bbox 873 1114 937 1181; x_wconf 98' lang='grc'><strong>2.</strong></span> <span class='ocrx_word' id='word_1_52' title='bbox 992 1116 1049 1180; x_wconf 92' lang='grc'><strong>1.</strong></span> <span class='ocrx_word' id='word_1_53' title='bbox 1099 1116 1176 1181; x_wconf 77' lang='lat'><strong><em>3:</em></strong></span> <span class='ocrx_word' id='word_1_54' title='bbox 1227 1117 1296 1181; x_wconf 80' lang='grc' dir='ltr'><strong><em>οὐ</em></strong></span> <span class='ocrx_word' id='word_1_55' title='bbox 1339 1115 1462 1193; x_wconf 68' lang='grc' dir='ltr'><strong><em>μήν</em></strong></span> <span class='ocrx_word' id='word_1_56' title='bbox 1511 1113 1848 1196; x_wconf 70' lang='grc' dir='ltr'><strong><em>Ἀρχελάῳ</em></strong></span> <span class='ocrx_word' id='word_1_57' title='bbox 1896 1115 2052 1194; x_wconf 83' lang='grc' dir='ltr'><strong><em>δίχα</em></strong></span> <span class='ocrx_word' id='word_1_58' title='bbox 2098 1112 2355 1193; x_wconf 88' lang='grc' dir='ltr'><strong><em>Φόνου</em></strong></span> <span class='ocrx_word' id='word_1_59' title='bbox 2400 1114 2695 1179; x_wconf 83' lang='grc' dir='ltr'><strong><em>καθεκτὸν</em></strong></span> <span class='ocrx_word' id='word_1_60' title='bbox 2738 1110 2822 1177; x_wconf 79' lang='grc' dir='ltr'><strong><em>ἔτι</em></strong></span> <span class='ocrx_word' id='word_1_61' title='bbox 2864 1110 2925 1175; x_wconf 73' lang='grc' dir='ltr'><strong><em>τὸ</em></strong></span> 
     </span>
     <span class='ocr_line' id='line_1_8' title="bbox 553 1218 2924 1307; baseline -0.003 -20"><span class='ocrx_word' id='word_1_62' title='bbox 553 1222 780 1298; x_wconf 77' lang='grc' dir='ltr'><strong><em>πλῆθος</em></strong></span> <span class='ocrx_word' id='word_1_63' title='bbox 831 1222 1160 1307; x_wconf 80' lang='grc' dir='ltr'><strong><em>ἐφαίνετο,</em></strong></span> <span class='ocrx_word' id='word_1_64' title='bbox 1213 1222 1383 1288; x_wconf 83' lang='lat' dir='ltr'><strong>malo</strong></span> <span class='ocrx_word' id='word_1_65' title='bbox 1429 1221 1711 1304; x_wconf 83' lang='grc' dir='ltr'><strong><em>φόβου.</em></strong></span> <span class='ocrx_word' id='word_1_66' title='bbox 1765 1221 1838 1286; x_wconf 93' lang='grc' dir='ltr'><strong><em>Β.</em></strong></span> <span class='ocrx_word' id='word_1_67' title='bbox 1887 1220 1949 1287; x_wconf 87' lang='lat' dir='ltr'><strong><em>J.</em></strong></span> <span class='ocrx_word' id='word_1_68' title='bbox 1999 1220 2061 1286; x_wconf 91' lang='grc'><strong>2.</strong></span> <span class='ocrx_word' id='word_1_69' title='bbox 2114 1218 2178 1288; x_wconf 88' lang='grc'><strong><em>6.</em></strong></span> <span class='ocrx_word' id='word_1_70' title='bbox 2227 1219 2301 1285; x_wconf 63' lang='grc'><strong><em>23</em></strong></span> <span class='ocrx_word' id='word_1_71' title='bbox 2374 1220 2459 1294; x_wconf 78' lang='grc' dir='ltr'><strong><em>εἰς</em></strong></span> <span class='ocrx_word' id='word_1_72' title='bbox 2505 1224 2687 1285; x_wconf 84' lang='grc' dir='ltr'><strong><em>τοῦτο</em></strong></span> <span class='ocrx_word' id='word_1_73' title='bbox 2732 1218 2924 1297; x_wconf 87' lang='grc' dir='ltr'><strong><em>μέντοι</em></strong></span> 
     </span>
     <span class='ocr_line' id='line_1_9' title="bbox 552 1321 2928 1413; baseline -0.003 -21"><span class='ocrx_word' id='word_1_74' title='bbox 552 1325 994 1402; x_wconf 74' lang='grc' dir='ltr'><strong><em>ταπεινότητος</em></strong></span> <span class='ocrx_word' id='word_1_75' title='bbox 1058 1328 1124 1392; x_wconf 85' lang='grc' dir='ltr'><strong><em>ἐκ</em></strong></span> <span class='ocrx_word' id='word_1_76' title='bbox 1187 1332 1294 1392; x_wconf 82' lang='grc' dir='ltr'><strong><em>τοῦ</em></strong></span> <span class='ocrx_word' id='word_1_77' title='bbox 1359 1327 1653 1408; x_wconf 79' lang='grc' dir='ltr'><strong><em>δυςυχεῖν</em></strong></span> <span class='ocrx_word' id='word_1_78' title='bbox 1718 1326 1939 1399; x_wconf 78' lang='grc' dir='ltr'><strong><em>ἔθους</em></strong></span> <span class='ocrx_word' id='word_1_79' title='bbox 2005 1328 2349 1405; x_wconf 72' lang='grc' dir='ltr'><strong><em>προελθεῖν,</em></strong></span> <span class='ocrx_word' id='word_1_80' title='bbox 2396 1325 2797 1413; x_wconf 71' lang='lat' dir='ltr'><strong>intelligam:</strong></span> <span class='ocrx_word' id='word_1_81' title='bbox 2852 1321 2928 1387; x_wconf 81' lang='grc' dir='ltr'><strong><em>τὸ</em></strong></span> 
     </span>
     <span class='ocr_line' id='line_1_10' title="bbox 556 1430 2931 1519; baseline -0.001 -22"><span class='ocrx_word' id='word_1_82' title='bbox 556 1430 809 1510; x_wconf 79' lang='grc' dir='ltr'><strong><em>ἔθνος,</em></strong></span> <span class='ocrx_word' id='word_1_83' title='bbox 857 1433 964 1499; x_wconf 86' lang='lat' dir='ltr'><strong><em>vel</em></strong></span> <span class='ocrx_word' id='word_1_84' title='bbox 1011 1435 1066 1498; x_wconf 80' lang='lat' dir='ltr'><strong><em>si</em></strong></span> <span class='ocrx_word' id='word_1_85' title='bbox 1112 1435 1179 1498; x_wconf 91' lang='lat' dir='ltr'><strong><em>id</em></strong></span> <span class='ocrx_word' id='word_1_86' title='bbox 1225 1434 1386 1500; x_wconf 86' lang='lat' dir='ltr'><strong>forte</strong></span> <span class='ocrx_word' id='word_1_87' title='bbox 1431 1436 1677 1499; x_wconf 79' lang='lat' dir='ltr'><strong>mavis:</strong></span> <span class='ocrx_word' id='word_1_88' title='bbox 1726 1432 2074 1505; x_wconf 79' lang='grc' dir='ltr'><strong><em>τούθνος.</em></strong></span> <span class='ocrx_word' id='word_1_89' title='bbox 2140 1433 2217 1498; x_wconf 92' lang='lat' dir='ltr'><strong><em>In</em></strong></span> <span class='ocrx_word' id='word_1_90' title='bbox 2264 1433 2663 1519; x_wconf 71' lang='lat' dir='ltr'><strong>paragrapho</strong></span> <span class='ocrx_word' id='word_1_91' title='bbox 2710 1432 2787 1497; x_wconf 89' lang='lat' dir='ltr'><strong><em>de</em></strong></span> <span class='ocrx_word' id='word_1_92' title='bbox 2830 1430 2931 1495; x_wconf 80' lang='lat' dir='ltr'><strong><em>Es·</em></strong></span> 
     </span>
     <span class='ocr_line' id='line_1_11' title="bbox 553 1536 2934 1623; baseline -0.003 -18"><span class='ocrx_word' id='word_1_93' title='bbox 553 1537 722 1605; x_wconf 77' lang='lat' dir='ltr'><strong>senis</strong></span> <span class='ocrx_word' id='word_1_94' title='bbox 767 1538 841 1603; x_wconf 90' lang='lat' dir='ltr'><strong><em>B.</em></strong></span> <span class='ocrx_word' id='word_1_95' title='bbox 889 1537 948 1603; x_wconf 87' lang='lat' dir='ltr'><strong><em>J.</em></strong></span> <span class='ocrx_word' id='word_1_96' title='bbox 1001 1539 1062 1603; x_wconf 89' lang='lat'><strong><em>2.</em></strong></span> <span class='ocrx_word' id='word_1_97' title='bbox 1114 1538 1179 1606; x_wconf 87' lang='grc'><strong>8.</strong></span> <span class='ocrx_word' id='word_1_98' title='bbox 1229 1540 1310 1605; x_wconf 86' lang='grc'><strong><em>13</em></strong></span> <span class='ocrx_word' id='word_1_99' title='bbox 1361 1542 1488 1605; x_wconf 85' lang='lat' dir='ltr'><strong>tria</strong></span> <span class='ocrx_word' id='word_1_100' title='bbox 1533 1541 1695 1605; x_wconf 83' lang='lat' dir='ltr'><strong>vitia</strong></span> <span class='ocrx_word' id='word_1_101' title='bbox 1741 1538 1983 1605; x_wconf 87' lang='lat' dir='ltr'><strong>odoror.</strong></span> <span class='ocrx_word' id='word_1_102' title='bbox 2056 1536 2220 1603; x_wconf 83' lang='lat' dir='ltr'><strong>Sunt</strong></span> <span class='ocrx_word' id='word_1_103' title='bbox 2265 1541 2433 1605; x_wconf 87' lang='lat' dir='ltr'><strong>inter</strong></span> <span class='ocrx_word' id='word_1_104' title='bbox 2476 1558 2584 1603; x_wconf 74' lang='lat' dir='ltr'><strong><em>eos</em></strong></span> <span class='ocrx_word' id='word_1_105' title='bbox 2633 1539 2746 1623; x_wconf 86' lang='lat' dir='ltr'><strong><em>qni</em></strong></span> <span class='ocrx_word' id='word_1_106' title='bbox 2792 1554 2934 1601; x_wconf 85' lang='lat' dir='ltr'><strong>uxo·</strong></span> 
     </span>
     <span class='ocr_line' id='line_1_12' title="bbox 551 1640 2933 1731; baseline -0.003 -20"><span class='ocrx_word' id='word_1_107' title='bbox 551 1666 652 1711; x_wconf 77' lang='lat' dir='ltr'><strong><em>ree</em></strong></span> <span class='ocrx_word' id='word_1_108' title='bbox 699 1645 1003 1722; x_wconf 70' lang='lat' dir='ltr'><strong>habeant:</strong></span> <span class='ocrx_word' id='word_1_109' title='bbox 1051 1646 1276 1731; x_wconf 75' lang='lat' dir='ltr'><strong>quodsi</strong></span> <span class='ocrx_word' id='word_1_110' title='bbox 1323 1665 1542 1712; x_wconf 76' lang='lat' dir='ltr'><strong>omnes</strong></span> <span class='ocrx_word' id='word_1_111' title='bbox 1586 1645 1855 1713; x_wconf 79' lang='lat' dir='ltr'><strong>coelibes</strong></span> <span class='ocrx_word' id='word_1_112' title='bbox 1903 1650 2345 1730; x_wconf 75' lang='lat' dir='ltr'><strong>permanerent</strong></span> <span class='ocrx_word' id='word_1_113' title='bbox 2366 1691 2382 1723; x_wconf 89' lang='lat'>,</span> <span class='ocrx_word' id='word_1_114' title='bbox 2424 1646 2704 1709; x_wconf 86' lang='grc' dir='ltr'><strong><em>ἐκλιπεῖν</em></strong></span> <span class='ocrx_word' id='word_1_115' title='bbox 2740 1640 2933 1709; x_wconf 72' lang='grc' dir='ltr'><strong><em>ἅπαν</em></strong></span> 
     </span>
     <span class='ocr_line' id='line_1_13' title="bbox 554 1748 2935 1841; baseline -0.002 -26"><span class='ocrx_word' id='word_1_116' title='bbox 554 1751 629 1816; x_wconf 80' lang='grc' dir='ltr'><strong><em>τὸ</em></strong></span> <span class='ocrx_word' id='word_1_117' title='bbox 689 1751 862 1827; x_wconf 74' lang='grc' dir='ltr'><strong><em>γένος</em></strong></span> <span class='ocrx_word' id='word_1_118' title='bbox 927 1751 1176 1831; x_wconf 75' lang='grc' dir='ltr'><strong><em>ταχιςα</em></strong></span> <span class='ocrx_word' id='word_1_119' title='bbox 1199 1799 1215 1831; x_wconf 92' lang='grc'><strong><em>,</em></strong></span> <span class='ocrx_word' id='word_1_120' title='bbox 1282 1753 1394 1819; x_wconf 78' lang='lat' dir='ltr'><strong><em>sed</em></strong></span> <span class='ocrx_word' id='word_1_121' title='bbox 1453 1756 1522 1817; x_wconf 87' lang='lat' dir='ltr'><strong><em>in</em></strong></span> <span class='ocrx_word' id='word_1_122' title='bbox 1585 1773 1661 1819; x_wconf 86' lang='lat' dir='ltr'><strong><em>ea</em></strong></span> <span class='ocrx_word' id='word_1_123' title='bbox 1712 1752 2024 1817; x_wconf 86' lang='lat' dir='ltr'><strong>sententia</strong></span> <span class='ocrx_word' id='word_1_124' title='bbox 2068 1750 2383 1837; x_wconf 82' lang='lat' dir='ltr'><strong>particula</strong></span> <span class='ocrx_word' id='word_1_125' title='bbox 2430 1748 2475 1814; x_wconf 71' lang='grc' dir='ltr'>ἃ</span> <span class='ocrx_word' id='word_1_126' title='bbox 2493 1776 2525 1815; x_wconf 92' lang='grc' dir='ltr'><strong><em>ν</em></strong></span> <span class='ocrx_word' id='word_1_127' title='bbox 2552 1771 2699 1841; x_wconf 28' lang='lat' dir='ltr'><strong>&#39;non</strong></span> <span class='ocrx_word' id='word_1_128' title='bbox 2741 1752 2935 1835; x_wconf 80' lang='lat' dir='ltr'><strong>potest</strong></span> 
     </span>
     <span class='ocr_line' id='line_1_14' title="bbox 555 1853 2935 1941; baseline -0.003 -18"><span class='ocrx_word' id='word_1_129' title='bbox 555 1856 793 1923; x_wconf 76' lang='lat' dir='ltr'><strong>abesse.</strong></span> <span class='ocrx_word' id='word_1_130' title='bbox 863 1856 968 1922; x_wconf 90' lang='lat' dir='ltr'><strong>Illi</strong></span> <span class='ocrx_word' id='word_1_131' title='bbox 1030 1864 1248 1925; x_wconf 87' lang='lat' dir='ltr'><strong>autem</strong></span> <span class='ocrx_word' id='word_1_132' title='bbox 1293 1856 1724 1938; x_wconf 74' lang='grc' dir='ltr'><strong><em>δοκιμάζοντες</em></strong></span> <span class='ocrx_word' id='word_1_133' title='bbox 1772 1860 2040 1938; x_wconf 81' lang='grc' dir='ltr'><strong><em>τριετί</em></strong></span> <span class='ocrx_word' id='word_1_134' title='bbox 2056 1881 2099 1941; x_wconf 73' lang='grc' dir='ltr'><strong><em>α</em></strong></span> <span class='ocrx_word' id='word_1_135' title='bbox 2146 1856 2264 1932; x_wconf 72' lang='grc' dir='ltr'><strong><em>τὰς</em></strong></span> <span class='ocrx_word' id='word_1_136' title='bbox 2312 1856 2649 1937; x_wconf 68' lang='grc' dir='ltr'><strong><em>γαμετάς,</em></strong></span> <span class='ocrx_word' id='word_1_137' title='bbox 2700 1853 2935 1921; x_wconf 71' lang='grc' dir='ltr'><strong><em>ἐπειδὰν</em></strong></span> 
     </span>
     <span class='ocr_line' id='line_1_15' title="bbox 559 1962 2934 2045; baseline -0.002 -16"><span class='ocrx_word' id='word_1_138' title='bbox 559 1963 686 2045; x_wconf 77' lang='grc' dir='ltr'><strong><em>τρὶς</em></strong></span> <span class='ocrx_word' id='word_1_139' title='bbox 749 1965 1119 2045; x_wconf 72' lang='grc' dir='ltr'><strong><em>καθαρθῶσιν</em></strong></span> <span class='ocrx_word' id='word_1_140' title='bbox 1185 1966 1270 2038; x_wconf 74' lang='grc' dir='ltr'><strong><em>εἷς</em></strong></span> <span class='ocrx_word' id='word_1_141' title='bbox 1335 1974 1551 2045; x_wconf 86' lang='grc' dir='ltr'><strong><em>πεῖραν</em></strong></span> <span class='ocrx_word' id='word_1_142' title='bbox 1613 1970 1719 2029; x_wconf 83' lang='grc' dir='ltr'><strong><em>τοῦ</em></strong></span> <span class='ocrx_word' id='word_1_143' title='bbox 1769 1963 2061 2030; x_wconf 85' lang='grc' dir='ltr'><strong><em>δύνασθαι</em></strong></span> <span class='ocrx_word' id='word_1_144' title='bbox 2110 1963 2375 2042; x_wconf 87' lang='grc' dir='ltr'><strong><em>τίκτειν,</em></strong></span> <span class='ocrx_word' id='word_1_145' title='bbox 2424 1962 2611 2035; x_wconf 78' lang='grc' dir='ltr'><strong><em>οὕτως</em></strong></span> <span class='ocrx_word' id='word_1_146' title='bbox 2660 1962 2934 2042; x_wconf 72' lang='grc' dir='ltr'><strong><em>ἄγονται.</em></strong></span> 
     </span>
     <span class='ocr_line' id='line_1_16' title="bbox 558 2066 2939 2154; baseline -0.002 -19"><span class='ocrx_word' id='word_1_147' title='bbox 558 2068 730 2151; x_wconf 82' lang='lat' dir='ltr'><strong>Quid</strong></span> <span class='ocrx_word' id='word_1_148' title='bbox 775 2069 893 2135; x_wconf 86' lang='lat' dir='ltr'><strong><em>hoe</em></strong></span> <span class='ocrx_word' id='word_1_149' title='bbox 942 2077 1037 2137; x_wconf 76' lang='lat' dir='ltr'><strong><em>est</em></strong></span> <span class='ocrx_word' id='word_1_150' title='bbox 1083 2068 1364 2154; x_wconf 68' lang='grc' dir='ltr'><strong><em>τριετίᾳῖ</em></strong></span> <span class='ocrx_word' id='word_1_151' title='bbox 1409 2072 1637 2138; x_wconf 78' lang='lat' dir='ltr'><strong>Latere</strong></span> <span class='ocrx_word' id='word_1_152' title='bbox 1682 2072 1995 2137; x_wconf 85' lang='lat' dir='ltr'><strong><em>dixerim:</em></strong></span> <span class='ocrx_word' id='word_1_153' title='bbox 2046 2068 2233 2146; x_wconf 81' lang='grc' dir='ltr'><strong><em>εύεξ</em></strong></span> <span class='ocrx_word' id='word_1_154' title='bbox 2254 2070 2355 2153; x_wconf 71' lang='grc' dir='ltr'><strong><em>ίᾳ.</em></strong></span> <span class='ocrx_word' id='word_1_155' title='bbox 2404 2070 2683 2137; x_wconf 85' lang='lat' dir='ltr'><strong><em>Deinde:</em></strong></span> <span class='ocrx_word' id='word_1_156' title='bbox 2722 2077 2862 2141; x_wconf 82' lang='grc' dir='ltr'><strong><em>ταῖς</em></strong></span> <span class='ocrx_word' id='word_1_157' title='bbox 2892 2066 2939 2131; x_wconf 81' lang='grc' dir='ltr'><strong><em>δ’</em></strong></span> 
     </span>
     <span class='ocr_line' id='line_1_17' title="bbox 554 2174 2942 2257; baseline -0.001 -16"><span class='ocrx_word' id='word_1_158' title='bbox 554 2175 889 2254; x_wconf 74' lang='grc' dir='ltr'><strong><em>ἐγκύμοσιν</em></strong></span> <span class='ocrx_word' id='word_1_159' title='bbox 936 2179 1056 2257; x_wconf 82' lang='grc' dir='ltr'><strong><em>οὐχ</em></strong></span> <span class='ocrx_word' id='word_1_160' title='bbox 1103 2178 1452 2256; x_wconf 75' lang='grc' dir='ltr'><strong><em>ὁμιλοῦσιν,</em></strong></span> <span class='ocrx_word' id='word_1_161' title='bbox 1503 2177 1935 2256; x_wconf 73' lang='grc' dir='ltr'><strong><em>ἐνδεικνύμενοι</em></strong></span> <span class='ocrx_word' id='word_1_162' title='bbox 1984 2179 2055 2241; x_wconf 84' lang='grc' dir='ltr'><strong><em>τὸ</em></strong></span> <span class='ocrx_word' id='word_1_163' title='bbox 2093 2176 2181 2254; x_wconf 68' lang='grc' dir='ltr'><strong><em>μη</em></strong></span> <span class='ocrx_word' id='word_1_164' title='bbox 2224 2175 2297 2241; x_wconf 78' lang='grc' dir='ltr'><strong><em>δι’</em></strong></span> <span class='ocrx_word' id='word_1_165' title='bbox 2326 2176 2531 2252; x_wconf 67' lang='grc' dir='ltr'><strong><em>ήδονῆν</em></strong></span> <span class='ocrx_word' id='word_1_166' title='bbox 2574 2176 2754 2241; x_wconf 67' lang='grc' dir='ltr'><strong><em>ἀλλὰ</em></strong></span> <span class='ocrx_word' id='word_1_167' title='bbox 2788 2174 2942 2240; x_wconf 59' lang='lat' dir='ltr'><strong>rix·</strong></span> 
     </span>
     <span class='ocr_line' id='line_1_18' title="bbox 557 2282 2666 2367; baseline 0.003 -22"><span class='ocrx_word' id='word_1_168' title='bbox 557 2306 697 2347; x_wconf 87' lang='grc' dir='ltr'><strong><em>νων</em></strong></span> <span class='ocrx_word' id='word_1_169' title='bbox 745 2283 1040 2363; x_wconf 86' lang='grc' dir='ltr'><strong><em>χρείαν</em></strong></span> <span class='ocrx_word' id='word_1_170' title='bbox 1086 2292 1359 2363; x_wconf 75' lang='grc' dir='ltr'><strong><em>γαμεῖν,</em></strong></span> <span class='ocrx_word' id='word_1_171' title='bbox 1407 2286 1519 2350; x_wconf 75' lang='lat' dir='ltr'><strong><em>sed</em></strong></span> <span class='ocrx_word' id='word_1_172' title='bbox 1562 2284 1685 2350; x_wconf 83' lang='lat' dir='ltr'><strong><em>hoe</em></strong></span> <span class='ocrx_word' id='word_1_173' title='bbox 1733 2284 2004 2350; x_wconf 78' lang='lat' dir='ltr'><strong>dieitur:</strong></span> <span class='ocrx_word' id='word_1_174' title='bbox 2048 2282 2352 2349; x_wconf 86' lang='grc' dir='ltr'><strong><em>τέκνων</em></strong></span> <span class='ocrx_word' id='word_1_175' title='bbox 2398 2282 2666 2367; x_wconf 71' lang='grc' dir='ltr'><strong><em>χάριν.</em></strong></span> 
     </span>
    </p>
   </div>
   <div class='ocr_carea' id='block_1_4' title="bbox 550 2454 2951 3606">
    <p class='ocr_par' dir='ltr' id='par_1_4' title="bbox 550 2454 2951 3606">
     <span class='ocr_line' id='line_1_19' title="bbox 644 2454 2935 2534; baseline 0.002 -12"><span class='ocrx_word' id='word_1_176' title='bbox 644 2454 815 2522; x_wconf 79' lang='lat' dir='ltr'><strong>Satis</strong></span> <span class='ocrx_word' id='word_1_177' title='bbox 863 2462 1034 2522; x_wconf 82' lang='lat' dir='ltr'><strong>certa</strong></span> <span class='ocrx_word' id='word_1_178' title='bbox 1080 2458 1382 2524; x_wconf 80' lang='lat' dir='ltr'><strong>eorrectio</strong></span> <span class='ocrx_word' id='word_1_179' title='bbox 1428 2462 1524 2525; x_wconf 80' lang='lat' dir='ltr'><strong><em>eet</em></strong></span> <span class='ocrx_word' id='word_1_180' title='bbox 1563 2457 1638 2523; x_wconf 93' lang='lat' dir='ltr'><strong><em>B.</em></strong></span> <span class='ocrx_word' id='word_1_181' title='bbox 1680 2455 1740 2522; x_wconf 82' lang='lat' dir='ltr'><strong><em>J.</em></strong></span> <span class='ocrx_word' id='word_1_182' title='bbox 1786 2456 1850 2523; x_wconf 84' lang='lat'><strong><em>2.</em></strong></span> <span class='ocrx_word' id='word_1_183' title='bbox 1881 2454 1985 2524; x_wconf 90' lang='grc'><strong><em>10.</em></strong></span> <span class='ocrx_word' id='word_1_184' title='bbox 2026 2454 2105 2520; x_wconf 88' lang='lat'><strong><em>4:</em></strong></span> <span class='ocrx_word' id='word_1_185' title='bbox 2155 2456 2614 2534; x_wconf 76' lang='grc' dir='ltr'><strong><em>πολεμήσει</em></strong></span> <span class='ocrx_word' id='word_1_186' title='bbox 2659 2455 2725 2522; x_wconf 69' lang='grc' dir='ltr'><strong><em>δὲ</em></strong></span> <span class='ocrx_word' id='word_1_187' title='bbox 2778 2456 2935 2533; x_wconf 75' lang='grc' dir='ltr'><strong><em>ὑμᾶς</em></strong></span> 
     </span>
     <span class='ocr_line' id='line_1_20' title="bbox 555 2558 2939 2644; baseline -0.002 -16"><span class='ocrx_word' id='word_1_188' title='bbox 555 2563 585 2628; x_wconf 81' lang='grc' dir='ltr'><em>ὃ</em></span> <span class='ocrx_word' id='word_1_189' title='bbox 631 2561 898 2644; x_wconf 78' lang='grc' dir='ltr'><strong><em>πέμψας</em></strong></span> <span class='ocrx_word' id='word_1_190' title='bbox 948 2564 1096 2644; x_wconf 80' lang='grc' dir='ltr'><strong><em>ἐμέ,</em></strong></span> <span class='ocrx_word' id='word_1_191' title='bbox 1147 2566 1254 2630; x_wconf 79' lang='grc' dir='ltr'><strong><em>οὐκ</em></strong></span> <span class='ocrx_word' id='word_1_192' title='bbox 1299 2567 1460 2643; x_wconf 72' lang='grc' dir='ltr'><strong><em>ἐγώ·</em></strong></span> <span class='ocrx_word' id='word_1_193' title='bbox 1509 2585 1661 2629; x_wconf 86' lang='lat' dir='ltr'><strong><em>nam</em></strong></span> <span class='ocrx_word' id='word_1_194' title='bbox 1705 2563 2047 2630; x_wconf 74' lang='lat' dir='ltr'><strong>Petronius</strong></span> <span class='ocrx_word' id='word_1_195' title='bbox 2093 2563 2375 2629; x_wconf 79' lang='lat' dir='ltr'><strong>dixerat:</strong></span> <span class='ocrx_word' id='word_1_196' title='bbox 2425 2565 2757 2628; x_wconf 70' lang='grc' dir='ltr'><strong><em>ἀπολεῖ.</em></strong></span> <span class='ocrx_word' id='word_1_197' title='bbox 2784 2561 2859 2626; x_wconf 91' lang='grc' dir='ltr'><strong><em>Β.</em></strong></span> <span class='ocrx_word' id='word_1_198' title='bbox 2882 2558 2939 2625; x_wconf 86' lang='lat' dir='ltr'><strong><em>J.</em></strong></span> 
     </span>
     <span class='ocr_line' id='line_1_21' title="bbox 554 2666 2943 2760; baseline -0.003 -24"><span class='ocrx_word' id='word_1_199' title='bbox 554 2673 618 2736; x_wconf 87' lang='grc'><strong><em>2.</em></strong></span> <span class='ocrx_word' id='word_1_200' title='bbox 671 2669 775 2735; x_wconf 92' lang='grc'><strong>11.</strong></span> <span class='ocrx_word' id='word_1_201' title='bbox 825 2670 869 2734; x_wconf 87' lang='lat'>4</span> <span class='ocrx_word' id='word_1_202' title='bbox 914 2677 1065 2738; x_wconf 79' lang='lat' dir='ltr'><strong>eunt</strong></span> <span class='ocrx_word' id='word_1_203' title='bbox 1109 2673 1280 2760; x_wconf 79' lang='lat' dir='ltr'><strong>regis</strong></span> <span class='ocrx_word' id='word_1_204' title='bbox 1325 2673 1651 2760; x_wconf 75' lang='lat' dir='ltr'><strong>Agrippae</strong></span> <span class='ocrx_word' id='word_1_205' title='bbox 1696 2670 1777 2736; x_wconf 83' lang='lat' dir='ltr'><strong><em>ad</em></strong></span> <span class='ocrx_word' id='word_1_206' title='bbox 1816 2667 2159 2736; x_wconf 85' lang='lat' dir='ltr'><strong>Claudium</strong></span> <span class='ocrx_word' id='word_1_207' title='bbox 2202 2672 2422 2736; x_wconf 83' lang='lat' dir='ltr'><strong>verba:</strong></span> <span class='ocrx_word' id='word_1_208' title='bbox 2465 2666 2557 2735; x_wconf 76' lang='grc' dir='ltr'><strong><em>ὅτι</em></strong></span> <span class='ocrx_word' id='word_1_209' title='bbox 2606 2671 2656 2734; x_wconf 77' lang='grc' dir='ltr'><strong><em>εἰ</em></strong></span> <span class='ocrx_word' id='word_1_210' title='bbox 2706 2672 2801 2746; x_wconf 69' lang='grc' dir='ltr'><strong><em>μὴ</em></strong></span> <span class='ocrx_word' id='word_1_211' title='bbox 2840 2691 2943 2731; x_wconf 81' lang='grc' dir='ltr'><strong><em>κα·</em></strong></span> 
     </span>
     <span class='ocr_line' id='line_1_22' title="bbox 551 2771 2944 2856; baseline -0.001 -16"><span class='ocrx_word' id='word_1_212' title='bbox 551 2775 783 2856; x_wconf 74' lang='grc' dir='ltr'><strong><em>τασχοι</em></strong></span> <span class='ocrx_word' id='word_1_213' title='bbox 833 2780 943 2852; x_wconf 68' lang='grc' dir='ltr'><strong><em>τὴν</em></strong></span> <span class='ocrx_word' id='word_1_214' title='bbox 989 2779 1175 2856; x_wconf 69' lang='grc' dir='ltr'><strong><em>ὁρμὴν</em></strong></span> <span class='ocrx_word' id='word_1_215' title='bbox 1222 2779 1342 2843; x_wconf 81' lang='grc' dir='ltr'><strong><em>τῶν</em></strong></span> <span class='ocrx_word' id='word_1_216' title='bbox 1389 2779 1490 2841; x_wconf 75' lang='grc' dir='ltr'><strong><em>ἐπὶ</em></strong></span> <span class='ocrx_word' id='word_1_217' title='bbox 1540 2778 1680 2848; x_wconf 84' lang='grc' dir='ltr'><strong><em>τοὺς</em></strong></span> <span class='ocrx_word' id='word_1_218' title='bbox 1733 2776 2108 2856; x_wconf 76' lang='grc' dir='ltr'><strong><em>εὐπατρίδας</em></strong></span> <span class='ocrx_word' id='word_1_219' title='bbox 2158 2773 2663 2853; x_wconf 78' lang='grc' dir='ltr'><strong><em>λελυσσηκότων,</em></strong></span> <span class='ocrx_word' id='word_1_220' title='bbox 2726 2771 2944 2839; x_wconf 72' lang='grc' dir='ltr'><strong><em>ἀπολέ-</em></strong></span> 
     </span>
     <span class='ocr_line' id='line_1_23' title="bbox 553 2880 2941 2963; baseline -0.003 -15"><span class='ocrx_word' id='word_1_221' title='bbox 553 2906 671 2954; x_wconf 91' lang='grc' dir='ltr'><strong><em>σας</em></strong></span> <span class='ocrx_word' id='word_1_222' title='bbox 731 2882 795 2948; x_wconf 74' lang='grc' dir='ltr'><strong><em>δὲ</em></strong></span> <span class='ocrx_word' id='word_1_223' title='bbox 852 2883 927 2948; x_wconf 81' lang='grc' dir='ltr'><strong><em>δι’</em></strong></span> <span class='ocrx_word' id='word_1_224' title='bbox 974 2881 1074 2956; x_wconf 80' lang='grc' dir='ltr'><strong><em>οὓς</em></strong></span> <span class='ocrx_word' id='word_1_225' title='bbox 1121 2885 1191 2949; x_wconf 87' lang='grc' dir='ltr'><strong><em>τὸ</em></strong></span> <span class='ocrx_word' id='word_1_226' title='bbox 1239 2891 1484 2963; x_wconf 86' lang='grc' dir='ltr'><strong><em>κρατεῖν</em></strong></span> <span class='ocrx_word' id='word_1_227' title='bbox 1532 2883 1620 2951; x_wconf 74' lang='grc' dir='ltr'><strong><em>ἐς)</em></strong></span> <span class='ocrx_word' id='word_1_228' title='bbox 1671 2883 2152 2962; x_wconf 76' lang='grc' dir='ltr'><strong><em>περίοπτον,</em></strong></span> <span class='ocrx_word' id='word_1_229' title='bbox 2203 2881 2457 2962; x_wconf 89' lang='grc' dir='ltr'><strong><em>ἐρημίας</em></strong></span> <span class='ocrx_word' id='word_1_230' title='bbox 2508 2880 2698 2946; x_wconf 79' lang='grc' dir='ltr'><strong><em>ἔσοιτο</em></strong></span> <span class='ocrx_word' id='word_1_231' title='bbox 2754 2881 2941 2960; x_wconf 87' lang='grc' dir='ltr'><strong><em>βασι-</em></strong></span> 
     </span>
     <span class='ocr_line' id='line_1_24' title="bbox 553 2985 2945 3078; baseline -0.002 -24"><span class='ocrx_word' id='word_1_232' title='bbox 553 2989 731 3065; x_wconf 85' lang='grc' dir='ltr'><strong><em>λεύς,</em></strong></span> <span class='ocrx_word' id='word_1_233' title='bbox 796 2990 906 3055; x_wconf 79' lang='lat' dir='ltr'><strong><em>sed</em></strong></span> <span class='ocrx_word' id='word_1_234' title='bbox 968 2990 1330 3078; x_wconf 77' lang='lat' dir='ltr'><strong>intelligam</strong></span> <span class='ocrx_word' id='word_1_235' title='bbox 1394 2988 1953 3070; x_wconf 74' lang='grc' dir='ltr'><strong><em>περιπόθητον.</em></strong></span> <span class='ocrx_word' id='word_1_236' title='bbox 2027 2987 2187 3053; x_wconf 89' lang='lat' dir='ltr'><strong>Bell.</strong></span> <span class='ocrx_word' id='word_1_237' title='bbox 2236 2987 2297 3052; x_wconf 86' lang='lat' dir='ltr'><strong><em>J.</em></strong></span> <span class='ocrx_word' id='word_1_238' title='bbox 2347 2988 2411 3054; x_wconf 87' lang='grc'><strong>2.</strong></span> <span class='ocrx_word' id='word_1_239' title='bbox 2466 2987 2569 3054; x_wconf 88' lang='grc'><strong><em>13.</em></strong></span> <span class='ocrx_word' id='word_1_240' title='bbox 2623 2985 2700 3052; x_wconf 87' lang='lat'><strong><em>3:</em></strong></span> <span class='ocrx_word' id='word_1_241' title='bbox 2755 2985 2945 3068; x_wconf 79' lang='grc' dir='ltr'><strong><em>ἕτερον</em></strong></span> 
     </span>
     <span class='ocr_line' id='line_1_25' title="bbox 554 3091 2948 3175; baseline -0.002 -14"><span class='ocrx_word' id='word_1_242' title='bbox 554 3091 716 3166; x_wconf 74' lang='grc' dir='ltr'><strong><em>εἶδος</em></strong></span> <span class='ocrx_word' id='word_1_243' title='bbox 764 3102 962 3175; x_wconf 61' lang='lat' dir='ltr'><strong>ancer</strong></span> <span class='ocrx_word' id='word_1_244' title='bbox 1009 3096 1069 3159; x_wconf 86' lang='grc' dir='ltr'><strong><em>ἐν</em></strong></span> <span class='ocrx_word' id='word_1_245' title='bbox 1117 3097 1553 3174; x_wconf 82' lang='grc' dir='ltr'><strong><em>Ἰεροσολύμοις</em></strong></span> <span class='ocrx_word' id='word_1_246' title='bbox 1607 3095 2070 3174; x_wconf 81' lang='grc' dir='ltr'><strong><em>ύπεφύετο·</em></strong></span> <span class='ocrx_word' id='word_1_247' title='bbox 2145 3092 2385 3160; x_wconf 81' lang='lat' dir='ltr'><strong>Graece</strong></span> <span class='ocrx_word' id='word_1_248' title='bbox 2434 3095 2553 3160; x_wconf 76' lang='lat' dir='ltr'><strong><em>hoe</em></strong></span> <span class='ocrx_word' id='word_1_249' title='bbox 2602 3093 2732 3158; x_wconf 85' lang='lat' dir='ltr'><strong>diei</strong></span> <span class='ocrx_word' id='word_1_250' title='bbox 2783 3095 2948 3160; x_wconf 80' lang='grc' dir='ltr'><strong><em>ἕπε-</em></strong></span> 
     </span>
     <span class='ocr_line' id='line_1_26' title="bbox 554 3197 2949 3290; baseline -0.002 -24"><span class='ocrx_word' id='word_1_251' title='bbox 554 3202 850 3278; x_wconf 88' lang='grc' dir='ltr'><strong><em>Φύετο,</em></strong></span> <span class='ocrx_word' id='word_1_252' title='bbox 900 3201 1190 3268; x_wconf 83' lang='lat' dir='ltr'><strong>dioebam</strong></span> <span class='ocrx_word' id='word_1_253' title='bbox 1237 3224 1440 3290; x_wconf 88' lang='lat' dir='ltr'><strong>nuper</strong></span> <span class='ocrx_word' id='word_1_254' title='bbox 1485 3203 1564 3269; x_wconf 83' lang='lat' dir='ltr'><strong><em>ad</em></strong></span> <span class='ocrx_word' id='word_1_255' title='bbox 1614 3199 2017 3267; x_wconf 85' lang='lat' dir='ltr'><strong>Herodotum</strong></span> <span class='ocrx_word' id='word_1_256' title='bbox 2067 3197 2131 3265; x_wconf 84' lang='lat'><strong><em>3.</em></strong></span> <span class='ocrx_word' id='word_1_257' title='bbox 2185 3198 2337 3264; x_wconf 81' lang='lat'><strong>159.</strong></span> <span class='ocrx_word' id='word_1_258' title='bbox 2382 3199 2598 3266; x_wconf 81' lang='lat' dir='ltr'><strong>Etiam</strong></span> <span class='ocrx_word' id='word_1_259' title='bbox 2635 3199 2949 3287; x_wconf 80' lang='lat' dir='ltr'><strong>Josephus</strong></span> 
     </span>
     <span class='ocr_line' id='line_1_27' title="bbox 551 3303 2950 3390; baseline -0.001 -18"><span class='ocrx_word' id='word_1_260' title='bbox 551 3308 647 3372; x_wconf 87' lang='lat' dir='ltr'><strong><em>ita</em></strong></span> <span class='ocrx_word' id='word_1_261' title='bbox 707 3303 1009 3390; x_wconf 79' lang='lat' dir='ltr'><strong>loquitur.</strong></span> <span class='ocrx_word' id='word_1_262' title='bbox 1079 3307 1248 3374; x_wconf 85' lang='lat' dir='ltr'><strong>Vide</strong></span> <span class='ocrx_word' id='word_1_263' title='bbox 1311 3309 1500 3375; x_wconf 86' lang='lat' dir='ltr'><strong>modo</strong></span> <span class='ocrx_word' id='word_1_264' title='bbox 1563 3306 1723 3373; x_wconf 78' lang='lat' dir='ltr'><strong>Bell.</strong></span> <span class='ocrx_word' id='word_1_265' title='bbox 1776 3304 1835 3371; x_wconf 88' lang='lat' dir='ltr'><strong><em>J.</em></strong></span> <span class='ocrx_word' id='word_1_266' title='bbox 1893 3309 1949 3372; x_wconf 92' lang='grc'><strong>1.</strong></span> <span class='ocrx_word' id='word_1_267' title='bbox 2009 3305 2113 3370; x_wconf 90' lang='grc'><strong>10.</strong></span> <span class='ocrx_word' id='word_1_268' title='bbox 2166 3305 2247 3371; x_wconf 86' lang='lat'><strong><em>6:</em></strong></span> <span class='ocrx_word' id='word_1_269' title='bbox 2300 3309 2435 3371; x_wconf 84' lang='grc' dir='ltr'><strong><em>καθ’</em></strong></span> <span class='ocrx_word' id='word_1_270' title='bbox 2485 3305 2705 3371; x_wconf 81' lang='grc' dir='ltr'><strong><em>ἑαυτοῦ</em></strong></span> <span class='ocrx_word' id='word_1_271' title='bbox 2759 3305 2950 3384; x_wconf 85' lang='grc' dir='ltr'><strong><em>βασι·</em></strong></span> 
     </span>
     <span class='ocr_line' id='line_1_28' title="bbox 553 3408 2951 3500; baseline -0.001 -22"><span class='ocrx_word' id='word_1_272' title='bbox 553 3419 683 3485; x_wconf 81' lang='grc' dir='ltr'><strong><em>λεῖς</em></strong></span> <span class='ocrx_word' id='word_1_273' title='bbox 733 3413 1106 3494; x_wconf 67' lang='grc' dir='ltr'><strong><em>ἐπιτρέφων,</em></strong></span> <span class='ocrx_word' id='word_1_274' title='bbox 1158 3415 1383 3500; x_wconf 81' lang='lat' dir='ltr'><strong>Antiq.</strong></span> <span class='ocrx_word' id='word_1_275' title='bbox 1431 3413 1495 3480; x_wconf 91' lang='grc'><strong><em>2.</em></strong></span> <span class='ocrx_word' id='word_1_276' title='bbox 1544 3416 1605 3478; x_wconf 90' lang='grc'><strong><em>9.</em></strong></span> <span class='ocrx_word' id='word_1_277' title='bbox 1661 3411 1738 3480; x_wconf 87' lang='lat'><strong><em>3:</em></strong></span> <span class='ocrx_word' id='word_1_278' title='bbox 1786 3412 2011 3478; x_wconf 70' lang='grc' dir='ltr'><strong><em>σπάνει</em></strong></span> <span class='ocrx_word' id='word_1_279' title='bbox 2049 3421 2161 3488; x_wconf 74' lang='grc' dir='ltr'><strong><em>τῆς</em></strong></span> <span class='ocrx_word' id='word_1_280' title='bbox 2205 3411 2785 3494; x_wconf 76' lang='grc' dir='ltr'><strong><em>ἐπιτραφησομένης</em></strong></span> <span class='ocrx_word' id='word_1_281' title='bbox 2830 3408 2951 3477; x_wconf 89' lang='grc' dir='ltr'><strong><em>νεό-</em></strong></span> 
     </span>
     <span class='ocr_line' id='line_1_29' title="bbox 550 3517 2667 3606; baseline 0 -23"><span class='ocrx_word' id='word_1_282' title='bbox 550 3543 732 3594; x_wconf 80' lang='grc' dir='ltr'><strong><em>τητος</em></strong></span> <span class='ocrx_word' id='word_1_283' title='bbox 754 3566 772 3598; x_wconf 94' lang='grc'><strong><em>,</em></strong></span> <span class='ocrx_word' id='word_1_284' title='bbox 817 3518 1042 3606; x_wconf 79' lang='lat' dir='ltr'><strong>Antiq.</strong></span> <span class='ocrx_word' id='word_1_285' title='bbox 1099 3518 1218 3600; x_wconf 86' lang='grc'><strong><em>18,</em></strong></span> <span class='ocrx_word' id='word_1_286' title='bbox 1269 3519 1332 3585; x_wconf 90' lang='grc'><strong><em>9.</em></strong></span> <span class='ocrx_word' id='word_1_287' title='bbox 1381 3520 1460 3586; x_wconf 82' lang='lat'><strong><em>2:</em></strong></span> <span class='ocrx_word' id='word_1_288' title='bbox 1506 3518 1832 3597; x_wconf 80' lang='grc' dir='ltr'><strong><em>βουληθεὶς</em></strong></span> <span class='ocrx_word' id='word_1_289' title='bbox 1882 3517 2325 3599; x_wconf 82' lang='grc' dir='ltr'><strong><em>ἐπιφυομένους</em></strong></span> <span class='ocrx_word' id='word_1_290' title='bbox 2374 3523 2667 3584; x_wconf 82' lang='grc' dir='ltr'><strong><em>κωλῦσαι.</em></strong></span> 
     </span>
    </p>
   </div>
   <div class='ocr_carea' id='block_1_5' title="bbox 549 3687 2953 4518">
    <p class='ocr_par' dir='ltr' id='par_1_5' title="bbox 549 3687 2953 4518">
     <span class='ocr_line' id='line_1_30' title="bbox 641 3687 2947 3766; baseline -0 -10"><span class='ocrx_word' id='word_1_291' title='bbox 641 3691 798 3758; x_wconf 78' lang='lat' dir='ltr'><strong>Post</strong></span> <span class='ocrx_word' id='word_1_292' title='bbox 845 3691 1223 3759; x_wconf 79' lang='lat' dir='ltr'><strong>seditionem</strong></span> <span class='ocrx_word' id='word_1_293' title='bbox 1273 3692 1712 3766; x_wconf 78' lang='lat' dir='ltr'><strong>demonstrant</strong></span> <span class='ocrx_word' id='word_1_294' title='bbox 1753 3692 2105 3759; x_wconf 79' lang='lat' dir='ltr'><strong>sacerdotes</strong></span> <span class='ocrx_word' id='word_1_295' title='bbox 2142 3690 2367 3760; x_wconf 77' lang='lat' dir='ltr'><strong>Geseio</strong></span> <span class='ocrx_word' id='word_1_296' title='bbox 2406 3689 2592 3758; x_wconf 83' lang='lat' dir='ltr'><strong>Floro</strong></span> <span class='ocrx_word' id='word_1_297' title='bbox 2617 3687 2947 3756; x_wconf 81' lang='lat' dir='ltr'><strong>difficilem</strong></span> 
     </span>
     <span class='ocr_line' id='line_1_31' title="bbox 553 3797 2949 3886; baseline -0.001 -24"><span class='ocrx_word' id='word_1_298' title='bbox 553 3817 687 3862; x_wconf 77' lang='lat' dir='ltr'><strong>esse</strong></span> <span class='ocrx_word' id='word_1_299' title='bbox 749 3801 1029 3864; x_wconf 83' lang='lat' dir='ltr'><strong>sontium</strong></span> <span class='ocrx_word' id='word_1_300' title='bbox 1089 3801 1653 3886; x_wconf 76' lang='lat' dir='ltr'><strong>investigationem</strong></span> <span class='ocrx_word' id='word_1_301' title='bbox 1677 3848 1694 3878; x_wconf 90' lang='lat'><em>,</em></span> <span class='ocrx_word' id='word_1_302' title='bbox 1760 3798 1832 3864; x_wconf 92' lang='lat' dir='ltr'><strong><em>B.</em></strong></span> <span class='ocrx_word' id='word_1_303' title='bbox 1882 3797 1947 3865; x_wconf 86' lang='lat' dir='ltr'><strong><em>J.</em></strong></span> <span class='ocrx_word' id='word_1_304' title='bbox 1995 3798 2059 3863; x_wconf 86' lang='grc'><strong>2.</strong></span> <span class='ocrx_word' id='word_1_305' title='bbox 2117 3798 2220 3864; x_wconf 85' lang='lat'><strong><em>14.</em></strong></span> <span class='ocrx_word' id='word_1_306' title='bbox 2272 3797 2347 3884; x_wconf 86' lang='lat'><strong><em>8,</em></strong></span> <span class='ocrx_word' id='word_1_307' title='bbox 2411 3798 2633 3867; x_wconf 71' lang='grc' dir='ltr'><strong><em>ἑκάς-ου</em></strong></span> <span class='ocrx_word' id='word_1_308' title='bbox 2679 3820 2949 3874; x_wconf 82' lang='grc' dir='ltr'><strong><em>μετανο-</em></strong></span> 
     </span>
     <span class='ocr_line' id='line_1_32' title="bbox 551 3897 2949 3990; baseline 0 -23"><span class='ocrx_word' id='word_1_309' title='bbox 551 3904 754 3975; x_wconf 83' lang='grc' dir='ltr'><strong><em>οῦντός</em></strong></span> <span class='ocrx_word' id='word_1_310' title='bbox 805 3927 874 3968; x_wconf 89' lang='grc' dir='ltr'><strong><em>τε</em></strong></span> <span class='ocrx_word' id='word_1_311' title='bbox 925 3905 1060 3971; x_wconf 75' lang='grc' dir='ltr'><strong><em>καὶ</em></strong></span> <span class='ocrx_word' id='word_1_312' title='bbox 1106 3905 1181 3970; x_wconf 77' lang='grc' dir='ltr'><strong><em>δὲ</em></strong></span> <span class='ocrx_word' id='word_1_313' title='bbox 1229 3897 1273 3971; x_wconf 73' lang='grc' dir='ltr'>ἃ</span> <span class='ocrx_word' id='word_1_314' title='bbox 1322 3905 1691 3970; x_wconf 77' lang='grc' dir='ltr'><strong><em>δέδοικεν</em></strong></span> <span class='ocrx_word' id='word_1_315' title='bbox 1750 3905 2133 3981; x_wconf 76' lang='grc' dir='ltr'><strong><em>ἀρνουμένου.</em></strong></span> <span class='ocrx_word' id='word_1_316' title='bbox 2204 3905 2447 3970; x_wconf 87' lang='lat' dir='ltr'><strong>Parum</strong></span> <span class='ocrx_word' id='word_1_317' title='bbox 2495 3904 2752 3990; x_wconf 82' lang='lat' dir='ltr'><strong>prodest</strong></span> <span class='ocrx_word' id='word_1_318' title='bbox 2800 3921 2949 3967; x_wconf 84' lang='lat' dir='ltr'><strong>oum</strong></span> 
     </span>
     <span class='ocr_line' id='line_1_33' title="bbox 551 4006 2949 4099; baseline -0 -27"><span class='ocrx_word' id='word_1_319' title='bbox 551 4006 842 4074; x_wconf 84' lang='lat' dir='ltr'><strong>Bekkero</strong></span> <span class='ocrx_word' id='word_1_320' title='bbox 889 4013 1196 4078; x_wconf 81' lang='lat' dir='ltr'><strong>scribere:</strong></span> <span class='ocrx_word' id='word_1_321' title='bbox 1261 4013 1337 4077; x_wconf 85' lang='grc' dir='ltr'><strong><em>δι’</em></strong></span> <span class='ocrx_word' id='word_1_322' title='bbox 1387 4008 1428 4076; x_wconf 76' lang='grc' dir='ltr'><em>ἃ</em></span> <span class='ocrx_word' id='word_1_323' title='bbox 1481 4011 1738 4077; x_wconf 85' lang='grc' dir='ltr'><strong><em>δέδοικεν</em></strong></span> <span class='ocrx_word' id='word_1_324' title='bbox 1764 4034 1777 4048; x_wconf 93' lang='grc'>·</span> <span class='ocrx_word' id='word_1_325' title='bbox 1826 4011 2110 4099; x_wconf 81' lang='lat' dir='ltr'><strong>intelligi</strong></span> <span class='ocrx_word' id='word_1_326' title='bbox 2158 4014 2430 4097; x_wconf 87' lang='lat' dir='ltr'><strong>poterit:</strong></span> <span class='ocrx_word' id='word_1_327' title='bbox 2496 4011 2629 4076; x_wconf 82' lang='grc' dir='ltr'><strong><em>καὶ</em></strong></span> <span class='ocrx_word' id='word_1_328' title='bbox 2679 4011 2765 4086; x_wconf 69' lang='grc' dir='ltr'><strong><em>δὴ</em></strong></span> <span class='ocrx_word' id='word_1_329' title='bbox 2812 4007 2949 4073; x_wconf 71' lang='grc' dir='ltr'><strong><em>καὶ</em></strong></span> 
     </span>
     <span class='ocr_line' id='line_1_34' title="bbox 553 4104 2951 4196; baseline 0.001 -19"><span class='ocrx_word' id='word_1_330' title='bbox 553 4104 600 4178; x_wconf 74' lang='grc' dir='ltr'>ἃ</span> <span class='ocrx_word' id='word_1_331' title='bbox 649 4108 882 4196; x_wconf 84' lang='grc' dir='ltr'><strong><em>δέδρα</em></strong></span> <span class='ocrx_word' id='word_1_332' title='bbox 903 4140 1052 4181; x_wconf 88' lang='grc' dir='ltr'><strong><em>κεν.</em></strong></span> <span class='ocrx_word' id='word_1_333' title='bbox 1122 4115 1247 4182; x_wconf 83' lang='lat' dir='ltr'><strong><em>Sed</em></strong></span> <span class='ocrx_word' id='word_1_334' title='bbox 1311 4117 1480 4184; x_wconf 90' lang='lat' dir='ltr'><strong>ultro</strong></span> <span class='ocrx_word' id='word_1_335' title='bbox 1545 4119 1745 4183; x_wconf 83' lang='lat' dir='ltr'><strong>fateor</strong></span> <span class='ocrx_word' id='word_1_336' title='bbox 1814 4120 2143 4183; x_wconf 84' lang='lat' dir='ltr'><strong>certiorem</strong></span> <span class='ocrx_word' id='word_1_337' title='bbox 2208 4117 2594 4183; x_wconf 79' lang='lat' dir='ltr'><strong>medicinam</strong></span> <span class='ocrx_word' id='word_1_338' title='bbox 2660 4115 2951 4182; x_wconf 82' lang='lat' dir='ltr'><strong>adhiberi</strong></span> 
     </span>
     <span class='ocr_line' id='line_1_35' title="bbox 549 4219 2953 4306; baseline 0 -22"><span class='ocrx_word' id='word_1_339' title='bbox 549 4237 732 4306; x_wconf 76' lang='lat' dir='ltr'><strong>posse</strong></span> <span class='ocrx_word' id='word_1_340' title='bbox 780 4220 853 4285; x_wconf 89' lang='lat' dir='ltr'><strong><em>B.</em></strong></span> <span class='ocrx_word' id='word_1_341' title='bbox 901 4219 960 4286; x_wconf 88' lang='lat' dir='ltr'><strong><em>J.</em></strong></span> <span class='ocrx_word' id='word_1_342' title='bbox 1011 4221 1074 4287; x_wconf 89' lang='grc'><strong>2.</strong></span> <span class='ocrx_word' id='word_1_343' title='bbox 1121 4223 1226 4288; x_wconf 88' lang='grc'><strong>16.</strong></span> <span class='ocrx_word' id='word_1_344' title='bbox 1271 4223 1347 4289; x_wconf 85' lang='lat'><strong><em>4:</em></strong></span> <span class='ocrx_word' id='word_1_345' title='bbox 1397 4222 1879 4300; x_wconf 85' lang='grc' dir='ltr'><strong><em>Λακεδαιμόνιοι</em></strong></span> <span class='ocrx_word' id='word_1_346' title='bbox 1926 4226 2097 4299; x_wconf 71' lang='grc' dir='ltr'><strong><em>μετὰ</em></strong></span> <span class='ocrx_word' id='word_1_347' title='bbox 2148 4226 2565 4303; x_wconf 84' lang='grc' dir='ltr'><strong><em>Θερμοπύλας</em></strong></span> <span class='ocrx_word' id='word_1_348' title='bbox 2615 4223 2721 4288; x_wconf 81' lang='grc' dir='ltr'><strong><em>καὶ</em></strong></span> <span class='ocrx_word' id='word_1_349' title='bbox 2772 4231 2953 4288; x_wconf 84' lang='grc' dir='ltr'><strong><em>Πλα-</em></strong></span> 
     </span>
     <span class='ocr_line' id='line_1_36' title="bbox 553 4322 2951 4409; baseline 0.002 -20"><span class='ocrx_word' id='word_1_350' title='bbox 553 4325 740 4399; x_wconf 74' lang='grc' dir='ltr'><strong><em>ταιὰς</em></strong></span> <span class='ocrx_word' id='word_1_351' title='bbox 805 4326 911 4390; x_wconf 77' lang='grc' dir='ltr'><strong><em>καὶ</em></strong></span> <span class='ocrx_word' id='word_1_352' title='bbox 975 4327 1079 4392; x_wconf 84' lang='grc' dir='ltr'><strong><em>τὸν</em></strong></span> <span class='ocrx_word' id='word_1_353' title='bbox 1141 4329 1697 4408; x_wconf 73' lang='grc' dir='ltr'><strong><em>ἐρευνήσαντα</em></strong></span> <span class='ocrx_word' id='word_1_354' title='bbox 1760 4322 1870 4405; x_wconf 69' lang='grc' dir='ltr'><strong><em>τὴν</em></strong></span> <span class='ocrx_word' id='word_1_355' title='bbox 1930 4329 2153 4395; x_wconf 82' lang='grc' dir='ltr'><strong><em>Ἀσίαν</em></strong></span> <span class='ocrx_word' id='word_1_356' title='bbox 2214 4331 2600 4408; x_wconf 74' lang='grc' dir='ltr'><strong><em>Ἀγησίλαον</em></strong></span> <span class='ocrx_word' id='word_1_357' title='bbox 2647 4331 2951 4409; x_wconf 67' lang='grc' dir='ltr'><strong><em>ἀγαπῶσι</em></strong></span> 
     </span>
     <span class='ocr_line' id='line_1_37' title="bbox 555 4431 2949 4518; baseline 0.002 -21"><span class='ocrx_word' id='word_1_358' title='bbox 555 4431 695 4507; x_wconf 82' lang='grc' dir='ltr'><strong><em>τοὺς</em></strong></span> <span class='ocrx_word' id='word_1_359' title='bbox 739 4433 963 4507; x_wconf 78' lang='grc' dir='ltr'><strong><em>αὐτοὺς</em></strong></span> <span class='ocrx_word' id='word_1_360' title='bbox 1011 4435 1358 4512; x_wconf 85' lang='grc' dir='ltr'><strong><em>δεσπότας,</em></strong></span> <span class='ocrx_word' id='word_1_361' title='bbox 1408 4457 1558 4502; x_wconf 88' lang='lat' dir='ltr'><strong><em>nam</em></strong></span> <span class='ocrx_word' id='word_1_362' title='bbox 1607 4437 1700 4502; x_wconf 86' lang='lat' dir='ltr'><strong><em>ibi</em></strong></span> <span class='ocrx_word' id='word_1_363' title='bbox 1746 4457 1973 4504; x_wconf 76' lang='lat' dir='ltr'><strong>verum</strong></span> <span class='ocrx_word' id='word_1_364' title='bbox 2024 4444 2121 4502; x_wconf 83' lang='lat' dir='ltr'><strong><em>est</em></strong></span> <span class='ocrx_word' id='word_1_365' title='bbox 2179 4438 2813 4518; x_wconf 78' lang='grc' dir='ltr'><strong><em>εἷρηνεύσαντα,</em></strong></span> <span class='ocrx_word' id='word_1_366' title='bbox 2866 4441 2949 4502; x_wconf 76' lang='lat' dir='ltr'><strong><em>si·</em></strong></span> 
     </span>
    </p>
   </div>
  </div>
 </body>
</html>
