3150 5000
561 250 692 317 104

555 436 762 519 ipsam
827 454 1036 502 arcem
1101 434 1526 513 exornandam
1549 483 1566 513 ,
1628 434 1955 503 adhibitae
2000 430 2153 501 sunt
2170 482 2188 515 ,
2236 456 2447 502 sacrae
2489 435 2685 502 fnisse
2726 443 2937 522 potue-

551 548 722 607 runt.
773 541 994 626 Itaque
1043 540 1352 627 efficitur,
1399 544 1466 606 in
1515 562 1657 608 arce
1704 548 1857 607 tunc
1905 550 2155 627 praeter
2196 543 2331 623 ἱερὰ
2376 542 2686 623 χρήματα
2732 542 2937 607 adser-

554 654 704 716 vata
751 650 944 715 etiam
995 647 1190 713 fuisse
1237 645 1394 731 alia,
1445 668 1558 733 pro
1595 648 1829 733 quibus
1864 648 2047 713 nulla
2090 648 2427 715 deberetur
2462 668 2683 725 usura,
2712 651 2939 733 quippe

555 776 716 842 quae
779 755 984 840 ipsius
1047 753 1268 841 populi
1331 760 1538 819 essent
1557 802 1574 832 ,
1624 754 1912 831 δημόσια.
1982 754 2139 822 Post
2187 776 2409 841 pacem
2456 755 2683 821 Niciae
2728 776 2939 820 secun—

551 863 706 929 dum
758 861 1151 928 Andocidem
1198 861 1304 941 (de
1349 860 1516 927 Pace
1541 860 1771 948 8—9)‚
1816 863 2055 929 iterum
2092 861 2285 929 ,7000
2334 862 2573 929 talenta
2620 863 2689 927 in
2736 882 2939 927 arcem

549 969 784 1036 collata
827 974 1012 1052 sunt,
1060 988 1222 1053 quae
1268 975 1485 1033 tamen
1533 989 1613 1035 ex
1659 970 1935 1035 minima
1987 976 2165 1055 parte
2220 990 2399 1035 sacra
2438 969 2715 1035 fuerunt.
2770 967 2939 1034 Haec

549 1079 766 1143 omnia
812 1075 1144 1141 devoravit
1191 1073 1486 1160 deinceps
1532 1075 1853 1161 expeditio
1898 1077 1967 1141 in
2012 1074 2323 1141 Siciliam.

639 1182 748 1248 Sic
809 1182 938 1247 fere
999 1180 1457 1247 Kirchhovins.
1527 1180 1635 1247 Sic
1652 1229 1669 1260 ‚
1732 1202 1894 1267 quae
1956 1185 2081 1247 viri
2129 1184 2377 1269 egregii
2422 1188 2519 1249 est
2564 1183 2937 1258 auctoritas,

552 1292 752 1356 etiam
797 1286 932 1356 alii.
1006 1286 1276 1353 Videtur
1335 1294 1550 1353 tamen
1614 1294 1751 1355 tota
1791 1288 1957 1353 haec
2005 1288 2355 1374 disputatio
2399 1288 2682 1375 profecta
2726 1310 2863 1354 esse
2908 1310 2943 1353 a

549 1395 713 1462 falsa
757 1393 884 1460 loci
927 1392 1108 1459 illius
1153 1391 1554 1481 Thucydidei
1602 1396 2123 1480 interpretatione
2142 1444 2159 1479 ,
2208 1396 2389 1479 isque
2434 1416 2606 1460 error
2652 1398 2943 1481 princeps

545 1501 764 1588 plures
827 1500 1095 1566 traxisse
1157 1498 1336 1565 alios.
1411 1499 1489 1565 Id
1543 1502 1759 1586 ipsum
1805 1502 1877 1565 in
1923 1500 2041 1566 hac
2088 1485 2521 1586 disputatione
2568 1500 2943 1588 explicatius

548 1606 877 1673 ostendere
921 1606 1089 1670 mihi
1135 1608 1455 1691 proposui.
1505 1603 1748 1671 Tamen
1796 1609 1863 1672 in
1904 1609 2307 1691 sagacissimi
2352 1610 2479 1672 viri
2500 1655 2517 1685 ,
2566 1608 2679 1693 qui
2724 1614 2827 1673 tot
2874 1627 2941 1672 ac

547 1718 728 1779 tanta
773 1713 1033 1800 egregie
1077 1711 1434 1795 ordinavit,
1486 1732 1693 1778 errore
1741 1712 1957 1797 aliquo
2002 1733 2129 1778 non
2176 1713 2498 1778 haererem
2520 1761 2537 1792 ,
2586 1716 2713 1779 nisi
2764 1714 2941 1779 vide-

547 1827 726 1885 retur
770 1818 874 1884 hic
893 1865 910 1895 ,
959 1824 1034 1883 ut
1079 1820 1331 1904 saepius
1348 1867 1367 1904 ,
1427 1838 1505 1883 ex
1549 1816 1747 1884 falsae
1794 1820 2107 1904 opinionis
2156 1818 2539 1885 refutatione
2584 1823 2725 1905 ipsa
2770 1820 2939 1885 veri-

551 1932 648 1993 tas
695 1926 987 1992 emicare.

639 2032 964 2116 Principio
1027 2029 1244 2096 locum
1308 2033 1523 2115 ipsum
1586 2028 1984 2118 Thucydidis
2044 2029 2193 2117 (111,
2259 2030 2373 2116 17)
2436 2030 2789 2096 describam
2844 2030 2945 2117 (ex

545 2140 698 2206 edit.
739 2138 1022 2217 Herw.);
1068 2158 1277 2203 sermo
1321 2136 1416 2202 ibi
1463 2143 1560 2202 est
1606 2136 1685 2202 de
1732 2142 1991 2203 centum
2038 2137 2348 2215 navibus,
2388 2156 2587 2221 quae,
2628 2156 2756 2221 quo
2780 2142 2943 2201 tem-

543 2266 695 2333 pore
756 2244 993 2310 Lesbos
1055 2245 1135 2310 ab
1200 2242 1698 2308 Atheniensibus
1756 2242 2105 2326 defecerat,
2165 2243 2591 2307 mittebantur
2644 2241 2945 2309 adversus

543 2350 1055 2437 Peloponnesum
1075 2372 1092 2415 ε

638 2458 759 2522 Καὶ
809 2457 984 2523 κατὰ
1032 2456 1134 2523 τὸν
1181 2454 1393 2538 χρόνον
1439 2458 1653 2520 τοῦτον
1698 2452 1760 2520 ὃν
1811 2451 1881 2521 αἳ
1934 2463 2070 2532 νῆες
2116 2454 2337 2522 ἔπλεον
2384 2457 2446 2520 ἐν
2486 2464 2615 2530 τοῖς
2642 2462 2939 2521 πλεῖσται

545 2566 616 2640 3³1
684 2573 818 2641 νῆες
873 2563 996 2642 ἅμ’
1045 2564 1258 2637 αὐτοῖς
1309 2563 1536 2642 ἐνεργοὶ
1588 2562 1692 2626 καὶ
1746 2561 1915 2644 ἄλλῃ
1962 2564 2235 2642 ἐγένοντο
2256 2611 2273 2642 ,
2318 2565 2763 2659 παραπλήσιαι
2810 2563 2939 2649 [δὲ]

545 2672 650 2738 καὶ
711 2671 802 2736 ἔτι
865 2671 1114 2744 πλείους
1165 2671 1199 2746 ἢ
1247 2668 1595 2750 ἀρχομένου
1640 2673 1749 2734 τοῦ
1798 2669 2095 2747 πολέμου.
2168 2671 2301 2744 Τήν
2347 2694 2418 2734 τε
2467 2671 2592 2751 γὰρ
2646 2671 2942 2743 Ἀττικὴν

544 2779 648 2844 καὶ
711 2775 988 2857 Εὔβοιαν
1052 2777 1158 2843 καὶ
1220 2783 1566 2856 Σαλαμῖνα
1612 2776 1833 2841 ἑκατὸν
1882 2776 2241 2856 ἐφύλασσον
2289 2775 2394 2840 καὶ
2446 2777 2581 2860 περὶ
2630 2775 2941 2842 Πελοπόν-

543 2909 717 2962 νησον
777 2881 978 2966 ἕτεραι
1045 2885 1262 2950 ἑκατὸν
1327 2877 1516 2960 ἦσαν,
1579 2882 1769 2963 χωρὶς
1831 2882 1893 2947 δὲ
1942 2883 2008 2948 αἱ
2066 2882 2226 2971 [περὶ
2278 2883 2649 2970 Ποτείδαιαν
2698 2883 2833 2968 καὶ]
2886 2883 2941 2946 ἐν

542 2999 670 3063 τοῖς
729 2988 946 3063 ἄλλοις
1007 2991 1286 3070 χωρίοις,
1346 2986 1504 3054 ὥστε
1565 2989 1635 3054 αἱ
1698 2993 1901 3054 πᾶσαι
1963 2985 2107 3066 ἅμα
2172 2988 2489 3066 ἐγίγνοντο
2553 2989 2614 3054 ἐν
2661 2989 2741 3054 ἑνὶ
2794 2991 2942 3069 θέρει

543 3095 850 3164 διακόσιαι
897 3095 1001 3160 καὶ
1053 3097 1452 3169 πεντήκοντα.
1504 3093 1638 3160 καὶ
1685 3097 1787 3160 τὰ
1836 3097 2235 3175 χρήματα
2275 3099 2515 3161 τοῦτο
2556 3094 2943 3173 μάλιστα

543 3205 1034 3278 ὕπανῆλωσε
1096 3205 1312 3279 μετὰ
1377 3201 1905 3273 Ποτειδαίας.
1973 3203 2085 3275 τήν
2128 3227 2201 3266 τε
2250 3202 2376 3283 γὰρ
2428 3203 2798 3268 Ποτείδαιαν
2852 3203 2941 3268 δί-

543 3309 812 3392 δραχμοι
876 3310 1131 3374 ὁπλῖται
1201 3309 1713 3396 (περι)εφροὺρουν
1774 3308 1967 3392 (αὐτῷ
2015 3308 2144 3387 γὰρ
2192 3309 2296 3372 καὶ
2342 3307 2609 3390 ὑπηρέτῃ
2647 3309 2939 3390 δραχμὴν

541 3413 876 3494 ἐλάμβανε
925 3422 1036 3488 τῆς
1086 3415 1371 3500 ἠμέρας),
1415 3417 1745 3495 τρισχίλιοι
1794 3413 1907 3490 μὲν
1954 3413 2007 3477 οἱ
2056 3420 2299 3494 πρῶτοι,
2352 3409 2429 3480 ὧν
2477 3416 2586 3480 οὐκ
2636 3415 2941 3485 ἐλάσσους

542 3523 1078 3607 διεπολιόρκησαν,
1145 3521 1445 3600 ἑξακόσιοι
1508 3521 1571 3586 δὲ
1633 3519 1738 3585 καὶ
1784 3511 1998 3600 ’χίλιοι
2053 3521 2225 3599 μετὰ
2278 3522 2647 3602 Φορμίωνος,
2696 3515 2754 3588 οἳ
2800 3547 2939 3603 προ·

541 3630 856 3703 απῆλθον·
907 3628 1038 3705 νῆές
1085 3653 1158 3693 τε
1203 3630 1272 3693 αἱ
1314 3631 1520 3693 πᾶσαι
1567 3625 1672 3691 τὸν
1708 3627 1896 3692 αὑτὸν
1935 3627 2146 3703 μισθὸν
2188 3627 2421 3710 ἔφερον.
2466 3631 2571 3695 τὰ
2619 3632 2769 3706 μὲν
2810 3628 2941 3696 οὖν

539 3738 938 3817 χρήματα
984 3732 1232 3805 οὕτως
1283 3731 1763 3808 ὖπανηλώθη
1814 3735 2243 3813 τὸπρῶτον
2299 3735 2404 3800 καὶ
2453 3741 2591 3811 νῆες
2630 3742 2939 3804 τοσαῦται

544 3843 614 3920 332
664 3847 964 3907 πλεῖσται
1011 3840 1461 3920 ἐπληρώθησαν.

631 3947 773 4014 Iam
817 3946 998 4013 locus
1039 3945 1148 4012 hic
1191 3947 1465 4011 minime
1511 3943 1791 4010 declarat
1836 3950 1989 4012 tunc
2026 3949 2366 4032 temporis,
2409 3967 2572 4016 anno
2601 3950 2671 4015 1⁰
2694 3951 2797 4020 01.
2826 3951 2931 4038 88,

545 4075 764 4125 omnes
809 4055 877 4119 in
925 4072 1066 4117 arce
1110 4053 1409 4136 pecunias
1453 4053 1582 4116 fere
1626 4050 1915 4117 funditus
1961 4051 2157 4118 fuisse
2205 4061 2633 4140 consumptas.
2702 4055 2934 4125 Contra

423 4227 430 4232 ,
545 4162 726 4230 verbi
795 4159 1148 4223 ὑπαναλοῦν
1209 4155 1390 4220 nulla
1451 4155 1578 4220 alia
1645 4175 1780 4221 esse
1844 4157 2050 4242 potest
2112 4157 2496 4246 significatio
2548 4165 2673 4226 nisi
2722 4166 2931 4229 sensim

545 4265 921 4334 commenda·
942 4313 960 4348 ,
1007 4263 1080 4325 ab
1125 4261 1360 4342 ἅπαντα
1407 4261 1616 4346 aliqua
1664 4263 1831 4344 copia
1878 4263 2220 4340 delibandi,
2262 4273 2337 4330 ut
2376 4268 2571 4333 verba
2616 4289 2727 4354 ea,
2778 4289 2931 4356 quae

541 4370 1002 4441 diductioribus
1067 4365 1302 4432 litteris
1363 4367 1548 4452 posui
1567 4411 1585 4444 ,
1648 4367 1741 4431 sic
1794 4367 1921 4434 fere
1967 4370 2271 4437 vertenda
2316 4374 2481 4438 sint:
2534 4382 2713 4460 atque
2752 4399 2929 4461 pecu-
