3150 5000
532 313 662 380 184
1478 335 1564 381 An
1614 335 1961 384 maumam,

617 496 667 563 1.
721 496 781 561 6.
834 497 875 563 3
922 503 1138 563 contra
1186 503 1356 564 recto
1402 519 1589 565 censu
1640 497 1870 565 ductus
1915 500 2088 565 idem
2150 499 2344 586 „quid
2394 501 2557 567 mihi
2618 507 2829 569 tecum
2844 500 2909 568 ‘3²’

531 602 727 688 „quid
787 605 909 669 tibi
973 605 1064 668 rei
1130 625 1384 670 mecum
1403 601 1462 670 ?’'
1531 605 1724 690 „quid
1790 607 1909 671 tibi
1972 626 2226 673 mecum
2305 610 2675 674 commercii
2748 614 2841 674 eet
2855 605 2912 672 ?”

528 709 847 795 defendit,
913 709 1233 795 improbat
1299 710 1492 797 „quid
1549 714 1853 778 saevitiae
1901 714 2022 778 tibi
2073 733 2325 778 mecum
2377 718 2472 779 eet
2488 709 2551 777 ?”
2606 713 2752 779 Hoc
2796 735 2911 780 non

529 821 625 882 eet
668 815 943 883 latinum
992 838 1105 904 pro
1155 837 1309 896 „cur
1355 837 1583 885 saevus
1628 840 1695 885 ee
1740 821 1807 883 in
1854 841 1959 884 me
1974 817 2047 884 ‘t”
2090 820 2353 885 Saevitia
2393 825 2489 886 eat
2512 819 2760 886 affectio
2784 823 2912 886 eius

532 925 642 1009 qui
687 925 924 990 iniuria
970 937 1286 1010 praestare
1332 945 1398 990 ee
1447 917 1711 1011 'reliquie
1758 932 1824 992 et
1870 929 1937 992 in
1985 947 2090 992 eos
2138 926 2345 993 multa
2390 927 2514 992 eibi
2560 925 2755 994 licere
2794 929 2914 1012 opi·

529 1035 755 1108 natur,
813 1029 1427 1098 Franco-Gallorum
1494 1031 1697 1110 aerte',
1745 1039 1819 1099 ut
1868 1038 2127 1118 apparet
2173 1053 2247 1098 ex
2298 1034 2750 1118 sequentibus:
2802 1053 2912 1111 „an

529 1135 736 1223 gloria
781 1157 1019 1224 magna
1064 1137 1214 1216 eet”‚
1265 1137 1404 1203 rell.
1452 1137 1635 1203 Itali:
1694 1139 1888 1225 „quid
1936 1140 2057 1205 tibi
2104 1159 2291 1205 saeve
2337 1159 2493 1226 puer
2530 1137 2915 1206 mecumst?'’

530 1241 822 1307 Fortasse
867 1262 991 1309 nou
1038 1245 1326 1308 saevitiae
1361 1244 1469 1310 sed
1508 1267 1727 1309 meeum
1767 1251 2138 1330 corruptum
2166 1267 2181 1311 ε
2228 1247 2423 1331 „quid
2458 1247 2579 1310 tibi
2618 1247 2917 1314 saevitiae

530 1368 690 1433 puer
749 1354 847 1414 est
862 1345 923 1413 ?''
984 1353 1030 1417 i.
1094 1372 1147 1417 e.
1211 1371 1372 1438 quae
1436 1357 1549 1417 tua
1609 1355 1877 1420 saevitia
1942 1349 2075 1418 eet?
2137 1390 2220 1403 -
2272 1351 2350 1418 V.
2400 1351 2487 1418 35
2537 1360 2603 1420 et
2654 1350 2744 1418 36
2790 1353 2917 1418 loco

533 1452 725 1520 alieni
769 1461 938 1521 sunt.
1802 1461 1809 1468 '

495 1697 500 1702 ·
626 1673 682 1740 Ι.
731 1674 790 1740 8.
845 1673 951 1741 61.
1002 1675 1170 1758 Quid
1218 1681 1481 1763 prosunt
1528 1639 1711 1744 arte-e
1744 1680 1797 1744 si
1845 1680 2083 1764 spernit
2128 1717 2209 1728 —
2237 1677 2342 1745 vel
2368 1698 2516 1744 cum
2564 1680 2916 1765 promittit,

537 1783 646 1850 sed
696 1781 866 1849 fallit
909 1789 1046 1862 „est
1083 1785 1247 1850 mihi
1287 1806 1410 1852 nox
1453 1784 1681 1851 multia
1731 1784 2095 1873 evigilanda
2142 1784 2384 1851 malie’'.
2459 1783 2741 1852 Horrida
2784 1806 2917 1851 con-

536 1893 825 1957 structio.
895 1891 1071 1957 Num
1124 1899 1222 1970 „et
1267 1890 1437 1957 mihi
1482 1911 1608 1957 nox
1656 1891 1884 1957 multis
1930 1900 2016 1958 ost
2061 1891 2393 1980 vigilanda
2439 1888 2704 1958 malis”?

643 2123 725 2190 Π.
777 2123 841 2192 5.
892 2123 976 2190 15
1023 2123 1115 2190 Te
1161 2125 1321 2191 duce
1367 2125 1687 2192 Romanoa
1732 2145 2088 2212 numquam
2134 2125 2439 2191 frustrata
2482 2123 2775 2212 Sibylla,

1129 2232 1347 2298 abdita
1393 2252 1553 2316 quae
1600 2233 1769 2297 aenis
1815 2232 1946 2297 fata
1988 2233 2159 2298 canit
2204 2231 2492 2318 pedibus.

539 2336 672 2404 Vix
693 2387 712 2422 ‚
773 2339 1030 2424 opinor,
1095 2343 1242 2404 ante
1301 2337 1640 2406 relativam
1688 2341 2067 2404 sententiam
2117 2345 2202 2403 oct
2250 2340 2612 2424 omittitur3
2662 2336 2791 2425 leg.
2838 2337 2923 2400 si-

540 2443 775 2535 byllaet.
2090 2441 2095 2446 ’

634 2663 727 2730 lb.
795 2664 896 2731 79.
970 2665 1309 2731 Rationem
1381 2685 1506 2730 non
1574 2665 1770 2731 habet
1839 2664 2339 2751 plusquamperf.
2412 2664 2611 2743 „haec
2668 2664 2927 2749 fuerant

543 2772 781 2858 olim’';
832 2775 1230 2839 concessivus
1279 2778 1495 2837 contra
1529 2772 1777 2857 fuerint
1822 2771 1900 2837 de
1940 2769 2422 2837 incredibilibus
2456 2768 2589 2835 illia
2632 2771 2931 2835 monstris

545 2886 731 2965 aptus
780 2886 896 2945 est.
957 2876 1024 2945 N
1026 2900 1106 2945 on
1154 2898 1449 2964 assequor
1485 2898 1597 2942 cur
1642 2876 1760 2943 hac
1808 2880 2117 2943 sententia
2166 2875 2485 2943 soloecum
2526 2881 2646 2941 erit
2689 2896 2804 2963 pro
2844 2882 2931 2941 eac

543 3007 764 3053 rursus
803 2987 1178 3052 restitutum
1225 2986 1328 3051 eit.

634 3186 721 3253 11.
786 3187 847 3251 4.
915 3186 977 3252 2.
1043 3185 1358 3273 Scaliger:
1430 3209 1623 3271 „quae
1669 3186 1814 3251 tulit
1859 3186 2151 3251 hesterna.
2226 3182 2446 3271 Longe
2494 3181 2727 3275 melius
2776 3180 2938 3247 liber

543 3300 788 3363 noster:
839 3315 989 3379 quae
1037 3292 1178 3356 tulit
1229 3292 1519 3357 extrema”
1559 3298 1625 3357 et
1664 3294 1756 3357 cic
1798 3313 1863 3357 re
1895 3312 2045 3358 vera
2069 3292 2451 3357 adscribitur
2472 3294 2539 3355 in
2564 3292 2704 3355 eiua
2727 3310 2941 3355 exem·

545 3402 748 3490 plari:
817 3418 902 3481 „v
961 3398 1302 3467 extrema”.
1367 3398 1483 3465 Est
1545 3401 1603 3465 ie
1662 3398 1825 3465 liber
1886 3416 1931 3465 v
1976 3420 2103 3465 non
2150 3400 2641 3483 antiquissimus
2691 3395 2943 3463 Cuiacii

549 3512 657 3578 sed
722 3517 938 3576 tamen
999 3507 1285 3595 Scaliger
1340 3527 1412 3572 eo
1475 3506 1853 3585 „meliorem
1912 3511 2155 3571 exstare
2220 3524 2344 3570 non
2396 3502 2711 3591 putabat”
2762 3502 2854 3588 (V
2857 3501 2939 3567 id.

554 3616 843 3707 Castigg.
906 3637 966 3703 p.
1032 3613 1220 3698 125),
1268 3615 1577 3678 nimirum
1628 3618 1874 3698 praeter
1920 3611 2354 3699 fragmentum
2402 3606 2649 3677 Cuiacii
2698 3608 2829 3673 111.
2882 3607 2941 3670 4.

554 3721 640 3787 65
689 3729 753 3788 et
797 3742 1001 3809 porro.
1057 3718 1307 3787 ‚Anatis
1344 3717 1724 3805 quibusdam
1765 3715 1955 3795 locis,
1995 3722 2067 3782 ut
2108 3720 2406 3802 appareat
2445 3720 2673 3801 quarta
2712 3713 2946 3803 vigilia

554 3828 768 3895 oblata
832 3830 1077 3895 somnia
1136 3828 1380 3894 veriora
1442 3845 1618 3910 esee,
1662 3827 1964 3908 provocat
2012 3821 2091 3887 ad
2140 3844 2199 3890 v.
2250 3820 2335 3889 21
2358 3871 2376 3904 ,
2423 3842 2510 3907 eq.
2565 3827 2639 3887 ut
2687 3826 2948 3884 extrema

557 3932 870 4000 defendat.
941 3932 1085 3999 Iure
1141 3935 1392 4019 opinor,
1461 3950 1576 3996 nec
1636 3929 1820 3995 credo
1865 3930 2140 3995 hesterna
2184 3935 2351 3993 nocte
2396 3927 2473 3993 de
2522 3931 2851 4014 postrema
2896 3944 2943 3989 e.

557 4040 849 4126 proxima
897 4038 1024 4105 dici
1073 4059 1268 4126 posse.

651 4242 770 4309 IV.
813 4244 870 4309 1.
918 4241 1024 4307 44.
1065 4241 1293 4322 Libra,
1334 4243 1388 4309 si
1428 4242 1629 4309 altera
1664 4244 1808 4306 utra
1844 4240 1994 4305 lanx
2031 4239 2291 4326 gravior
2332 4241 2463 4317 eet,
2511 4236 2577 4300 h.
2621 4235 2669 4303 l.
2712 4234 2953 4301 dicitur

559 4356 800 4429 Μανῆ
852 4351 1104 4434 saepius
1150 4351 1430 4433 animus,
1487 4346 1693 4425 oculi,
1743 4346 2029 4412 homines
2078 4355 2292 4409 natare
2331 4346 2664 4419 dicuntur,
2705 4341 2783 4407 de
2824 4356 2952 4425 quo

564 4456 642 4523 cf.
711 4452 1036 4523 Heindorf.
1103 4454 1180 4519 ad
1243 4452 1402 4519 Hor.
1451 4454 1584 4520 Sat.
1635 4450 1714 4518 11.
1767 4451 1829 4518 7.
1880 4449 1919 4515 6
1939 4500 1957 4534 ,
2006 4450 2117 4517 sed
2164 4449 2240 4517 de
2289 4448 2531 4514 bilance
2576 4448 2786 4513 nescio
2836 4464 2953 4509 cur
