3150 5000
609 237 742 307 334
1579 252 1841 326 osssms
1884 254 2013 306 mo.

605 425 863 494 videtur
926 425 1346 513 archetypum
1412 422 1649 490 codicis
1708 421 1969 500 Veneti,
2032 421 2187 488 olim
2252 421 2515 509 quidem
2570 442 2865 488 exorsum
2906 423 2971 486 ab
3059 421 3060 454 ¹

605 533 746 618 ipso
793 531 959 598 libro
1000 531 1082 596 41
1108 581 1126 617 ‚
1167 551 1292 618 quo
1331 534 1619 616 tempore
1660 529 2011 614 descriptus
2048 533 2145 594 est
2164 579 2181 606 ‚
2226 531 2355 595 iam
2398 528 2711 594 damnum
2752 527 2975 613 aliquot
3059 539 3060 618 j

609 637 910 704 foliorum
958 659 1217 723 passum
1267 657 1424 702 esse.
1494 635 1591 702 De
1633 636 1867 702 codicis
1914 639 2111 702 nostri
2156 634 2279 702 fine
2325 638 2482 701 certi
2518 634 2685 700 nihil
2724 633 2977 699 affirma·

607 746 810 809 verim
835 791 852 820 ,
917 765 1031 810 nec
1085 749 1300 809 tamen
1363 745 1664 808 reticeam
1716 744 1851 808 veri
1898 742 2063 807 mihi
2108 741 2524 808 simillimum
2573 741 2782 807 videri
2824 741 2977 806 ultra
3058 767 3060 832 j

603 849 844 916 librum
915 848 1001 914 60
1063 870 1212 916 eum
1273 868 1400 915 non
1468 870 1603 914 esse
1661 869 2095 936 progressum,
2166 855 2230 914 et
2289 847 2517 914 Veneti
2573 848 2975 936 archetypum
3058 869 3060 882 ⁴

609 957 766 1022 duas
827 956 1090 1022 decades
1152 955 1701 1041 comprehendisse
1720 1003 1735 1034 ‚
1802 976 2077 1042 quocum
2136 956 2516 1022 conferenda
2560 961 2713 1021 sunt
2760 953 2975 1020 Snidse

603 1063 828 1130 verba:
883 1063 1250 1144 διαιροῦνται
1300 1061 1361 1128 δὲ
1403 1061 1584 1140 (libri
1629 1061 1881 1146 Dionis)
1930 1064 2101 1128 κατὰ
2145 1061 2436 1135 δεκάδας.

693 1169 830 1235 Nec
889 1170 1097 1236 varios
1157 1169 1383 1235 Veneti
1437 1189 1619 1235 casus
1664 1167 1937 1234 ulterius
1983 1171 2277 1254 persequi
2328 1167 2563 1235 inutile
2609 1169 2763 1247 erit,
2812 1174 2885 1234 ut
2919 1171 2977 1232 in

606 1276 934 1342 Vesontini
999 1275 1232 1342 codicis
1295 1276 1715 1361 descriptione
1762 1276 2109 1361 apparebit.
2180 1275 2485 1342 Lacerato
2532 1277 2707 1342 enim
2752 1278 2881 1342 iam
2923 1281 2976 1340 et

605 1382 839 1448 mutilo
902 1384 962 1448 ei
1025 1384 1299 1470 contigit
1348 1387 1424 1447 ut
1470 1384 1707 1448 iterum
1755 1381 2147 1468 illigaretur,
2200 1382 2311 1449 sed
2356 1382 2803 1472 bibliopegum
2824 1433 2843 1466 ‚
2886 1383 2977 1448 oui

605 1489 725 1554 hoc
786 1490 1119 1575 negotium
1168 1488 1542 1554 mandatum
1594 1494 1728 1554 erat
1764 1537 1779 1562 ,
1828 1490 2104 1573 pessime
2149 1509 2413 1554 munere
2458 1489 2755 1556 functum
2802 1489 2977 1554 fuisse

604 1593 912 1660 discimus
946 1615 1022 1659 ex
1063 1597 1345 1660 numeris
1385 1595 1690 1669 arabicis,
1732 1596 1845 1679 qui
1880 1601 2217 1672 vocantur,
2262 1597 2497 1680 quibus
2534 1598 2747 1681 prima
2788 1597 2975 1661 cuius-

604 1721 850 1786 cunque
915 1703 1344 1786 quaternionis
1401 1702 1637 1788 pagina
1692 1705 1951 1767 notatur
1976 1698 2047 1784 ¹).
2125 1700 2279 1766 Fuit
2324 1705 2543 1767 autem
2588 1702 2698 1768 hic
2746 1705 2975 1786 quater-

601 1808 867 1875 nionum
916 1805 1102 1872 ordo:

704 1927 790 1977 101.
859 1942 989 1977 ιιιιιιι.
1010 1930 1140 1991 quat.
1277 1926 1362 1978 fol.
1531 1943 1578 1978 ιι.
1600 1929 1729 1992 quat.
1918 1927 2003 1976 101.
2186 1943 2231 1978 ιι.
2253 1931 2385 1992 quat.
2554 1927 2639 1978 τοι.
2792 1943 2839 1977 ιι.
2858 1928 2971 1991 qm

654 2009 830 2076 1-8
924 2010 1100 2076 deest
1194 2008 1460 2077 65—72
1608 2008 1691 2078 10
1790 2008 2145 2077 129-136
2245 2009 2328 2075 18
2425 2008 2786 2078 190—19'7
2856 2007 2933 2073 26

651 2114 872 2180 9—16
993 2115 1033 2180 3
1193 2118 1465 2182 81-88
1612 2117 1691 2182 11
1754 2115 2149 2184 ·137—144
2247 2115 2329 2186 19
2423 2121 2789 2186 210-217
2854 2114 2933 2180 27

609 2220 876 2288 17-24
993 2220 1035 2285 4
1195 2223 1464 2287 73—80
1573 2221 1749 2288 deest
1792 2220 2148 2287 145-152
2242 2222 2330 2288 20
2422 2227 2789 2292 202—209
2854 2220 2931 2285 28

606 2327 875 2393 25—32
994 2326 1033 2391 5
1197 2325 1465 2392 89—96
1614 2327 1695 2392 13
1793 2326 2149 2393 153-159
2244 2328 2326 2393 21
2422 2331 2790 2398 218—225
2854 2326 2931 2392 29

605 2431 874 2500 33—40
993 2431 1032 2498 6
1195 2432 1510 2501 97—104
1610 2433 1692 2498 14
1790 2432 2143 2501 160-167
2238 2434 2325 2501 22
2419 2433 2786 2501 226-233
2855 2431 2931 2498 30

606 2539 875 2605 41-48
995 2538 1034 2606 7
1156 2540 1511 2606 105—112
1610 2542 1691 2607 15
1791 2539 2149 2607 168—17'7
2244 2542 2331 2607 23
2423 2542 2783 2629 234—241
2855 2541 2927 2606 31

603 2644 871 2713 49-56
992 2646 1033 2712 s
1137 2646 1512 2712 113—120
1612 2646 1692 2713 16
1793 2646 2147 2713 178-185
2240 2647 2329 2712 24
2424 2633 2781 2717 198—201
2854 2646 2929 2713 32

605 2752 874 2822 57—64
995 2752 1034 2817 9
1158 2752 1514 2818 121-128
1613 2753 1695 2819 17
1796 2752 2149 2819 186—189
2244 2753 2331 2817 25
2426 2752 2967 2820 242—249deoet

2420 2858 2786 2927 250et251

698 2968 870 3048 Quos
928 2986 1228 3032 numeros
1285 2968 1340 3031 si
1385 2968 1528 3051 quis
1574 2966 2056 3052 perlustraverit
2102 2968 2383 3052 primum
2434 2966 2772 3054 intelleget
2816 2962 2959 3030 codi-

605 3096 742 3141 cem
793 3095 864 3140 eo
915 3079 1200 3161 tempore
1247 3074 1531 3139 nondum
1584 3078 1755 3147 octo,
1804 3074 1913 3139 sed
1960 3079 2203 3159 septem
2253 3080 2505 3139 tantum
2554 3070 2963 3160 quaternioni-

605 3182 724 3247 bus
771 3201 808 3244 a
855 3180 1060 3245 fronte
1108 3183 1417 3264 caruisse,
1465 3201 1614 3245 nam
1664 3182 1911 3263 primus
1958 3181 2076 3244 etsi
2114 3200 2380 3245 numero
2420 3185 2626 3250 caret.
2673 3180 2785 3265 qui
2818 3194 2963 3241 nunc

605 3286 956 3353 secundum
1021 3284 1232 3351 locum
1296 3292 1562 3371 occupat
1625 3291 1777 3351 tunc
1834 3286 2057 3351 tertius
2104 3286 2248 3351 fuit.
2322 3284 2490 3350 Tum
2544 3284 2959 3370 bibliopegum

602 3400 701 3459 ter
757 3394 1196 3477 quaterniones
1257 3412 1584 3477 perperam
1649 3393 2048 3457 coniunxisse
2095 3392 2361 3457 videbit.
2432 3391 2602 3473 Nam
2658 3392 2735 3456 11
2788 3396 2847 3455 et
2891 3383 2960 3450 12

609 3500 742 3583 (cui
804 3518 1108 3563 numerus
1167 3497 1366 3580 deest)
1435 3503 1498 3563 et
1557 3495 1643 3562 27
1710 3502 1773 3563 et
1830 3494 1918 3561 28
1980 3498 2145 3561 inter
2204 3517 2271 3561 se
2317 3498 2749 3583 permutavit3
2794 3500 2961 3577 atque

605 3605 758 3671 adeo
821 3606 1300 3691 quaternionem
1361 3604 1471 3687 qui
1534 3603 1689 3671 folia
1758 3600 2105 3667 198--201
2164 3602 2526 3668 continebat
2576 3608 2718 3688 post
2762 3606 2799 3665 f.
2848 3595 2959 3663 234

604 3710 974 3789 collocavit,
1043 3710 1211 3795 quod
1256 3712 1424 3775 notis
1470 3711 1536 3773 in
1586 3711 1876 3797 margine
1922 3710 2168 3773 duabus
2215 3706 2642 3775 confirmatur.
2716 3706 2959 3794 Legitur

605 3820 776 3884 enim
836 3820 903 3880 in
965 3820 1099 3881 imo
1162 3814 1315 3881 folio
1382 3814 1565 3881 197‘:
1618 3815 1807 3895 μέχρι
1856 3816 2008 3881 τᾶδε
2054 3814 2269 3896 γράφε
2317 3816 2455 3895 (sic)
2504 3819 2569 3881 et
2614 3817 2683 3879 in
2728 3826 2956 3879 summo

602 3924 646 4001 f.
710 3920 845 3986 202
911 3922 1080 4004 ζήτει
1145 3923 1172 3987 ὃ
1238 3922 1672 4000 ἀναγινώσκων
1736 3922 1804 3987 τὸ
1874 3922 2064 4002 παρὸν
2125 3922 2436 4001 τετράδιον
2482 3922 2543 3985 ἐν
2593 3918 2765 3985 ἄλλω
2810 3917 2955 3981 τόπω

603 4030 853 4107 ὀφεῖλον
916 4030 1158 4102 τεθῆναι
1223 4031 1250 4095 ὃ
1313 4030 1439 4109 γὰρ
1487 4030 1604 4099 τὰς
1650 4028 2026 4108 βεμβράνας
2076 4028 2373 4100 συντιθεὶς
2425 4026 2787 4108 ἠστόχησεν.
2858 4020 2955 4089 Co·

601 4141 863 4227 gnoscet
927 4135 1230 4221 denique,
1296 4136 1505 4221 primo
1560 4135 1676 4201 illo
1732 4137 2141 4221 quaternione
2187 4140 2447 4221 excepto
2486 4134 2805 4201 Venetam
2840 4131 2951 4193 iam

602 4265 674 4310 eo
722 4249 1010 4327 tempore
1057 4244 1150 4307 ita
1194 4242 1571 4307 mutilatum
1616 4243 1811 4309 fuisse
1859 4247 1933 4307 ut
1980 4241 2169 4307 hodie
2214 4246 2327 4307 est.

669 4401 725 4466 1)
761 4400 921 4451 Hodie
957 4402 1113 4451 rectus
1146 4401 1264 4449 ordo
1299 4399 1548 4451 restitutus
1583 4404 1668 4450 est.
