3150 5000
539 235 675 302 260
1563 259 1900 308 amauvs

629 421 736 490 12.
785 421 890 492 13.
964 421 1402 504 „Criminibus
1473 446 1627 494 nero
1698 427 2096 512 serpentibus
2164 426 2361 496 latius
2431 475 2449 491 .
2478 474 2495 490 .
2523 473 2541 490 .
2566 472 2582 489 .
2655 424 2903 511 quidam

534 531 898 616 corporibus
957 530 1216 598 laniatis
1271 534 1837 619 extinguebantur,
1902 532 2015 600 alii
2078 535 2296 620 poenis
2341 533 2527 600 ulte
2548 533 2913 600 rioribus

449 717 456 724 ⁵
535 635 825 703 damnati
871 644 1020 703 sunt
1066 640 1246 705 bonis
1290 639 1593 725 ereptis.”

623 741 699 807 V.
763 743 1340 811 ulterioribus
1391 745 1709 831 quomodo
1755 746 2058 832 explicari
2105 748 2309 832 possit
2354 767 2481 812 non
2528 745 2739 812 uideo.
2784 743 2915 810 Erit

533 850 794 930 fortasse
865 853 978 936 qui
1045 851 1386 918 contendat
1447 852 1621 918 idem
1684 875 1819 920 esse
1883 853 2049 939 quod
2098 852 2603 936 „seuerioribus‚
2653 851 2915 916 duriori·

533 955 720 1020 bus.”
791 959 878 1020 At
948 977 1108 1042 quae
1168 957 1386 1025 durior
1443 979 1647 1044 poena
1706 961 2055 1046 excogitari
2114 965 2325 1045 potest
2388 979 2585 1044 quam
2648 978 2753 1034 ea,
2802 977 2919 1042 qus

533 1081 760 1146 corpus
821 1063 1101 1128 damnati
1163 1061 1566 1130 laniabatur?
1612 1063 1912 1151 Suspicor
1956 1064 2112 1130 olim
2158 1067 2471 1150 scriptum
2520 1084 2655 1130 esse
2700 1083 2771 1128 m
2790 1063 2917 1128 iti·

533 1168 848 1234 oribus.
895 1165 994 1236 Cf.
1047 1167 1262 1250 Quint.
1317 1169 1428 1236 VI.
1476 1171 1538 1234 4.
1594 1169 1699 1236 16.

626 1367 730 1434 12.
799 1369 831 1433 1
843 1367 900 1436 7.
981 1370 1106 1448 „Et
1171 1372 1551 1459 inquisitum
1623 1375 1691 1438 in
1754 1373 1910 1440 haec
1969 1378 2231 1463 negotia
2287 1375 2517 1440 fortius
2576 1392 2771 1439 nemo
2816 1373 2920 1458 qui

532 1476 790 1560 quidem
839 1480 1046 1563 sapiat
1091 1500 1124 1544 r
1139 1499 1173 1544 e
1189 1500 1231 1565 p
1247 1503 1278 1544 r
1295 1500 1330 1546 e
1345 1479 1392 1544 h
1407 1501 1442 1546 e
1456 1504 1500 1545 n
1517 1480 1598 1546 di
1615 1479 1710 1546 t.”

624 1581 866 1662 Immo,
915 1587 1155 1672 opinor,
1203 1587 1715 1673 reprehende
1743 1599 1793 1654 t.

1543 1837 1931 1848 ———-

1533 2023 1738 2089 Iamna
1784 2023 1928 2091 XX.

636 2234 695 2299 1.
742 2233 806 2298 2.
874 2235 1014 2314 „Ire
1075 2236 1156 2302 ad
1217 2237 1373 2304 haec
1434 2237 1867 2324 componenda
1912 2237 2298 2323 Lupicinum
2348 2236 2593 2323 placuit
2642 2257 2719 2303 ea
2768 2243 2922 2303 tem·

533 2347 778 2427 pestate
838 2344 1224 2430 magistrum
1287 2363 1613 2411 armornm
1679 2343 2055 2410 bellicosum
2118 2365 2267 2409 sane
2334 2348 2400 2407 et
2446 2343 2787 2408 castrensis
2838 2343 2924 2406 rei

532 2451 811 2535 peritum
861 2448 970 2515 sed
1017 2449 1357 2535 supercilia
1404 2452 1759 2537 erigentem
1806 2456 1896 2515 nt
1950 2470 2037 2516 co
2055 2471 2140 2514 rn
2160 2447 2327 2515 ua.”

626 2555 844 2640 Inepte
907 2562 971 2621 et
1031 2556 1297 2622 ridicule
1359 2556 1651 2622 additum
1717 2565 1813 2622 est
1858 2563 1949 2621 ut
1999 2576 2329 2623 cornua.
2384 2593 2466 2604 —
2516 2556 2590 2621 In
2635 2555 2788 2623 Vat.
2836 2558 2925 2621 est

535 2668 625 2727 ut
671 2682 1043 2727 cornuae.
1096 2660 1384 2739 Scribas,
1433 2684 1698 2749 quaeso,
1749 2665 2248 2750 incongrue.

626 2862 688 2929 2.
740 2864 801 2928 4.
852 2863 1178 2930 Vrsicinus
1197 2912 1214 2943 ‚
1263 2867 1330 2929 in
1376 2885 1566 2951 quem
1613 2865 2067 2931 obtrectatores
2111 2865 2555 2930 disseminasse
2593 2870 2927 2929 narrantur

533 2972 572 3057 ξ
610 2973 643 3035 1
688 2971 1013 3038 mordaces
1052 2991 1339 3036 susurros
1359 3018 1376 3047 ,
1416 2971 1562 3037 dein
1602 2970 1929 3057 propalam
1972 2969 2119 3036 ficta
2154 2971 2421 3035 crimina
2444 2970 2923 3041 subnectentes,

529 3078 649 3143 hac
710 3079 1052 3161 iniquitate
1110 3078 1392 3161 percitus
1455 3125 1490 3154 „
1517 3081 1680 3153 „etsi
1748 3077 1895 3141 me’'
1944 3079 2157 3161 inquit
2208 3075 2519 3159 „despicit
2558 3077 2924 3159 imperator,

529 3186 776 3272 negotii
813 3192 1028 3249 tamen
1063 3188 1191 3249 est
1229 3183 1613 3269 magnitudo
1655 3190 1729 3249 nt
1768 3202 1892 3247 non
1942 3183 2066 3247 nisi
2119 3181 2353 3246 iudicio
2401 3180 2708 3266 principis
2754 3180 2923 3245 nosci

530 3293 732 3377 possit
768 3294 832 3355 et
871 3289 1219 3374 uindicari;
1259 3292 1422 3355 sciat
1459 3294 1677 3355 tamen
1718 3337 1731 3353 .
1762 3336 1779 3352 .
1808 3335 1823 3353 .
1866 3289 2069 3373 quod,
2113 3287 2268 3352 dum
2308 3294 2551 3353 maeret
2575 3287 2921 3372 superbis,

532 3418 694 3483 quae
731 3397 897 3481 apud
923 3397 1222 3461 Amidam
1247 3403 1424 3483 gesta
1465 3416 1583 3461 em
1604 3416 1697 3459 en
1715 3395 1809 3461 da
1830 3401 1911 3459 ta
1950 3393 2175 3459 didicit
2200 3392 2322 3460 fide
2350 3443 2365 3456 .
2394 3442 2409 3456 .
2440 3442 2455 3456 .
2484 3393 2922 3459 defrustandae

531 3502 1032 3587 Mesopotamiae
1070 3548 1086 3565 .
1115 3550 1132 3566 .
1161 3553 1176 3568 .
1216 3522 1296 3567 ne
1341 3504 1476 3587 ipse
1521 3500 1781 3586 quidem
1828 3548 1843 3565 .
1872 3548 1889 3563 .
1918 3548 1931 3563 .
1976 3500 2282 3586 opitulari
2308 3501 2541 3584 poterit
2562 3496 2921 3584 praesens.”
2998 3578 3007 3596 .

622 3607 886 3673 Duobus
947 3608 1129 3672 uitiis
1188 3608 1294 3672 hic
1354 3607 1529 3673 locus
1591 3606 1856 3673 laborat.
1908 3606 2205 3672 Primum
2258 3612 2403 3671 ante
2455 3605 2638 3683 „est”
2690 3606 2923 3672 excidit

535 3714 727 3793 „ea”=
781 3717 1066 3803 „negotii
1112 3734 1196 3780 ea
1243 3720 1340 3780 est
1386 3713 1831 3802 magnitudo”.
1876 3751 1958 3762 —
2000 3712 2241 3779 Deinde
2277 3730 2391 3797 pro
2442 3712 2919 3789 „emendata

531 3819 697 3888 fide”
741 3822 1056 3887 sententia
1098 3822 1365 3905 requirit
1415 3841 1573 3897 „em
1594 3820 1870 3883 entita
1915 3816 2105 3883 fide.”

627 4026 690 4091 4.
743 4023 848 4091 13.
911 4022 1161 4109 „thue
1219 4023 1589 4089 honoratius
1653 4019 1873 4107 procul
1930 4020 2214 4086 abituros
2262 4026 2600 4097 tractaret,
2650 4022 2732 4087 ad
2778 4041 2916 4087 con-

527 4134 783 4199 uiuium
845 4130 1210 4217 proceribus
1263 4130 1622 4215 conrogatis
1638 4174 1655 4205 ‚
1704 4132 1932 4212 petere
1978 4127 2063 4191 iu
2081 4147 2163 4192 re
2180 4174 2196 4205 ,
2248 4126 2461 4212 siquid
2508 4130 2574 4191 in
2624 4131 2915 4213 promptu

534 4244 698 4306 esset
743 4236 1011 4304 edixit.”

622 4346 865 4421 Immo,
917 4344 1173 4429 opinor,
1227 4344 1480 4424 „petere
1525 4360 1814 4405 secure
1864 4387 1879 4403 .
1908 4386 1967 4404 ..
2018 4337 2279 4405 edixit.”
