3150 5000
550 249 683 318 354
1587 275 1908 324 nonanus.

638 438 966 506 Hactenus
1030 441 1168 508 sola
1226 444 1469 508 ratione
1530 447 1598 508 et
1658 448 1863 509 metro
1910 443 2180 508 ducibus
2227 443 2438 510 conati
2485 463 2708 508 sumus
2751 443 2920 508 evin-

548 567 719 630 cere,
783 567 899 631 pro
956 549 1180 614 formis
1226 551 1567 614 contractis
1611 553 1680 614 in
1725 547 2009 614 Homero
2057 570 2306 634 semper
2352 555 2418 614 et
2463 549 2704 634 ubique
2748 545 2922 614 elisas

547 674 682 718 esse
742 651 1184 720 restituendas.
1252 655 1387 720 Nec
1434 661 1653 721 tamen
1698 657 2084 721 testimoniis
2131 659 2390 722 omnino
2437 656 2734 721 destituti
2777 655 2926 720 hanc

546 758 1043 844 disputationem
1093 763 1510 846 suscepimus.
1560 761 1728 828 Nam
1777 762 2316 847 quemadmodum
2366 761 2480 828 lux
2525 761 2682 828 solis
2727 767 2792 828 et
2835 779 2928 824 aer

547 887 802 952 prorsus
870 869 1164 952 intercipi
1232 874 1300 934 et
1368 867 1623 934 excludi
1685 889 1750 933 se
1810 889 1937 934 non
1996 871 2352 955 patiuntur,
2417 867 2560 946 sed,
2615 875 2692 933 ut
2735 868 2930 932 ianuis

545 975 965 1058 fenestrisque
1002 976 1315 1040 obturatis
1354 981 1704 1053 arceantur,
1746 996 1859 1061 per
1894 975 2184 1060 lapidum
2227 983 2444 1042 tamen
2491 977 2930 1040 commissuras

545 1083 865 1166 rimasque
930 1080 1363 1147 tabulatorum
1422 1101 1557 1146 sese
1602 1083 1962 1158 insinuant,
2013 1083 2104 1147 sic
2149 1083 2440 1148 veritatis
2493 1099 2750 1168 quoque
2791 1078 2928 1159 lux,

547 1191 703 1271 quot
750 1194 816 1252 et
860 1189 1364 1271 quantiscunque
1408 1187 1760 1253 involucris
1805 1188 2081 1254 obducta
2125 1189 2245 1266 sit,
2293 1187 2548 1254 tandem
2599 1183 2932 1272 aliquando

547 1292 953 1382 transfulget.
1027 1291 1211 1372 Quod
1270 1313 1394 1359 non
1457 1293 1670 1359 solum
1737 1296 1805 1360 in
1871 1296 2061 1360 rebus
2121 1279 2524 1382 gravissimis
2571 1295 2752 1360 vitae
2799 1309 2936 1355 usus

547 1401 957 1486 quotidianus
1022 1420 1137 1466 nos
1208 1400 1391 1466 docet
1409 1448 1425 1478 ‚
1496 1401 1608 1466 sed
1675 1403 1874 1467 etiam
1947 1403 2014 1466 in
2084 1399 2336 1467 levibus
2401 1397 2902 1487 quaestiunculis
2917 1441 2934 1476 ,

550 1506 759 1593 qualis
804 1507 959 1572 haec
1008 1513 1132 1584 est,
1185 1506 1357 1571 idem
1406 1511 1694 1593 apparet.

642 1611 998 1678 Videamus
1043 1632 1299 1678 versum
1348 1613 1398 1691 β
1446 1611 1616 1677 202:

868 1720 1163 1796 μύθεαι
1211 1721 1592 1798 ἀκράαντον,
1639 1719 2037 1799 ἀπεχθάνεαι
2087 1717 2143 1784 3’
2194 1718 2292 1784 ἔτι
2335 1723 2606 1797 μᾶλλον.

552 1824 739 1892 Nihil
808 1832 904 1891 est
972 1825 1265 1901 μύθεαι
1286 1873 1303 1902 ‚
1375 1847 1527 1891 nam
1597 1847 1636 1891 a
1696 1825 1998 1902 μυθέομαι
2065 1847 2190 1892 non
2250 1827 2374 1891 nisi
2438 1826 2692 1902 auum
2745 1829 2944 1912 potest

550 1933 846 2009 formari,
914 1933 1129 2017 itaque
1188 1937 1367 2017 patet
1426 1931 1633 2008 μυθέε’
1691 1932 2038 2012 ἀκράαντον
2085 1954 2220 1998 esse
2267 1933 2700 1998 scribendum.
2752 1933 2942 2016 Atqui

554 2088 570 2103 .
599 2087 616 2104 .
649 2086 666 2104 .
709 2038 777 2103 id
816 2040 1027 2122 ipsum
1069 2043 1245 2104 extat
1285 2041 1351 2103 in
1394 2045 1577 2104 textu
1615 2043 1725 2124 qui
1759 2038 1838 2104 ad
1877 2060 1991 2105 nos
2029 2042 2358 2125 pervenit3
2411 2060 2564 2105 nam
2609 2045 2940 2105 ΜΤΘΕΛΙ

550 2165 628 2210 ex
676 2151 975 2209 ΜΤΘΕΕ
1026 2152 1395 2229 corruptum
1444 2152 1573 2227 est,
1624 2152 1698 2208 ut
1743 2149 2090 2212 sexcenties
2139 2171 2168 2210 ε
2207 2155 2272 2212 et
2311 2171 2376 2210 au
2415 2146 2725 2212 confundi
2763 2163 2942 2212 nemo

548 2253 769 2316 nescit.
841 2249 970 2316 Hic
1015 2253 1221 2338 igitur
1265 2252 1511 2316 obtinet
1558 2251 1966 2317 decantatum
2017 2253 2212 2318 illud:
2269 2253 2336 2318 τί
2381 2255 2489 2318 οὐκ
2542 2255 2939 2332 ἐπιστάμενοι

550 2355 945 2434 διδάσκομενς
1018 2355 1276 2422 Scribae
1344 2358 1515 2421 enim
1585 2377 1700 2422 nos
1770 2359 1996 2424 docent
2057 2381 2275 2425 veram
2344 2359 2684 2426 lectionem
2757 2381 2939 2447 quam

550 2469 765 2531 tamen
810 2465 935 2550 ipsi
982 2466 1310 2552 ignorent,
1360 2471 1423 2530 et
1471 2485 1678 2531 errore
1724 2485 1840 2532 suo
1887 2486 1999 2531 nos
2045 2465 2124 2532 ab
2174 2487 2380 2533 errore
2419 2475 2747 2534 revocant.
2809 2467 2942 2534 Nisi

551 2576 895 2648 errassent,
937 2592 1051 2635 nos
1089 2571 1207 2636 hoc
1244 2570 1383 2637 loco
1424 2572 1584 2654 μυθῇ
1624 2572 1846 2658 procul
1884 2574 2079 2639 dubio
2114 2573 2478 2661 legeremus
2501 2576 2571 2639 in
2594 2574 2935 2641 codicibus.

640 2782 1065 2867 simillimus,
1106 2786 1347 2869 opinor,
1392 2785 1518 2849 fuit
1557 2804 1740 2851 casus
1775 2807 1995 2852 versus
2034 2796 2082 2851 Z
2125 2784 2229 2863 46,
2260 2790 2370 2872 qui
2395 2789 2668 2853 recurrit
2689 2802 2757 2853 A
2789 2787 2938 2851 131:

869 2886 1122 2969 ζώγρει,
1170 2888 1415 2970 ’Λα-ρέος
1467 2891 1596 2967 υἱὲ,
1647 2894 1721 2957 σὺ
1772 2893 1826 2956 δ’
1876 2890 2026 2967 ἄξιαι
2074 2891 2304 2969 δέξαι
2351 2891 2599 2957 ἄποινα.

548 2994 717 3061 Nam
764 2998 1148 3080 imperativo
1198 2998 1265 3060 in
1313 2999 1520 3082 priore
1560 2998 1820 3081 quidem
1861 3019 2084 3063 versus
2124 3005 2302 3083 parte
2340 2998 2518 3064 locus
2557 3005 2690 3081 est,
2721 2998 2941 3065 deinde

548 3120 729 3177 vero,
797 3108 872 3164 ut
916 3100 1210 3167 flectatur
1255 3101 1537 3167 Menelai
1586 3123 1802 3179 mens,
1850 3103 1997 3168 addi
2047 3103 2236 3169 debet
2287 3107 2711 3189 promissum:
2769 3128 2858 3169 me
2892 3103 2942 3167 si

542 3206 907 3290 servaveri-3,
971 3208 1289 3291 splendida
1349 3208 1551 3283 λύτρα
1615 3210 1899 3291 accipies,
1971 3210 2212 3273 divitiis
2276 3210 2432 3273 enim
2495 3212 2828 3275 cumulabit
2891 3218 2942 3273 le

540 3320 713 3397 pater
776 3336 953 3379 meus.
1026 3312 1250 3398 Itaque
1314 3312 1515 3391 δέξεαι
1566 3317 1634 3378 ni
1683 3314 1869 3380 fallor
1916 3315 2092 3381 dedit
2137 3322 2360 3401 poeta,
2407 3322 2474 3381 et
2518 3338 2634 3383 nos
2684 3326 2935 3399 ΔΕΞΕ,

544 3420 612 3485 id
678 3428 775 3485 est
843 3418 998 3496 3355
1067 3441 1182 3505 pro
1250 3419 1494 3497 δέξεαι,
1568 3422 1838 3486 scribere
1902 3421 2116 3505 decet3
2181 3424 2275 3485 ita
2338 3428 2412 3485 ut
2461 3428 2636 3487 totus
2683 3444 2935 3498 versus,

548 3529 843 3592 restituto
907 3530 1277 3611 pronomine
1338 3550 1456 3603 με,
1504 3547 1631 3611 quo
1680 3548 1866 3614 aegre
1915 3548 2237 3605 caremus,
2285 3534 2349 3592 et
2396 3527 2656 3594 diducto
2704 3532 2776 3595 in
2825 3538 2938 3595 tres

546 3632 829 3719 syllabas
874 3635 1254 3717 imperativo
1302 3630 1555 3713 ζώγρει,
1606 3633 1766 3697 hanc
1813 3634 2038 3698 induat
2084 3635 2396 3699 formam:

820 3735 1119 3819 ζώγρεέ
1166 3738 1261 3815 μ’,
1310 3738 1552 3818 'Aa-piot,-
1606 3740 1716 3821 υἱὲ,
1767 3740 1841 3803 σὺ
1892 3740 1944 3803 δ’
1995 3738 2148 3815 ἄξια
2197 3738 2334 3817 ab}
2350 3742 2395 3803 ε’
2448 3738 2702 3806 ἄποινα.

638 3844 745 3910 Sic
791 3843 955 3911 Dolo·
1002 3854 1052 3909 K
1102 3843 1273 3909 378:
2167 3860 2176 3871 ·

1004 3948 1313 4031 ζωγρέετ’,
1364 3952 1567 4031 αὐτὰρ
1616 3953 1771 4030 ἐγὼν
1821 3952 1932 4028 ἐμὲ
1979 3950 2277 4026 λύσομαι.

640 4055 764 4125 Cui
828 4060 1197 4123 correctioni
1245 4079 1371 4123 non
1419 4058 1583 4125 levis
1631 4059 1974 4124 auctoritas
2022 4058 2264 4122 accedit
2314 4079 2391 4122 ex
2439 4078 2688 4145 papyro
2735 4067 2934 4125 vetus·

545 4168 796 4231 tissimo
866 4164 1297 4249 Bankesiano,
1368 4168 1435 4230 in
1500 4186 1626 4250 quo
1687 4164 1836 4230 libri
1901 4172 1971 4228 Ω.
2037 4167 2240 4229 maior
2305 4186 2452 4249 pars
2503 4174 2708 4230 exstat
2724 4186 2744 4245 3
2797 4186 2932 4231 nam

548 4281 621 4337 Ω
673 4268 824 4348 137,
874 4270 989 4336 ubi
1036 4270 1238 4357 vulgo
1287 4271 1565 4359 legitur:

1003 4375 1152 4441 ἀλλ’
1200 4376 1329 4454 ἄγε
1378 4378 1449 4449 331
1498 4381 1720 4461 λῦσον,
1771 4384 1990 4456 νεκροῖο
2039 4376 2102 4440 δὲ
2150 4376 2323 4453 δέξαι
2372 4375 2632 4456 ἄποινα,
