3150 5000
1199 335 1599 387 moneres.
2506 319 2597 390 ‘73

323 502 426 570 VI.
470 503 589 570 52:
634 503 886 577 τούτους
930 503 1338 584 ἀνδρωθέντας
1385 505 1691 576 αὐτούς
1740 529 1826 571 τε
1868 505 2338 589 ἀδελφεοὺς
2378 506 2593 580 ἐόντας

247 610 464 688 λέγουσι
522 609 847 692 διαφόρους
907 607 1061 676 εἶναι
1119 611 1224 676 τὸν
1289 610 1501 677 πάντα
1565 610 1799 695 χρόνον.
1886 611 2127 680 Melius
2190 613 2593 703 intelligam:

249 741 286 780 α
300 719 421 782 ὖτα
438 717 470 783 δ
485 741 514 782 ε
530 732 571 782 λ
588 721 644 800 Φ
661 742 691 782 ε
707 743 735 784 ο
754 719 788 784 ὺ
807 743 837 792 ς
899 717 1136 791 ἐόντας.
1205 717 1358 784 Dixi
1405 717 1482 783 de
1527 717 1636 803 huj
1645 719 1895 786 asmodi
1940 723 2313 807 compositis
2354 722 2581 787 Mnem.

249 822 376 889 XIX
417 821 571 890 251.

320 1051 484 1133 Quod
544 1052 790 1141 legitur
833 1051 921 1118 VI
967 1051 1092 1121 57:
1142 1053 1496 1134 πατρούχου
1545 1053 1840 1131 παρθένου
1863 1104 1882 1139 ,
1928 1055 2341 1121 credebamus
2397 1053 2597 1122 Oobe-

247 1163 362 1224 tum
418 1179 566 1226 vere
623 1158 994 1226 emendasse
1053 1161 1410 1241 παμούχου.
1499 1158 1743 1226 Tamen
1813 1181 1886 1227 ea
1933 1162 2211 1247 suspicio
2258 1167 2425 1227 stare
2470 1181 2597 1227 non

247 1269 450 1349 potest,
488 1270 829 1350 postquam
874 1268 941 1330 in
989 1263 1239 1332 Cretica
1283 1265 1705 1352 Inscriptione
1750 1288 1913 1353 quae
1954 1273 2099 1334 ante
2142 1288 2375 1353 paucos
2399 1289 2593 1336 annos

245 1367 539 1458 Gortynae
582 1377 767 1438 eruta
809 1372 968 1448 fuit,
1017 1374 1354 1438 inventum
1405 1377 1502 1438 est
1543 1372 1933 1460 adjectivum
1976 1379 2375 1456 πατρῳῶχος.
2423 1373 2600 1440 Velis

243 1477 380 1542 nolis
415 1477 881 1544 concedendum
921 1483 1016 1544 est
1066 1478 1370 1558 Roehlio‚
1423 1479 1593 1566 apud
1640 1500 1831 1565 quem
1884 1501 1959 1547 ea
2004 1481 2337 1568 inscriptio
2386 1480 2601 1548 475m

245 1589 325 1647 est
356 1585 514 1650 inter
549 1586 1030 1670 antiquissimas
1068 1605 1226 1671 quas
1263 1586 1500 1672 edidit,
1541 1584 1825 1652 Io'nicam
1857 1586 2128 1654 formam
2171 1591 2596 1670 πατρωιοῦχος

245 1687 539 1757 Herodoto
581 1690 966 1757 reddendam
1015 1712 1170 1758 esse.
1239 1691 1416 1758 Adeo
1461 1694 1528 1757 iu
1573 1713 1645 1758 re
1692 1694 1911 1759 critica
1958 1693 2218 1760 difficile
2255 1699 2355 1760 est
2376 1715 2597 1762 cavere

245 1817 312 1861 ne
349 1795 498 1863 falsa
539 1799 749 1882 specie
793 1796 1206 1884 decipiamur.

321 2041 637 2109 Demarati
682 2047 834 2110 sunt
877 2041 958 2110 ad
1004 2046 1277 2110 matrem
1326 2043 1518 2111 verba
1564 2042 1653 2109 vl
1699 2041 1830 2110 68:
1876 2042 1935 2108 εἴ
1977 2068 2090 2125 περ
2138 2042 2485 2121 πεποίηκας
2536 2067 2598 2110 τι

244 2153 348 2212 τῶν
403 2148 898 2232 λεγομένων,
960 2150 1027 2214 οὔ
1091 2147 1282 2228 μούνη
1345 2148 1416 2226 δὴ
1479 2149 1867 2230 πεποίηκας,
1928 2149 2101 2229 μετα
2164 2149 2441 2216 πολλέων
2510 2146 2597 2215 δέ.

243 2251 444 2341 ltaque
486 2260 744 2342 apparet
788 2254 1078 2322 laxatam
1125 2255 1412 2344 Lycurgi
1457 2254 1861 2344 disciplinam
1906 2255 2103 2322 fuisse
2121 2303 2139 2336 ,
2186 2276 2387 2342 quum
2428 2255 2599 2321 mul·

243 2365 330 2428 tae
391 2361 626 2430 nobiles
695 2367 1020 2428 matronae
1087 2361 1390 2430 adulterii
1460 2366 1647 2452 argui
1715 2368 1988 2448 possent.
2080 2361 2204 2429 Sed
2272 2367 2595 2448 praeterea

243 2467 478 2535 malim:
541 2467 599 2535 sl
654 2491 767 2548 περ
829 2468 1172 2545 πεποίηκας
1229 2493 1291 2535 τι
1337 2475 1454 2537 τῶν
1501 2473 1668 2549 wey
1688 2469 1943 2548 ομένω
1963 2492 2014 2535 ν.
2085 2468 2333 2555 Inspice
2378 2466 2595 2535 locum

244 2580 299 2640 et
335 2578 386 2642 si
427 2582 714 2643 accurate
753 2575 1120 2662 expenderis
1139 2623 1156 2654 ,
1200 2576 1449 2643 videbis
1487 2578 1914 2644 mutationem
1955 2576 2141 2663 plane
2180 2576 2598 2642 necessariam

243 2700 388 2757 esse,
444 2703 523 2749 ne
581 2680 824 2748 multas
883 2683 1080 2749 fuisse
1148 2680 1412 2770 Spartae
1487 2704 1598 2749 rex
1646 2682 1915 2768 dixerit,
1964 2703 2127 2768 quae
2172 2684 2241 2747 in
2288 2702 2363 2747 ea
2407 2680 2597 2748 domo

241 2790 628 2872 peperissent,
709 2790 777 2853 in
843 2807 970 2874 qua
1037 2808 1164 2855 non
1234 2791 1685 2875 concepissent.
1780 2787 2070 2855 Concedo
2139 2808 2265 2854 non
2335 2786 2594 2853 Liviam

243 2890 415 2959 solam
459 2895 578 2960 hoc
624 2893 878 2969 fecisse,
925 2893 1034 2959 sed
1080 2892 1323 2960 multos
1367 2915 1491 2960 non
1537 2895 1734 2961 fuisse
1780 2894 2051 2961 arbitror
2089 2900 2226 2960 tam
2270 2894 2483 2960 beatos
2521 2896 2600 2960 ut

242 2998 474 3076 τρίμηνα
536 2999 761 3066 παιδία
821 2998 1148 3066 habereut.
1232 2998 1328 3067 De
1391 3002 1474 3067 iis
1534 3021 1697 3087 quae
1758 3003 1984 3067 statim
2042 3020 2195 3086 sequ
2204 3005 2401 3066 untur
2446 3020 2599 3067 cum

243 3122 374 3171 cura
416 3108 520 3195 egi
571 3106 794 3171 Mum.
843 3100 940 3171 lv
984 3104 1096 3173 20.

317 3352 506 3417 Notus
549 3349 728 3417 locus
779 3355 876 3417 est
920 3348 1016 3416 VI
1067 3348 1234 3416 109:
1281 3357 1399 3417 τῶν
1437 3348 1550 3428 μὲν
1590 3354 1697 3417 οὐκ
1738 3351 1961 3417 ἐώντων
2000 3348 2401 3428 συμβαλεῖν,
2445 3354 2543 3414 τῶ
2564 3373 2594 3414 ν

239 3451 306 3517 δὲ
361 3456 460 3521 καὶ
507 3454 868 3522 Μιλτιάδεω
917 3454 1301 3523 κελευόντων.
1374 3456 1706 3523 Miltiades
1752 3460 1888 3543 ipse
1932 3457 2060 3522 fuit
2105 3456 2183 3521 de
2232 3460 2597 3541 praetorum

239 3578 508 3641 numero3
555 3564 708 3629 hinc
753 3560 956 3629 malo:
1009 3568 1154 3629 τῶν
1201 3562 1280 3628 δὲ
1328 3566 1400 3628 ἐν
1451 3562 1530 3629 δὲ
1577 3562 1711 3628 καὶ
1754 3560 2140 3629 Μιλτιάδεω.
2205 3559 2425 3627 Simili
2464 3580 2599 3627 cor-

241 3669 487 3734 rectione
547 3673 696 3735 utar
759 3667 878 3735 VII
937 3667 1041 3735 10.
1113 3668 1320 3736 Verba
1365 3673 1513 3734 sunt
1557 3670 1869 3735 Artabani
1915 3668 1993 3735 ad
2040 3666 2489 3734 Mardonium:
2542 3666 2596 3732 οἱ

239 3770 316 3835 σοὶ
359 3778 558 3840 ταῦτα
608 3773 1014 3860 πασχόντων,
1063 3776 1206 3843 σὺν
1249 3774 1316 3841 δέ
1361 3782 1479 3857 σφι
1529 3775 1634 3841 καὶ
1686 3774 1763 3841 σύ
1785 3826 1802 3861 ,
1852 3774 1921 3850 ἢν
1960 3772 2358 3859 inonachus.
2423 3770 2599 3841 Diei-

241 3879 334 3943 tur
371 3880 484 3948 hoc
528 3884 651 3948 nisi
701 3880 925 3968 fallor,
976 3882 1052 3948 έν
1101 3879 1167 3948 δέ
1213 3888 1330 3965 σφι
1377 3880 1482 3947 καὶ
1531 3881 1631 3950 σό.

315 4122 598 4195 Ridicula
661 4130 732 4195 in
789 4128 1008 4215 paucis
1069 4125 1476 4215 interpolatio
1520 4127 1681 4194 latet
1725 4124 1823 4193 vl
1871 4124 2039 4193 112:
2088 4128 2306 4206 πρῶτοι
2354 4123 2417 4189 δὲ
2458 4121 2597 4190 ἀνέ-

241 4252 438 4310 σχοντο
484 4232 716 4309 ἐσθῆτά
767 4234 916 4321 [τε]
966 4233 1246 4309 Μηδικὴν
1294 4232 1555 4315 ὁρέοντες
1602 4232 1767 4318 [καὶ
1816 4234 2005 4307 τοὺς
2056 4230 2358 4314 ἄνδρας
2405 4230 2596 4298 ταύ-

242 4356 360 4407 την
415 4338 950 4425 ἐσθημένουςῙ.
1020 4339 1147 4405 His
1192 4340 1419 4406 deletis
1462 4360 1657 4425 quam
1703 4344 1872 4406 recte
1920 4341 2218 4407 continuo
2269 4339 2592 4423 sequitur:

241 4438 370 4513 τέως
411 4442 472 4509 δὲ
517 4441 585 4519 ἦν
632 4454 788 4513 τοῖσι
841 4443 1113 4521 Ἕλλησι
1151 4445 1256 4511 καὶ
1298 4450 1369 4511 τὸ
1412 4445 1639 4525 οὕνομα
1682 4447 1750 4512 τὸ
1794 4442 2020 4523 Μήδων
2059 4444 2260 4531 Φόβος
2307 4444 2589 4511 ἀκοῦσαι.
