3150 5000
1202 290 1447 342 ronne
1491 290 1740 340 emm.
2577 264 2662 330 35

288 459 379 524 At
436 468 659 542 sceptro
722 457 943 525 Ulixes
998 465 1387 546 percusserat
1432 457 1766 524 Thersiten
1786 504 1802 533 ,
1845 476 2048 541 neque
2093 458 2352 541 apparet
2399 475 2512 520 cur
2560 454 2666 521 ad-

288 564 477 630 datur
522 565 645 631 ἒπΙ.
720 564 981 632 Locum.
1005 564 1417 651 depravatum
1470 586 1604 631 esse
1651 570 1827 650 puto.
1898 560 2154 629 Conieci

473 666 535 742 ὃς
587 676 695 736 σεῦ
744 672 928 751 θυμὸν
976 672 1200 757 ἔλυσα,
1252 671 1427 736 κατ’
1476 670 1742 735 οὔατα
1788 668 1948 751 χειρὶ
1995 669 2214 750 βαρείῃ
2257 668 2386 734 κτέ.

290 778 427 844 sive
473 780 681 843 mavis
727 780 903 859 παρ’
951 776 1231 857 οὔατι,
1282 777 1363 844 cl.
1412 799 1508 843 vs.
1550 776 1719 844 742:

1370 883 1548 966 ἄφαρ
1597 884 1661 949 δέ
1711 883 1737 949 ἑ
1783 882 2006 966 χειρὶ
2057 881 2404 964 κραταίμ

566 990 777 1073 τύψε
822 993 1039 1059 κατὰ
1083 992 1383 1072 γναθμοῖο
1429 991 1535 1057 καὶ
1584 990 1900 1064 οὔατος.

384 1206 449 1273 11
494 1204 627 1275 309

552 1310 663 1380 Ὠ
710 1314 917 1396 γέρον,
966 1316 1037 1383 οὔ
1082 1340 1184 1394 μοι
1234 1314 1389 1383 ἔοικε
1438 1318 1751 1383 καταντία
1800 1324 1928 1382 σεῖο
1972 1316 2335 1397 μάχεσθαι,

568 1421 997 1504 πρεσβυτέροιο
1042 1430 1356 1503 γεγῶτος,
1405 1424 1542 1490 έπεὶ
1590 1449 1684 1501 γε
1729 1425 1870 1502 μὲν
1919 1420 2098 1488 οἶδα
2145 1430 2372 1497 νοῆσαι.

386 1524 623 1593 Melius
668 1526 925 1614 Kochly
972 1528 1051 1594 de
1096 1532 1456 1595 coniectura
1501 1552 1616 1595 sua
1660 1532 1982 1616 rescripsit
2019 1531 2090 1606 γ’
2131 1555 2158 1593 ε
2179 1524 2214 1593 ὗ
2256 1553 2284 1593 ο
2302 1526 2377 1593 Ῑδ
2393 1552 2456 1592 α.
2487 1526 2678 1612 Equi-

296 1634 447 1700 dem
508 1642 724 1702 tamen
784 1637 995 1701 nescio
1051 1656 1132 1701 an
1177 1641 1363 1722 poeta
1407 1634 1677 1703 Homeri
1724 1646 1775 1702 K
1825 1634 1958 1704 24¹7
2006 1634 2372 1721 exemplum
2428 1638 2684 1700 secutus

298 1738 577 1807 dederit:

1484 1850 1616 1914 ἐπεὶ
1666 1874 1761 1914 πε
1780 1849 1892 1930 ρΙο
1912 1872 1929 1912 ι
1950 1848 1985 1913 δ
2002 1874 2045 1914 α
2093 1856 2322 1925 νοῆσαι.

390 2062 479 2131 IV
526 2064 657 2133 195
817 2066 959 2139 τοὺς
1006 2066 1063 2133 3⁹
1104 2071 1276 2149 Ἔρις
1324 2070 1675 2149 ὀτρύνεσκεν
1724 2071 1768 2135 ά
1785 2096 1821 2135 κ
1843 2070 1925 2151 ἥρ
1945 2095 1988 2135 α
2007 2094 2046 2135 τ
2062 2094 2090 2137 ο
2109 2096 2137 2143 ς
2190 2071 2319 2137 sav-3.

390 2172 535 2240 Nou
596 2176 910 2260 persuasit
960 2176 1127 2240 mihi
1172 2176 1428 2263 Kochly
1473 2197 1776 2263 reponens
1825 2178 1973 2250 έπή
1991 2203 2020 2255 ρ
2039 2200 2185 2242 ατο
2206 2202 2269 2256 ς,
2323 2182 2388 2242 et
2437 2182 2686 2262 praetu-

300 2279 490 2347 lerim
553 2280 923 2367 άκῆριος,
987 2284 1033 2348 i.
1079 2304 1133 2349 e.
1194 2282 1533 2362 ἀβλαβής,
1602 2303 1725 2369 quo
1786 2303 1973 2349 sensu
2035 2304 2158 2350 vox
2222 2287 2568 2367 usurpatur
2619 2285 2686 2347 in

300 2385 549 2561 hyffi}
607 2385 801 2453 Hom.
862 2390 929 2454 in
992 2387 1389 2456 Mercurium
1453 2410 1516 2456 v.
1566 2387 1698 2456 527
1765 2393 1831 2456 et
1894 2392 1962 2455 in
2009 2388 2315 2456 Nicandri
2363 2386 2692 2455 Theriac'is

306 2514 370 2560 v,
556 2540 574 2558 .

400 2693 489 2760 IV
523 2693 655 2760 424
701 2696 991 2764 Troilum
1039 2703 1107 2764 in
1153 2701 1359 2786 primo
1400 2703 1628 2767 aetatis
1663 2701 1815 2766 flore
1850 2699 2136 2766 Achilles
2175 2701 2359 2766 hasta
2395 2699 2688 2766 trucidat.

583 2805 660 2877 ὥς
708 2804 816 2891 (δ’)
864 2806 1027 2871 ὁπόθ’
1076 2806 1365 2885 ἑρσήεντα
1412 2805 1521 2872 καὶ
1567 2805 1914 2872 εὖθαλέοντ”
1961 2807 2084 2872 άνὰ
2131 2816 2320 2882 κῆπον

587 2911 841 2990 ὑδρηλῆς
889 2912 1178 2979 καπέτοιο
1224 2913 1385 2990 μάλ’
1432 2913 1666 2995 άγχόθι
1716 2912 2098 2990 τηλεθάοντα

506 3053 513 3062 ·
586 3017 623 3093 ἢ
671 3004 920 3101 στάχυν
966 3019 1001 3095 ἦ
1050 3023 1340 3105 μήκωνα,
1388 3021 1642 3101 πάρος
1691 3029 2030 3101 καρποῖο
2079 3027 2482 3100 τυχῆσαι,

586 3123 766 3206 κέρσῳ
811 3149 903 3198 τις
953 3126 1225 3206 δρεπάνῳ
1272 3127 1575 3204 νεοθνγέι,
1626 3127 1769 3204 μηδ’
1817 3125 1912 3207 ἄρ’
1964 3125 2116 3206 ἐάσῃ

408 3227 541 3295 429
589 3231 649 3303 ἔς
695 3231 869 3301 τέλος
920 3232 1031 3309 ἡδὺ
1080 3240 1329 3313 μολεῖν,
1376 3232 1522 3309 μηδ’
1570 3234 1632 3306 ἐς
1681 3239 1893 3313 σπόρον
1945 3231 2197 3298 άλλον
2245 3231 2514 3311 ἱκέσθαι,

588 3337 844 3417 άμῆσας
894 3339 1095 3406 κενεόν
1142 3363 1214 3405 τε
1260 3340 1363 3404 καὶ
1418 3335 1766 3420 άσπορον
1816 3337 2019 3405 αἴθοπι
2067 3341 2330 3424 χαλκῷ,

590 3443 877 3521 μέλλονθ’
926 3445 1233 3526 ἐρσῆεντος
1281 3446 1383 3512 ὑπ’
1428 3444 1626 3526 εἵαρος
1671 3446 2091 3510 άλδαίνεσθαι.

317 3549 394 3618 In
453 3549 883 3635 pulcherrima
942 3555 1413 3638 comparatione
1463 3589 1545 3602 -
1595 3555 1662 3618 in
1727 3570 1852 3637 quo
1915 3571 2147 3640 genere
2193 3570 2378 3635 saepe
2423 3548 2702 3625 Quintus

318 3656 495 3723 haud
539 3656 925 3743 spernendus
971 3665 1067 3723 est
1112 3657 1338 3725 artifex
1367 3697 1447 3708 —
1476 3659 1802 3724 offensioni
1842 3663 1938 3722 est
1973 3660 2143 3723 iners
2190 3656 2364 3722 istud
2391 3659 2455 3722 et
2477 3657 2702 3724 obscu-

320 3783 467 3829 rum
514 3762 707 3830 ἄλλον
752 3784 845 3830 vs.
898 3762 1049 3828 429.
1101 3764 1271 3844 Quid
1314 3763 1591 3830 voluerit
1636 3770 1820 3849 poeta
1865 3766 2020 3828 satis
2065 3760 2454 3851 significavit
2492 3763 2701 3829 verbis

322 3869 514 3951 πάρος
564 3878 814 3951 καρποῖο
860 3879 1135 3952 τυχῆσαι
1187 3877 1251 3938 et
1295 3873 1493 3937 etiam
1541 3870 1774 3936 clarius
1821 3872 2227 3955 sequentibus
2277 3869 2474 3934 κενεόν
2499 3893 2572 3934 τε
2597 3869 2702 3934 καὶ

326 3975 605 4058 ἄσπορον.
675 3975 840 4060 Cum
886 3985 1101 4043 autem
1147 3977 1320 4043 haud
1366 3997 1505 4044 raro
1552 3977 1752 4043 soleat
1798 3979 1864 4041 in
1912 3979 2253 4062 posteriore
2299 3976 2704 4042 hemistichio

327 4083 473 4151 aliis
519 4083 845 4152 vocabulis
890 4085 1344 4172 cogitationem
1392 4086 1588 4170 priori
1633 4083 1914 4150 similem
1963 4081 2287 4148 includere
2304 4132 2322 4166 ,
2363 4087 2427 4147 et
2468 4082 2528 4152 ἐς
2553 4079 2704 4146 σπό-

326 4214 417 4273 ρον
478 4192 585 4258 hic
645 4191 1016 4277 respondeat
1074 4210 1439 4278 praegresso
1500 4191 1559 4262 ἐς
1624 4188 1796 4262 τέλος
1817 4237 1834 4268 ,
1885 4188 2150 4254 verbum
2199 4195 2417 4253 autem
2473 4187 2706 4252 ἱκέσθαι

330 4297 725 4384 praecedenti
771 4305 985 4373 μολεῖν
1005 4347 1023 4372 ,
1062 4303 1431 4384 expectatur
1469 4316 1584 4382 pro
1624 4293 1819 4361 ἄλλον
1861 4293 2244 4362 vocabulum
2269 4293 2434 4379 quod
2459 4314 2708 4380 respon-

314 4405 479 4472 deat
521 4423 889 4493 praegresso
934 4402 1066 4480 ἡδύ.
1138 4401 1477 4489 Propterea
1523 4404 1763 4468 conieci
