3150 5000
539 273 673 342 2¹72
1397 293 1673 345 mnus
1717 295 2057 346 sosarnus.

537 458 691 525 audi
753 458 976 525 modo:
1041 458 1328 526 Herodes
1392 460 1695 527 Ἰουδαίων
1758 463 2051 538 οὐδεμίαν
2112 461 2293 526 πόλιν
2339 460 2470 526 οὐδὲ
2517 461 2735 537 ὀλίγης
2784 461 2909 524 ε’πι-

537 573 758 640 σκευῆς
819 563 1071 642 ἠξίωσεν
1136 567 1268 632 οὐδὲ
1332 567 1549 641 δόσεως
1616 568 1803 645 ἀξίας
1869 569 2369 645 μνημονευθῆναι.
2458 567 2602 633 Hoc
2664 569 2719 632 si
2786 568 2911 651 ipse

537 670 929 758 excogitavit
987 671 1338 757 Josephus,
1404 673 1695 739 adulator
1756 679 1853 739 est
1912 695 2027 738 nec
2091 680 2276 739 curat
2328 673 2481 757 quid
2530 693 2753 737 verum
2800 674 2906 740 sitz

537 780 594 842 si
636 779 884 843 invenit
930 778 1098 864 apud
1148 777 1346 844 alium
1399 778 1797 844 adulatorem
1818 826 1835 856 ,
1878 799 2039 863 quae
2086 785 2177 844 est
2227 783 2354 844 ista
2398 778 2914 844 inconsiderantia

538 889 603 949 et
666 881 943 949 oblivio!
1029 883 1090 950 N
1097 905 1218 949 unc
1282 885 1579 950 videmus
1640 886 1794 970 quid
1856 885 2224 951 Palaestina
2268 885 2541 950 mendax
2588 881 2913 967 aliquando

537 987 605 1049 in
653 988 918 1055 historia
965 1010 1118 1055 ausa
1163 991 1270 1055 sit.

629 1094 883 1180 Ubique
944 1094 984 1160 J
986 1096 1258 1181 osephus
1317 1095 1635 1184 gloriatur
1696 1097 1774 1162 de
1834 1099 2070 1163 eximio
2129 1097 2423 1164 veritatis
2464 1094 2713 1178 studio,
2760 1091 2915 1178 quod

536 1201 750 1286 ipsum
816 1201 895 1265 ad
963 1201 1370 1267 scribendum
1440 1202 1727 1289 impulit.
1822 1203 2137 1289 Equidem
2208 1201 2374 1268 illud
2444 1201 2735 1290 studium
2802 1219 2915 1263 non

539 1327 810 1394 agnosco
855 1311 929 1372 -et
990 1313 1327 1393 postquam
1377 1311 1649 1394 scriptor
1696 1315 1983 1394 tempora
2029 1309 2251 1396 attigit
2271 1355 2287 1386 ,
2336 1328 2497 1392 quae
2544 1307 2711 1373 vidit
2754 1307 2915 1390 ipse,

539 1417 677 1476 tam
736 1411 1138 1499 negligenter
1202 1420 1266 1479 et
1330 1414 1589 1479 confuse
1658 1415 1919 1499 scribit,
1990 1419 2065 1478 ut
2131 1413 2505 1480 incredibile
2574 1412 2662 1477 sit
2729 1411 2916 1476 dictu.

538 1516 760 1606 Longa
801 1526 897 1584 est
945 1519 1284 1605 descriptio
1334 1520 1600 1605 templi,
1651 1521 1817 1606 quod
1858 1520 2145 1586 Herodes
2184 1521 2536 1595 exstruxit3
2578 1519 2687 1584 sed
2714 1519 2915 1584 omnia

539 1628 674 1689 tam
740 1623 1036 1710 perplexe
1101 1632 1539 1710 exponuntur,
1589 1632 1664 1691 ut
1709 1629 1835 1692 viri
1882 1627 2053 1692 docti
2100 1627 2271 1713 aedis
2318 1626 2591 1692 formam
2641 1623 2911 1690 noudum

540 1731 695 1796 satis
754 1731 1166 1816 probabiliter
1226 1735 1578 1798 instaurare
1642 1735 1987 1818 potuerint.
2066 1733 2161 1798 De
2206 1733 2495 1818 partibus
2541 1732 2777 1816 quibus
2818 1731 2915 1795 ob·

540 1857 708 1902 sessa
771 1837 922 1901 urbs
986 1836 1460 1903 distrahebatur
1481 1886 1497 1917 ,
1559 1839 1775 1904 omnia
1824 1838 1997 1904 fluxa
2045 1846 2108 1904 et
2152 1841 2429 1914 incerta3
2478 1843 2811 1922 tamquam
2854 1836 2912 1898 in

539 1945 788 2008 somnio
853 1941 1103 2008 oblatae
1166 1945 1486 2031 imagines
1550 1943 1825 2009 volitant
1869 1965 1984 2009 nec
2030 1943 2377 2029 quidquam
2428 1948 2527 2008 est
2574 1943 2747 2028 quod
2790 1961 2915 2026 pre·

539 2047 813 2113 bendere
877 2053 944 2112 et
1002 2052 1316 2114 memoria
1379 2048 1651 2114 firmiter
1710 2052 1981 2115 retinere
2028 2053 2248 2136 possis.
2336 2048 2409 2114 Si
2461 2050 2716 2134 quaeris
2762 2045 2913 2132 quod

541 2153 800 2217 tandem
850 2173 1054 2239 genus
1101 2155 1434 2219 hominum
1491 2153 1745 2220 Zelotae
1793 2155 2065 2233 fuerint,
2112 2155 2295 2220 lectis
2342 2159 2585 2239 septem
2628 2153 2811 2218 libris
2846 2151 2915 2216 de

540 2257 722 2324 Bello
780 2257 1048 2324 Judaico
1111 2259 1281 2325 haud
1343 2259 1553 2326 multo
1616 2261 1863 2350 doctior.
1906 2260 2187 2326 discedes
2233 2281 2427 2346 quam
2474 2266 2661 2325 antea
2709 2259 2911 2324 fueris.

541 2362 754 2428 Etiam
821 2363 1292 2452 chronologiam
1355 2388 1582 2451 parum
1649 2373 1831 2431 curat
1890 2387 2093 2452 neque
2162 2387 2471 2458 umquam
2541 2366 2913 2452 quaesivisse

538 2468 794 2536 videtur
839 2490 964 2556 quo
1011 2491 1172 2539 anno
1215 2472 1500 2539 Herodes
1537 2473 1820 2560 Magnus
1858 2480 2047 2538 natus
2090 2477 2210 2550 sit,
2248 2495 2363 2539 nec
2404 2474 2721 2560 corrigam
2762 2468 2914 2556 quod

536 2577 864 2641 invenitur
907 2566 1120 2664 Antiq.
1178 2579 1280 2643 14.
1335 2578 1396 2644 9.
1447 2580 1525 2658 2,
1577 2600 1741 2645 anno
1790 2579 1874 2646 4¹7
1924 2586 2069 2645 ante
2110 2585 2365 2664 partum
2409 2581 2684 2665 virginis
2728 2577 2915 2642 Hero-

541 2680 688 2747 dem
733 2687 961 2749 uatum
1007 2685 1200 2751 fuisse
1247 2706 1440 2751 annos
1493 2684 1575 2749 15
1600 2735 1618 2769 ,
1666 2707 1815 2749 nam
1864 2706 1989 2751 non
2038 2693 2133 2750 est
2178 2688 2234 2751 is
2280 2686 2688 2751 librariorum
2728 2702 2911 2755 error,

539 2788 649 2854 sed
709 2791 912 2874 ipsius
973 2789 1232 2876 Josephi
1285 2790 1682 2879 negligentia
1728 2790 1833 2858 vel
1879 2791 2127 2858 Nicolai
2177 2792 2579 2857 mendacium
2602 2840 2620 2875 ,
2666 2797 2745 2855 ut
2792 2788 2913 2873 regi

541 2894 944 2973 adularetur,
991 2918 1180 2981 quem
1228 2900 1529 2964 novimus
1577 2903 1850 2964 aetatem
1904 2918 2086 2963 suam
2135 2896 2535 2963 dissimulare
2581 2896 2873 2963 voluisse.

636 3000 1069 3087 Suspicionem
1139 3004 1365 3069 addere
1423 3004 1644 3081 lubet,
1708 3005 1785 3069 de
1840 3025 1963 3089 qua
2006 3004 2269 3070 fortasse
2316 3002 2655 3088 aliquando
2706 3018 2915 3087 operas

542 3109 824 3193 pretium
871 3111 991 3173 erit
1040 3113 1396 3175 accuratius
1443 3131 1741 3194 quaerere
1790 3111 1943 3195 quid
1992 3108 2373 3176 censendum
2422 3112 2527 3173 sit.
2596 3109 2914 3174 Nimirum

543 3214 658 3278 ubi
718 3211 755 3277 J
759 3213 1031 3299 osephus
1096 3236 1196 3280 res
1256 3215 1692 3281 Romanorum
1756 3219 2117 3301 principum
2172 3218 2607 3300 persequitur,
2655 3214 2911 3280 eundem

545 3321 914 3403 scriptorem
963 3340 1110 3385 eum
1161 3324 1338 3405 sequi
1386 3322 1655 3387 dixerim
1680 3369 1696 3399 ,
1745 3342 1935 3407 quem
1984 3321 2245 3387 Tacitus
2283 3324 2349 3385 in
2394 3342 2467 3385 ea
2506 3327 2685 3405 parte
2726 3320 2917 3405 operis

545 3430 798 3491 secutus
844 3432 956 3490 est.
1029 3426 1247 3492 Nobili
1295 3427 1502 3493 Taciti
1548 3427 1686 3494 loco
1710 3476 1725 3503 ,
1771 3449 1961 3512 quem
2002 3427 2351 3493 describere
2390 3442 2913 3513 supervacaneum

545 3536 676 3615 est,
737 3531 966 3597 collato
1030 3554 1178 3597 cum
1243 3533 1504 3618 Josephi
1564 3533 1775 3599 verbis
1836 3534 2055 3618 Antiq.
2124 3532 2228 3597 20.
2296 3531 2359 3597 8.
2428 3530 2499 3597 3:
2552 3531 2767 3596 πολλοὶ
2814 3527 2915 3605 μὲν

546 3640 656 3712 τὴν
719 3640 848 3717 περὶ
915 3638 1164 3718 Νέρωνα
1227 3640 1689 3719 συντετάχασιν
1756 3639 2021 3724 ἱςορίαν,
2086 3635 2159 3702 ὧν
2218 3638 2268 3703 οἱ
2315 3638 2429 3713 μὲν
2476 3639 2581 3703 διὰ
2628 3637 2810 3718 χάριν
2856 3626 2915 3697 εὖ

547 3745 912 3816 πεπονθότες
977 3747 1083 3810 ὑπ’
1153 3747 1342 3810 αὐτοῦ
1405 3755 1516 3820 τῆς
1578 3747 1873 3819 ἀληθείαις
1940 3744 2300 3827 ἠμέλησαν,
2368 3746 2419 3809 οἱ
2486 3744 2549 3807 δὲ
2603 3745 2705 3809 διὰ
2748 3750 2913 3819 μῖσος

548 3850 653 3915 καὶ
715 3854 824 3923 τὴν
886 3852 1028 3929 πρὸς
1097 3854 1282 3916 αὐτὸν
1344 3851 1693 3933 ἀπέχθειαν
1756 3850 1942 3925 οὕτως
1994 3852 2251 3922 ἀναιδῶς
2301 3848 2757 3931 ἐνεπαρῴνησαν
2798 3854 2913 3917 τοῖς

547 3955 939 4035 ψεύσμασιν,
1005 3961 1080 4029 ὦς
1143 3958 1347 4035 ὥξίους
1413 3958 1638 4029 αὐτοὺς
1708 3954 1862 4023 εἶναι
1926 3957 2413 4035 καταγνώσεως,
2468 3955 2915 4041 propemodum

545 4064 894 4127 necessario
955 4063 1034 4127 ad
1097 4084 1234 4127 eam
1303 4066 1719 4148 suspicionem
1790 4064 2061 4129 delabor.
2148 4062 2217 4128 Si
2285 4064 2551 4128 historia
2598 4057 2919 4147 Caligulae

550 4167 717 4252 apud
778 4166 1072 4233 Tacitum
1139 4176 1523 4254 superesset,
1592 4169 1889 4234 fidentius
1938 4171 2201 4235 fortasse
2248 4168 2489 4252 aliquid
2537 4168 2615 4233 de
2664 4189 2739 4234 ea
2780 4184 2917 4231 cou-

536 4276 786 4359 jectura
849 4278 1260 4358 pronunciare
1323 4296 1610 4361 possem3
1670 4296 1837 4339 nunc
1904 4274 2049 4341 aliis
2110 4296 2245 4340 rem
2306 4274 2595 4359 relinquo
2662 4272 2917 4339 ulterius

548 4381 1082 4468 investigandam.
1408 4367 1413 4371 ⁵
