3150 5000
1289 186 1524 238 comm.
1884 227 1893 238 .
2240 268 2248 276 .
2469 161 2603 233 183

325 355 494 424 Idem
543 357 620 423 fr.
669 355 756 424 35

1425 463 1530 529 καὶ
1579 469 1706 535 πῶς
1754 462 1945 542 γυνή,

765 567 962 651 ὥσπερ
1008 568 1338 652 θοίλαττα,
1385 577 1557 643 νῆσον
1608 569 2062 648 ἀμφιέννυταιξ

234 675 401 744 Male
479 676 786 762 quadrare
863 679 1400 763 comparationem
1474 677 1931 741 animadvertit
1998 674 2213 759 Kock,
2274 675 2599 760 ‚siquidem

235 801 400 847 mare
459 781 735 847 insulam
791 785 1044 870 cing-at,
1094 803 1216 846 non
1265 785 1562 868 cingatur
1610 781 1838 846 insula.
1888 780 2031 846 Non
2076 787 2289 846 tamen
2336 779 2599 860 melior,

233 888 362 952 imo
406 887 679 952 deterior
724 895 819 953 est
865 891 1040 954 iocus
1085 909 1185 974 ap.
1236 887 1559 972 Aristoph.
1612 889 1732 952 Av.
1781 885 1909 952 291
1963 907 2097 973 sqq.

413 1003 489 1060 n.
526 993 717 1059 ἀλλὰ
764 993 971 1071 μέντοι
1018 995 1111 1066 τίς
1159 991 1294 1059 ποθ’
1345 996 1379 1068 ἧ
1429 995 1789 1074 λόφωσις
1839 995 1873 1068 ἦ
1922 1001 2040 1060 τῶν
2086 991 2327 1074 όρνέων;

541 1097 578 1174 ἦ
627 1099 718 1164 ’τὶ
766 1099 871 1165 τὸν
915 1100 1158 1166 δίαυλον
1205 1097 1412 1176 ἦλθονς
1465 1108 1538 1166 Ε.
1586 1096 1787 1180 ὥσπερ
1831 1100 1895 1190 οἱ,
1930 1104 2125 1178 Κᾶρες
2174 1101 2289 1178 μὲν
2333 1097 2431 1166 οὖν

543 1207 671 1270 ἐπὶ
721 1206 986 1286 λόφων
1031 1208 1429 1285 οἰκοῦσιν,
1478 1203 1695 1290 ὦγάθ’,
1746 1207 2111 1288 ἀσφαλείας
2160 1203 2383 1274 εἵνεκα.

229 1307 353 1374 Ubi
401 1309 547 1377 vide
593 1331 798 1378 annon
845 1315 1148 1398 primitus
1193 1314 1504 1398 scriptum
1554 1312 1751 1378 fuerit

497 1417 680 1488 τοὺς
731 1418 1032 1497 λόφους
1081 1416 1446 1499 ἔχουσιν,
1501 1413 1717 1495 ὦγάθ’,
1768 1419 2131 1498 ἀσφαλείας
2179 1416 2382 1486 εἵνεκα

229 1525 302 1586 nt
345 1520 606 1588 ludatur
645 1525 713 1587 in
750 1524 1176 1612 ambiguitate
1214 1523 1552 1590 locutionis
1588 1523 1815 1605 λόφους
1859 1522 2065 1610 ἔχειν,
2104 1532 2169 1592 et
2208 1528 2375 1612 quod
2414 1527 2607 1595 hodie

227 1625 468 1715 legitur
509 1631 596 1694 sit
639 1631 778 1696 eins
823 1634 1172 1717 scripturae
1217 1633 1881 1716 interpretamentum.

319 1845 734 1913 Amsrornon
749 1893 766 1926 ,
814 1847 891 1912 fr.
941 1847 982 1912 9
1792 1847 1859 1913 τί
1903 1847 2150 1915 πώποτε

590 1952 738 2034 πρὸς
782 1957 900 2018 τῶν
948 1953 1086 2018 θεῶν
1132 1952 1422 2031 οίόμεθας
1470 1952 1611 2024 τοὺς
1657 1951 1921 2019 πάλαι
1968 1955 2198 2040 ποτέ,

589 2057 730 2130 τοὺς
777 2059 1245 2140 Πυθαγοριστὰς
1294 2059 1663 2138 λεγομένους
1712 2055 1895 2134 οὕτως
1945 2063 2144 2144 ῥυπᾶν

595 2163 881 2249 ἑκόντας,
931 2165 964 2241 ἢ
1015 2173 1223 2247 φορεῖν
1270 2165 1573 2246 τρίβωνας
1623 2165 1837 2246 ἧδέωςς
2135 2165 2141 2170 ’

236 2269 338 2336 Sic
385 2272 594 2338 scribo
638 2292 784 2337 cum
835 2271 1082 2338 Kockio
1101 2320 1117 2352 ‚
1166 2293 1290 2338 non
1332 2279 1546 2338 tamen
1584 2273 1857 2339 admissa
1896 2277 2035 2340 eius
2072 2275 2430 2342 coniectura
2466 2275 2609 2350 τοὺς

234 2376 790 2456 ὑδατοπότας,
855 2380 1008 2462 quia
1068 2380 1138 2444 τὸ
1199 2377 1599 2444 ὑδατοποτεῖν
1654 2398 1778 2444 non
1826 2378 2011 2445 aliter
2056 2401 2247 2465 quam
2292 2381 2364 2445 τὸ
2412 2385 2608 2464 ῥυπᾶν

229 2489 292 2549 et
337 2485 406 2550 τὸ
455 2491 664 2569 φορεῖν
710 2483 1015 2563 τρίβωνας
1060 2487 1435 2551 necessitate
1473 2506 1840 2571 expressum
1880 2488 1943 2552 ei
1980 2488 2091 2571 qui
2132 2487 2287 2555 haec
2324 2487 2609 2574 loquitur

227 2592 431 2662 videri
501 2599 780 2677 poterat,
843 2594 1059 2676 itaque
1119 2594 1334 2657 minus
1394 2601 1574 2677 apte,
1632 2599 1708 2657 ut
1766 2592 1929 2657 mihi
1991 2594 2249 2678 quidem
2314 2595 2607 2674 videtur,

229 2706 566 2783 poneretur
627 2698 708 2765 ab
763 2699 986 2773 initio,
1034 2718 1160 2783 quo
1204 2704 1416 2763 totum
1463 2696 2064 2784 Pythagoristarum
2112 2721 2315 2787 genus
2360 2700 2609 2789 signifi-

230 2810 499 2870 caretur.
559 2803 644 2869 Et
703 2807 915 2889 aptius
976 2810 1042 2869 et
1086 2802 1294 2868 lenius
1339 2804 1514 2889 (nam
1564 2804 1717 2869 ποτέ
1763 2802 2009 2871 librarii
2056 2825 2263 2872 errore
2308 2826 2385 2872 ex
2432 2826 2609 2892 prae-

229 2914 428 2997 gressi
476 2909 774 2976 vereiculi
823 2908 944 2977 fine
989 2912 1334 2997 repetitum
1383 2910 1665 2996 videtur)
1703 2911 2049 2989 scribatur,
2090 2914 2159 2977 ni
2198 2910 2418 2991 fallor,
2466 2911 2607 2985 τοὺς

230 3016 874 3098 ταλαν<τάτους>.
911 3068 920 3077 .

319 3219 500 3289 Idem
549 3220 620 3287 fr.
680 3219 784 3295 13,
835 3219 910 3285 9:

685 3328 939 3408 φθεῖρας
992 3326 1056 3392 δὲ
1105 3324 1208 3391 καὶ
1260 3325 1528 3406 τρίβωνα
1575 3327 1687 3403 τήν
1732 3332 1790 3390 τ’
1841 3326 2139 3393 ἀλουσίαν

683 3434 872 3505 οὐδεὶς
921 3432 998 3499 ἂν
1045 3433 1386 3508 ὑπομείνειε
1437 3439 1553 3497 τῶν
1602 3434 2019 3515 νεωτέρων.

229 3536 545 3627 Equidem
589 3538 872 3605 multum
920 3540 1145 3605 dubito
1183 3542 1322 3605 iure
1358 3559 1396 3603 a
1433 3540 1673 3604 criticis
1708 3539 2037 3605 sollicitari
2074 3540 2383 3620 νεωτέρων.
2438 3541 2606 3608 Nam

231 3646 482 3713 collatis
541 3645 644 3712 his
704 3645 858 3713 locis
921 3644 1187 3731 Antiph.
1237 3644 1328 3709 III
1379 3643 1526 3721 110,
1582 3643 1665 3709 10
1710 3646 1861 3732 (Μ.)
1907 3647 2169 3711 καλοῦσί
2215 3652 2284 3724 μ’
2333 3648 2398 3713 οἱ
2445 3648 2609 3713 νεώ-

231 3776 315 3817 τε
332 3776 446 3833 ροι
500 3788 584 3803 --
635 3752 940 3828 σκηπτόν,
997 3750 1250 3817 Alexid.
1303 3748 1396 3815 Ill
1446 3749 1601 3828 467,
1654 3750 1685 3815 l
1738 3757 1995 3817 καλοῦσι
2046 3751 2095 3816 δ’
2141 3751 2328 3817 αὐτὸν
2374 3752 2608 3826 πάντες

233 3858 282 3921 οἱ
332 3855 701 3935 νεώτεροι
749 3858 1086 3937 παράσιτον
1129 3856 1544 3935 ὑποκόρισμα·
1587 3858 1670 3936 τῷ
1713 3856 1765 3921 δ’
1802 3859 1964 3921 οὐδὲν
2006 3857 2219 3936 μέλει,
2250 3858 2606 3925 Anaxandr.

231 3962 326 4029 III
368 3965 497 4031 175
537 3964 637 4029 ἐπὶ
678 3965 818 4029 τίνα
865 3962 919 4028 δ’
963 3959 1064 4029 ὧδ’
1107 3962 1310 4037 ἄλλην
1349 3964 1574 4042 τέχνην
1610 4000 1688 4013 --
1716 3965 1801 4028 τοὶ
1821 3964 2117 4045 στόματα
2155 3970 2301 4029 τῶν
2340 3964 2609 4031 νεωτέ·

233 4092 370 4149 ρων
434 4072 833 4144 κατακάει-ες
899 4068 1212 4135 Xenarch.
1279 4067 1370 4133 III
1435 4069 1566 4135 617
1633 4068 1799 4135 δεινὰ
1846 4071 1992 4136 κούκ
2038 4072 2374 4153 ἀνασχετὰ
2423 4071 2484 4136 ἒν
2528 4079 2608 4150 τῇ

235 4175 411 4241 πόλει
485 4176 856 4259 πράττουσιν
922 4177 990 4242 οἱ
1063 4178 1426 4254 νεώτεροι
1491 4177 1702 4240 nescio
1760 4195 1835 4240 an
1901 4176 2312 4261 probabiliter
2374 4175 2608 4242 efficias

235 4300 459 4363 novae,
498 4282 858 4351 comoediae
919 4281 1312 4368 temporibus
1370 4282 1466 4347 ita
1525 4283 1900 4366 praesertim
1963 4282 2283 4349 audivisse
2348 4284 2610 4351 iuvenes
