3150 5000
579 301 710 367 316
1549 323 1811 372 cassius
1854 321 1983 372 mo.

669 484 794 549 Sed
831 487 1042 550 nescio
1079 487 1397 570 quomodo
1429 486 1647 572 paullo
1670 487 1927 575 long-ins
1952 508 1990 552 a
2013 488 2333 572 proposito
2357 486 2711 573 digressus,
2740 502 2947 550 vereor

572 610 654 656 ne
706 593 813 656 cui
856 590 1080 657 Dionis
1125 591 1498 658 defendendi
1543 615 1780 659 munus
1824 594 2171 679 suscepisse
2217 593 2458 660 videar.
2526 591 2835 658 Revertor
2874 590 2946 656 ad

574 696 644 761 id
705 696 872 780 quod
933 697 1104 774 dixi,
1167 698 1476 764 editiones
1519 700 1753 784 quibus
1802 699 2007 764 adhuc
2052 699 2317 783 optimis
2362 699 2647 780 utimur,
2694 715 2821 762 non
2863 697 2947 761 ita

577 822 711 867 esse
755 809 1150 888 comparatas
1167 850 1185 881 ,
1237 809 1310 869 ut
1354 803 1520 868 nihil
1567 801 1847 889 amplius
1892 803 2213 891 agendum
2256 806 2553 890 supersit.
2614 801 2801 870 Valet
2838 802 2946 867 hoc

573 910 894 993 imprimis
957 909 1034 973 de
1082 908 1264 974 libris
1310 909 1657 994 deperditis
1672 957 1691 987 ‚
1742 930 2014 995 quorum
2033 957 2050 985 ,
2098 914 2348 994 praeter
2392 908 2714 994 Xiphilini
2760 909 2944 992 epito-

573 1033 722 1079 men
743 1059 760 1092 ,
809 1012 1014 1079 lacera
1060 1019 1314 1079 tantum
1361 1015 1723 1102 fragmenta
1768 1019 2109 1100 supersunt
2152 1017 2219 1090 in
2265 1014 2598 1100 Excerptis
2646 1011 2941 1080 Constan-

575 1121 697 1184 tini
744 1119 1333 1206 porphyrogenneti
1379 1119 1798 1186 Peirescianis
1844 1121 1981 1188 sive
2027 1119 2381 1186 Valesianis
2426 1121 2501 1184 de
2540 1119 2861 1184 virtutibus
2896 1125 2943 1180 et

577 1225 742 1288 viciis
759 1272 774 1301 ‚
835 1230 902 1290 et
962 1225 1292 1290 Vaticanis
1339 1226 1443 1311 (ex
1491 1227 1708 1293 codice
1752 1226 2166 1312 palimpsesto
2218 1225 2331 1312 ¹73)
2376 1228 2453 1290 de
2496 1225 2847 1306 sententiis,
2890 1228 2945 1287 et

574 1328 934 1396 Ursinianis
985 1327 1069 1394 'de
1113 1331 1508 1412 leqationibu
1525 1378 1544 1408 ,
1594 1337 1661 1397 et
1706 1333 1773 1396 in
1821 1331 2167 1419 Florilegio
2210 1331 2517 1397 Vaticano
2534 1376 2553 1409 ‚
2602 1330 2771 1415 quod
2816 1348 2943 1412 rep-

573 1439 741 1520 perit
779 1435 996 1502 Maius
1022 1435 1074 1516 1)
1092 1485 1109 1516 ‚
1151 1441 1386 1522 passim
1427 1441 1699 1523 denique
1738 1439 1904 1524 apud
1930 1439 2417 1526 grammaticen,
2441 1435 2941 1525 lexicographos,

574 1544 642 1608 id
704 1564 908 1630 genus
969 1545 1304 1629 scriptores
1323 1594 1341 1628 ,
1397 1564 1560 1629 quae
1608 1545 1804 1610 etiam
1852 1565 2020 1610 nunc
2066 1542 2353 1610 multum
2388 1545 2613 1620 abest,
2664 1545 2821 1628 quin
2863 1545 2943 1605 ita

575 1651 704 1714 sint
749 1649 1036 1715 ordinata
1081 1656 1145 1715 et
1189 1652 1359 1716 inter
1405 1671 1472 1716 se
1517 1653 1884 1727 coniuncta,
1934 1658 2009 1716 ut
2056 1670 2170 1716 suo
2216 1670 2501 1736 quaeque
2547 1648 2687 1714 loco
2736 1649 2943 1735 legan-

575 1759 700 1818 tur.
773 1754 1020 1820 Verum
1086 1755 1162 1820 de
1223 1756 1323 1821 his
1388 1758 1701 1842 excerptis
1756 1777 1937 1842 spero
1981 1756 2115 1822 fore
2160 1763 2235 1820 ut
2282 1757 2447 1821 mihi
2492 1753 2661 1820 alius
2705 1752 2941 1820 dicendi

573 1859 752 1925 locus
797 1859 1012 1925 detur:
1066 1881 1236 1926 nunc
1281 1881 1472 1949 egam
1519 1863 1599 1927 de
1636 1862 1959 1928 codicibus
1997 1862 2232 1946 quibus
2269 1860 2421 1926 libri
2454 1859 2679 1926 Dionis
2720 1858 2939 1944 integri

575 1969 995 2032 continentur.
1065 1965 1352 2046 Quorum
1414 1968 1528 2032 ubi
1588 1970 1883 2054 cognatio
1942 1969 2097 2034 satis
2142 1966 2469 2052 explorata
2512 1968 2635 2031 erit
2652 2012 2671 2043 ,
2720 1971 2789 2030 et
2832 1981 2940 2047 quo

576 2073 844 2156 quisque
901 2072 1040 2137 loco
1101 2092 1173 2137 ac
1226 2074 1430 2157 pretio
1499 2074 1591 2138 sit
1657 2072 1984 2138 habendus
2048 2077 2337 2139 accurate
2398 2069 2731 2138 definitum
2752 2121 2769 2147 ,
2812 2075 2938 2134 tum

653 2292 701 2358 1)
747 2293 820 2340 De
862 2291 1048 2356 sylloge
1089 2291 1362 2350 Planndea,
1407 2307 1528 2356 quae
1561 2291 1803 2357 xiphilini
1835 2294 1885 2341 et
1920 2292 2113 2342 Ioannis
2144 2291 2432 2342 Antiocheni
2462 2293 2686 2356 excerpta
2715 2287 2937 2342 continet,

575 2372 746 2439 quibus
777 2389 926 2440 panca
961 2375 1192 2438 quaedem
1227 2389 1284 2422 ex
1317 2374 1632 2424 Constantino
1666 2375 1890 2424 Manasse
1924 2377 1973 2424 et
2002 2375 2197 2424 Paeanii
2228 2374 2531 2440 Meuphmi
2558 2371 2783 2437 Eutropii
2799 2367 2941 2418 addite

573 2459 713 2516 sunt,
759 2459 867 2522 post
912 2457 1197 2507 Mommsen.
1244 2455 1445 2523 (Hem.
1491 2457 1565 2507 VI
1576 2495 1592 2517 ,
1639 2457 1704 2507 82
1750 2457 1877 2523 sqq.)
1923 2459 1971 2506 et
2016 2457 2082 2506 Η.
2130 2457 2316 2523 Haupt.
2365 2454 2502 2522 (ibid.
2552 2454 2686 2515 XIV,
2723 2454 2791 2503 86
2824 2466 2937 2516 sqq.,

575 2540 672 2590 291
709 2538 838 2605 sqq.)
874 2540 950 2603 egi
982 2554 1135 2604 nuper
1167 2540 1220 2589 in
1253 2540 1423 2603 Progr.
1457 2539 1554 2589 litt.
1592 2540 1763 2603 Gymn.
1801 2538 1982 2588 Erasm.
2020 2540 2283 2589 1884—85
2318 2554 2367 2604 p.
2403 2540 2467 2587 18
2496 2553 2596 2602 sqq.

639 2622 952 2687 Florilegium
995 2626 1154 2671 autem
1201 2621 1486 2671 Vaticanum
1527 2624 1682 2671 exstat
1725 2621 1777 2670 in
1816 2622 1976 2671 codice
2012 2618 2246 2671 Vaticano
2280 2622 2463 2670 Graeco
2496 2620 2611 2673 ⁷89.
2660 2618 2851 2683 sylloge
2878 2616 2939 2662 eut

573 2706 920 2757 sententiarum
950 2720 1008 2755 cx
1040 2702 1349 2770 scriptoribus
1377 2704 1524 2753 sacris
1548 2706 1599 2753 et
1624 2704 1837 2769 profanis
1860 2719 1891 2753 a
1918 2703 2137 2753 Maximo
2164 2702 2443 2753 Consumto
2458 2702 2783 2751 collectarum.
2818 2700 2938 2749 Inve-

575 2790 710 2839 nitur
743 2804 932 2854 quoque
959 2788 1012 2837 in
1045 2786 1282 2836 codicibus
1311 2786 1555 2835 Vaticanis
1584 2784 1682 2837 ‘140
1710 2790 1758 2835 et
1787 2786 1900 2845 741,
1929 2786 2009 2835 scd
2044 2785 2097 2833 in
2128 2785 2217 2834 hoc
2249 2784 2390 2850 plane
2422 2783 2679 2849 singularis
2708 2786 2785 2833 eet
2812 2780 2938 2829 codex

575 2870 700 2929 739,
735 2872 860 2935 quod
895 2869 1023 2919 solus
1049 2868 1258 2918 servavit
1286 2867 1400 2916 haec
1434 2868 1615 2924 Δίωνος
1649 2870 1742 2916 τοῦ
1779 2866 2020 2929 Ῥωμαίου
2051 2870 2295 2932 excerpts,
2325 2881 2445 2931 quac
2473 2866 2526 2915 in
2554 2866 2722 2915 cei-eris
2756 2858 2936 2913 Maximi

575 2952 870 3003 Confessoris
896 2949 1157 3009 codicibus,
1188 2950 1334 2999 etiam
1363 2949 1416 2998 in
1445 2948 1677 2998 Mediceis
1708 2952 1757 2999 et
1788 2948 2049 2997 Marcianis
2074 2952 2123 2997 et
2150 2947 2383 2998 Parisinis
2417 2947 2723 2997 omittuntur.
2777 2944 2937 2993 Verum

571 3036 704 3087 inter
735 3036 983 3099 excerpts,
1019 3033 1110 3082 hoc
1141 3032 1366 3083 lemmate
1398 3031 1581 3089 Δίωνος
1614 3032 1707 3080 τοῦ
1745 3030 1985 3091 Ῥωμαίου
2022 3031 2275 3095 insignita,
2312 3030 2440 3081 haud
2472 3044 2624 3096 pauca
2655 3029 2759 3079 cius
2786 3037 2936 3077 nomen

577 3116 906 3175 mentiuntur,
951 3130 1160 3179 quorum
1190 3114 1422 3173 nonnulla
1455 3114 1554 3163 ism
1590 3113 1865 3163 Dindorfius
1900 3112 2069 3163 abiecit
2100 3114 2168 3178 (Ι.
2206 3130 2251 3179 p.
2292 3114 2389 3161 110
2421 3129 2463 3161 a.
2500 3116 2554 3164 et
2584 3112 2733 3179 prael.
2766 3108 2853 3161 vol.
2886 3104 2934 3153 V-

575 3215 624 3263 p.
661 3197 834 3260 XIII).
885 3196 976 3245 Sed
1010 3196 1188 3261 recepit
1222 3196 1281 3245 fr.
1319 3195 1398 3253 57,
1435 3197 1500 3245 13
1537 3198 1588 3243 et
1627 3194 1739 3254 110,
1779 3196 1857 3253 10,
1893 3210 2014 3259 quae
2048 3210 2105 3243 ex
2138 3195 2571 3245 Pseudo-Demadis
2605 3193 2818 3243 oratione
2844 3183 2939 3247 περὶ

577 3274 906 3334 δωδεκαετίας
951 3277 1198 3342 desumpta
1241 3292 1340 3325 csse
1383 3275 1613 3326 indicavit
1646 3276 1890 3341 Hauptius
1923 3276 2105 3337 (Hem.
2141 3274 2277 3335 XIV,
2312 3276 2438 3334 434;
2473 3276 2532 3326 fr.
2571 3273 2652 3337 57,
2689 3275 2749 3323 11
2783 3279 2829 3320 et
2858 3268 2938 3325 12·

575 3362 634 3410 dc
689 3358 862 3424 quibus
909 3356 1146 3408 dubitavit
1197 3358 1325 3407 idem
1368 3358 1450 3407 vir
1501 3358 1668 3407 doctus
1681 3396 1695 3417 ,
1747 3356 1915 3423 procul
1963 3357 2107 3407 dubio
2146 3358 2311 3407 Dionis
2343 3358 2492 3423 sunt).
2548 3358 2801 3406 Praeterea
2830 3352 2937 3411 fng-

575 3445 737 3494 mento
785 3443 910 3501 110,
964 3441 1052 3500 15,
1098 3441 1225 3505 quod
1269 3455 1325 3488 ex
1361 3441 1561 3490 Arscnio
1595 3440 1855 3505 desumpsit
1888 3440 2074 3499 Maius,
2108 3438 2161 3489 in
2196 3440 2355 3489 codice
2386 3440 2499 3489 Vat.
2536 3438 2633 3490 741
2670 3438 2839 3487 lemma
2866 3430 2936 3479 sd·

577 3526 806 3589 scriptum
853 3526 925 3572 est
972 3523 1153 3580 Δίωνος
1196 3524 1289 3570 τοῦ
1335 3522 1721 3582 Χρυσοστόμου,
1771 3522 1896 3586 apud
1929 3536 2072 3586 quem
2104 3521 2157 3569 in
2192 3522 2331 3571 Orat.
2368 3521 2473 3580 111,
2509 3536 2558 3585 p.
2588 3520 2682 3578 41,
2718 3519 2781 3567 28
2810 3512 2935 3565 Dind-

577 3606 839 3656 invenitur.
893 3604 1072 3653 Eodem
1104 3603 1273 3661 modo,
1305 3604 1497 3668 praeter
1531 3602 1592 3651 fr.
1627 3603 1751 3661 110,
1792 3603 1854 3651 12
1888 3606 1937 3651 et
1972 3604 2035 3652 19
2069 3602 2166 3652 iam
2200 3617 2231 3651 a
2262 3602 2511 3651 Dindorflo
2544 3600 2776 3659 indicata,
2808 3595 2935 3645 etim

575 3688 636 3738 fr.
683 3688 809 3746 110,
857 3688 918 3736 13
966 3701 1022 3733 ex
1067 3684 1221 3733 Dione
1255 3684 1599 3748 chrysostomo
1632 3684 1771 3733 fluxit
1803 3685 1896 3749 (or.
1933 3684 2036 3733 111.
2070 3698 2119 3749 p.
2158 3684 2245 3743 58,
2284 3684 2436 3748 OD).
2488 3684 2561 3733 De
2594 3681 2764 3731 ceteris
2794 3680 2935 3729 antem

573 3768 856 3833 fragmentis
870 3805 885 3827 ‚
929 3782 986 3816 cx
1033 3765 1250 3817 Maximo
1294 3766 1572 3817 Confessore
1616 3773 1667 3817 et
1710 3766 1912 3817 Arsenio
1957 3769 2007 3815 et
2049 3764 2250 3816 Antonii
2281 3764 2473 3815 mum
2502 3763 2692 3830 petitis,
2728 3765 2861 3826 atque
2887 3756 2935 3803 de

576 3851 680 3917 ipso
723 3849 970 3913 Florilegii
1016 3849 1175 3899 codice
1219 3848 1316 3900 739
1362 3852 1551 3914 postea,
1602 3852 1657 3899 ut
1709 3847 1836 3908 dixi,
1889 3847 2073 3913 prolixe
2106 3848 2465 3913 disputaturum
2499 3861 2577 3897 me
2610 3860 2763 3911 spero.
2812 3842 2934 3891 Nune

579 3936 721 3981 finem
753 3932 925 3981 faciam
959 3931 1011 3979 in
1046 3930 1149 3979 loco
1182 3931 1385 3994 quodam
1420 3930 1670 3995 Florilegii
1705 3930 1955 3979 indicando
1988 3930 2073 3994 qui
2106 3928 2323 3979 lacunam
2358 3928 2529 3977 Dionis
2560 3927 2733 3993 explet.
2782 3924 2832 3974 1..
2866 3920 2933 3975 ⁵2.

579 4016 670 4073 84,
713 4014 768 4062 1:
819 4010 964 4060 πάνθ’
1011 4010 1109 4060 30oe
1153 4012 1273 4070 τοὺς
1319 4010 1631 4075 ἀρχομένους
1674 4011 1762 4061 καὶ
1803 4012 1991 4073 Φρονιῒν
2036 4008 2123 4060 καὶ
2166 4008 2406 4072 πράττειν
2439 4007 2613 4072 βοῦλει
2652 4006 2811 4074 (verba
2838 4002 2933 4053 sunt

581 4095 876 4146 Maecenatis
921 4094 980 4143 ad
1027 4095 1320 4159 Augustum)
1366 4093 1452 4144 καὶ
1493 4092 1620 4157 λέγε
1662 4091 1749 4143 καὶ
1792 4094 1919 4143 ποίει
1934 4112 1945 4122 ·
1992 4092 2123 4143 οὕτω
2164 4094 2265 4155 ’γὰρ
2312 4090 2372 4143 ὃν
2406 4096 2607 4153 maor
2640 4084 2934 4139 παιδεύσεως

581 4177 768 4235 αὐτοῦς
815 4176 844 4235 ἢ
879 4178 996 4235 ταῖς
1031 4172 1086 4226 ἔκ
1120 4181 1218 4225 τῶν
1258 4178 1412 4239 νόμων
1430 4212 1573 4226 .....
1609 4173 1988 4237 διιματῶσιιας.
2042 4175 2266 4227 Orationi
2301 4174 2459 4225 hianti
2492 4172 2717 4225 librarius
2748 4164 2932 4221 Medicei

580 4262 651 4319 B,
689 4259 868 4309 inserto
904 4256 1148 4319 ἀνάγκαις
1181 4262 1290 4321 post
1323 4260 1505 4319 νόμων,
1542 4274 1627 4307 suo
1662 4273 1794 4307 more
1826 4258 1858 4306 i.
1880 4274 1919 4307 e.
1957 4257 2157 4323 pessime
2190 4255 2410 4306 subvenit
2422 4278 2436 4314 ς
2460 4256 2733 4305 Dindoriius
2748 4249 2932 4318 ζημίαις

579 4342 782 4395 coniecit
825 4340 998 4406 (praef.
1044 4357 1092 4406 p.
1141 4341 1269 4405 xl),
1302 4344 1430 4391 recte
1462 4341 1589 4405 qnod
1622 4340 1683 4389 sd
1718 4354 1907 4389 sensum
1920 4376 1938 4400 ‚
1974 4340 2055 4389 sed
2089 4338 2293 4389 Dionem
2326 4338 2487 4404 ipsum
2520 4336 2777 4400 τιμωρίαις
2804 4328 2933 4394 scrip-

580 4424 694 4477 nisse
727 4440 784 4473 ex
820 4421 1078 4487 florilegio
1113 4422 1350 4472 discimus.
