3150 5000
557 233 687 301 386
1423 251 1699 301 rmvms
1744 251 2081 301 sosarnus.

557 415 925 497 Ἀρρούντιος
977 418 1238 499 περιῄει,
1287 417 1617 483 ἀνακαλῶν
1663 416 1803 489 τοὺς
1851 417 2197 496 Γερμανοὺς
2238 418 2342 483 καὶ
2384 419 2436 483 οἱ
2470 416 2791 499 χιλίαρχοι
2826 418 2921 481 σὺν

555 524 723 602 αὐτῷ
779 522 1132 594 κελεύοντες
1186 523 1626 587 κατατίθεσθαι
1674 524 1779 588 τὸν
1824 514 2053 603 σίδηρον
2104 524 2208 589 καὶ
2260 522 2711 603 διασαφοῦντες
2756 522 2920 587 Γαΐου

553 631 663 703 τὴν
710 629 1024 703 τελευτήν.
1099 628 1314 695 Vertit
1362 628 1791 715 Epiphanius:
1848 638 2083 693 statuar
2118 631 2295 695 etiam
2336 630 2669 695 Arruntius
2714 636 2769 695 et
2810 630 2924 692 loca

552 736 794 816 ἀκμαία
852 734 1178 821 circuibo-¹33
1245 734 1413 819 quod
1479 755 1681 820 quum
1747 736 2077 801 Bekkerus
2140 734 2416 801 stultum
2478 756 2611 801 esse
2666 734 2925 809 videret,

553 845 924 927 corruptum
973 840 1358 908 vocabulum
1407 843 1647 907 omisit.
1712 842 1833 908 Est
1884 843 2035 909 haec
2083 863 2231 908 sane
2270 861 2575 928 perquam
2615 838 2927 906 commoda

551 950 746 1025 ratio,
797 947 906 1014 sed
953 946 1125 1014 malo
1165 953 1380 1015 tamen
1420 949 1731 1035 suspicari
1772 948 1971 1016 latere
1996 949 2411 1035 participium
2438 972 2639 1015 κατα
2654 948 2767 1017 cel
2776 962 2923 1016 λας.

641 1192 904 1259 Utinam
961 1194 1350 1279 investigare
1395 1195 1751 1278 potuissem
1797 1192 1967 1257 unde
2012 1192 2327 1277 ,Iosephus
2372 1194 2679 1259 sumserit
2724 1191 2929 1257 oratio·

553 1320 696 1365 nem
719 1346 736 1377 ‚
797 1319 990 1384 quam
1038 1296 1153 1364 Cn.
1203 1296 1462 1364 Sentius
1506 1297 1893 1365 Saturninus
1939 1304 2086 1384 post
2132 1297 2468 1387 Caligulae
2514 1319 2735 1365 necem
2758 1300 2823 1363 in
2846 1317 2929 1362 se·

554 1414 711 1472 natu
761 1406 1005 1472 habuit.
1082 1403 1268 1472 Certe
1315 1404 1354 1471 J
1358 1406 1631 1492 osephns
1680 1426 1821 1472 eam
1866 1426 1993 1471 non
2039 1408 2175 1494 ipse
2218 1404 2423 1471 finxit.
2484 1404 2811 1487 Quaedam
2845 1406 2931 1467 in-

553 1514 810 1580 terdum
881 1513 1138 1579 fluxisse
1209 1513 1445 1579 dixeris
1516 1534 1592 1579 ex
1665 1514 2143 1579 commentariis
2200 1514 2373 1600 regis
2434 1512 2800 1599 Agrippae,
2856 1508 2927 1574 cf.

553 1622 770 1705 Antiq.
839 1618 943 1684 19.
1011 1618 1087 1696 4,
1155 1618 1270 1684 ubi
1331 1640 1491 1705 quae
1554 1618 1632 1685 de
1698 1639 1850 1705 rege
1894 1618 2235 1706 leguntur,
2286 1618 2609 1684 undenam
2657 1616 2933 1705 cognosci

492 1770 494 1773 >
552 1731 896 1811 potuerunt
942 1726 1065 1789 nisi
1113 1726 1191 1791 ab
1241 1726 1380 1810 ipso
1400 1726 1431 1790 Ρ
1503 1722 1629 1791 Sed
1688 1731 1787 1790 est
1832 1725 1951 1789 hoc
1996 1726 2345 1790 necessario
2392 1726 2749 1800 incertum,
2796 1722 2932 1807 quia

554 1830 760 1897 Taciti
806 1830 1090 1897 Annales
1135 1833 1488 1917 perierunt,
1540 1832 1773 1916 quibus
1820 1828 2155 1918 Caligulae
2190 1852 2291 1896 res
2328 1838 2655 1897 enarratae
2694 1830 2933 1894 fuerunt

555 1944 618 2003 et
662 1939 926 2001 initium
976 1939 1367 2023 principatus
1415 1935 1691 2004 Claudii.
1743 1934 2041 2003 Ceterum
2066 1936 2381 2021 Josephus
2405 1937 2529 2003 sibi
2550 1959 2682 2003 non
2707 1938 2933 2003 constat

554 2050 619 2109 et
671 2042 872 2109 fontes
917 2048 1204 2130 sequitur
1251 2046 1598 2109 minimum
1648 2043 1825 2108 duos.
1874 2043 2090 2108 Veluti
2137 2043 2418 2131 legimus
2464 2046 2685 2130 Antiq.
2738 2042 2839 2109 19.
2876 2041 2929 2106 1.

559 2150 641 2213 15
691 2170 839 2215 eum
889 2150 1123 2235 populo
1172 2164 1476 2235 perpetuo
1525 2150 1723 2214 fuisse
1772 2154 2102 2235 acceptum
2150 2156 2216 2214 et
2260 2154 2578 2229 προσφιλῆ
2626 2160 2695 2217 et
2732 2150 2929 2234 Antiq.

558 2254 663 2321 18.
716 2254 775 2321 '7-
827 2256 904 2321 2:
955 2257 1137 2325 Γαῖος
1187 2257 1250 2320 δὲ
1297 2258 1400 2321 τὸν
1447 2262 1675 2336 πρῶτον
1725 2256 1995 2321 ἐνιαυτὸν
2043 2254 2148 2321 καὶ
2198 2254 2301 2319 τὸν
2349 2256 2485 2333 ἑξῆς
2528 2256 2697 2322 πάνυ
2734 2278 2930 2335 μεγα-

554 2362 856 2443 λοφρόνως
909 2363 1133 2443 ἐχρῆτο
1183 2370 1308 2434 τοῖς
1357 2362 1717 2441 πράγμασι.
1794 2360 2029 2430 Contra
2081 2362 2303 2448 Antiq.
2358 2360 2459 2427 19.
2514 2362 2579 2429 2.
2635 2362 2711 2429 5:
2776 2358 2931 2441 πρό-

553 2492 781 2549 τερον
831 2470 863 2546 ἢ
916 2477 1008 2546 τῇ
1065 2472 1282 2550 ἀρχῇ
1331 2472 1713 2543 συνῆλθε.
1766 2467 2050 2540 σκαιός
2100 2490 2168 2534 τε
2219 2468 2325 2534 καὶ
2374 2470 2813 2548 κακοπραγίας
2858 2469 2933 2538 εἰς

551 2577 619 2642 τὸ
669 2574 846 2655 ἄκρον
894 2577 1242 2656 οἰφιγμένος
1293 2578 1462 2656 ἡδονῇ
1512 2601 1583 2640 τε
1632 2576 1973 2651 ἡσσώμενος
2019 2575 2124 2639 καὶ
2174 2577 2358 2656 Φίλος
2407 2576 2698 2658 διαβολῇ.
2766 2576 2931 2642 Idem

554 2691 768 2750 tamen
832 2684 1008 2748 brevi
1071 2689 1212 2767 post
1272 2683 1643 2769 perhibetur
1691 2683 1885 2748 fuisse
1932 2684 2120 2761 ῥήτωρ
2168 2705 2237 2746 τε
2284 2679 2482 2762 spem
2533 2684 2642 2748 καὶ
2692 2685 2931 2762 γλώσσῃ

553 2799 631 2872 τῇ
697 2788 958 2854 Ἐλλάδι
1023 2793 1126 2853 καὶ
1190 2799 1268 2871 τῇ
1333 2790 1651 2864 Ῥωμαίοις
1720 2789 1957 2868 πατρίῳ
2024 2787 2264 2867 σφόδρα
2322 2788 2681 2867 ἠσκημένος.
2752 2789 2934 2854 Plane

553 2897 786 2980 ineptit
849 2894 1052 2960 bonus
1102 2893 1140 2959 J
1147 2894 1385 2961 udaeus
1432 2901 1496 2960 et
1542 2901 1618 2959 ut
1665 2894 1922 2980 culpam
1974 2901 2284 2979 quantum
2334 2897 2571 2981 possim
2620 2899 2934 2970 minuam,

550 3022 675 3069 non
723 3004 844 3068 erit
889 3002 1054 3066 mihi
1097 3001 1426 3066 Romanus
1471 3003 1763 3086 princeps
1807 3000 2056 3079 σκαιός,
2107 3001 2218 3067 sed
2265 3003 2609 3074 εἰκαῖος.

643 3214 860 3296 Antiq.
915 3211 1019 3276 19.
1063 3211 1125 3276 2.
1167 3210 1246 3276 2:
1297 3210 1556 3291 τέτροφε
1603 3215 1715 3286 τὴν
1758 3211 2082 3293 τυραννίδα
2130 3210 2298 3278 οὐδὲν
2348 3213 2734 3295 νεώτερον
2784 3211 2935 3286 πλὴν

555 3319 588 3394 ἦ
635 3317 852 3399 ἀργία.
925 3315 1223 3406 Corrigo:
1272 3317 1437 3384 οὐδὲν
1483 3314 1784 3400 ἕτερον.

640 3533 1062 3600 Verissimum
1111 3536 1240 3610 est,
1290 3531 1457 3617 quod
1505 3533 1782 3598 traditur
1824 3533 2039 3617 Antiq.
2095 3531 2198 3597 19.
2243 3531 2301 3598 3.
2350 3531 2389 3596 3
2430 3531 2746 3618 populum
2786 3530 2923 3595 odio

552 3639 822 3706 Senatus
887 3640 1224 3725 expetiisse
1281 3640 1673 3723 principem:
1725 3645 1841 3702 τῶν
1890 3636 2247 3712 πλεονεξιῶν
2296 3645 2407 3713 τῆς
2454 3637 2688 3715 βουλῆς
2738 3631 2935 3704 ἐπιτό-

555 3771 765 3824 μισμα
831 3745 970 3817 τοὺς
1039 3745 1490 3824 αὐτοκράτορας
1556 3745 1747 3816 εἰδώς.
1816 3744 2153 3832 Caligulae
2210 3744 2459 3833 flagitia
2500 3765 2627 3810 non
2674 3745 2937 3810 fecerant

552 3860 628 3918 ut
688 3853 868 3938 plebs
933 3859 1214 3918 mutaret
1261 3853 1641 3917 sententiam
1664 3898 1680 3930 ‚
1731 3857 1952 3936 estque
1998 3851 2064 3916 id
2112 3850 2455 3939 diligenter
2500 3850 2896 3916 retinendum
2917 3891 2932 3922 ‚

554 3959 662 4023 ubi
728 3957 1040 4024 iudicium
1107 3959 1308 4024 fertur
1372 3957 1449 4022 de
1515 3959 1942 4042 principibus,
2012 3959 2124 4042 qui
2186 3959 2252 4022 in
2300 3956 2674 4024 Senatorum
2726 3955 2935 4022 odium

553 4065 966 4130 incurrerant.
1038 4063 1104 4129 Si
1151 4063 1412 4130 Tacitus
1459 4062 1562 4129 vel
1612 4063 1734 4129 Dio
1783 4061 2041 4130 Cassius
2088 4063 2165 4130 de
2211 4062 2396 4149 plebe
2442 4065 2733 4128 homines
2781 4061 2931 4125 fuis-

555 4177 726 4248 sent,
779 4168 971 4257 longe
1018 4170 1212 4235 aliam
1262 4169 1526 4236 illorum
1575 4175 1940 4254 temporum
1989 4171 2319 4236 historiam
2373 4169 2769 4235 haberemus.
2818 4161 2935 4230 Sed

554 4275 739 4342 redeo
785 4277 853 4340 in
899 4278 1292 4361 provinciam
1343 4297 1555 4344 meam
1604 4283 1678 4342 ut
1723 4275 2073 4362 Josephum
2124 4277 2479 4343 emendem.
2543 4275 2819 4342 Veniunt
2856 4267 2929 4336 ad

553 4379 900 4450 Claudium
944 4381 1145 4470 legati
1191 4384 1470 4468 petitum
1519 4388 1597 4449 ut
1642 4383 1722 4450 ab
1771 4381 2011 4450 Senatu
2064 4404 2255 4470 quam
2305 4403 2345 4451 a
2382 4383 2792 4469 praetorianis
2811 4377 2930 4446 mi·
