3150 5000
522 261 657 334 364
1560 286 1884 338 nonnus.

514 453 668 520 licet
713 455 937 540 quinto
982 471 1173 520 versu
1218 458 1362 538 post
1412 453 1702 540 leg-stur·

879 559 1056 639 χώρῳ
1104 559 1165 624 ἑν
1212 559 1446 624 εὕῑεῒ
1488 559 1593 624 καὶ
1643 558 2002 641 ἓῢτροχόλῳ
2052 561 2115 624 ἐν
2159 563 2360 642 ἀλωῇ.

508 622 733 753 ltaque
804 673 916 731 aut
978 665 1262 731 Homero
1322 665 1794 732 concedendum
1857 662 2138 748 ἅκρίἑέα,
2205 675 2317 733 aut
2381 663 2696 744 Hesiodo,
2743 663 2898 751 quod

512 776 787 838 minime
833 775 1181 850 suaserim,
1228 774 1453 838 invitis
1496 771 1681 837 libris
1729 773 2207 840 obtrudendum
2257 774 2550 854 ἁκροῖεῦς.

603 880 827 967 Neque
874 879 1208 945 dissimilis
1250 879 1509 946 videtur
1556 881 1720 944 ratio
1769 882 1943 946 vocis
1991 879 2146 961 ζαῆν
2197 905 2248 958 μ
2301 879 2475 946 313:

602 983 783 1066 ὦρσεν
832 986 934 1052 ἔτι
981 985 1135 1068 ζαῆν
1178 983 1407 1060 ἄνεμον
1452 984 1922 1067 νεφεληγερέτα
1975 987 2131 1058 Ζεύς
2173 989 2185 1074 Ι
2226 987 2505 1053 λαίλαπι
2560 983 2862 1066 θεσπεσίη.

512 1095 682 1162 Nam
732 1095 787 1160 si
826 1093 1015 1158 licuit
1058 1091 1341 1158 Hesiodo
1390 1090 1633 1179 Theog.
1681 1091 1859 1157 253:

878 1198 1088 1270 πνοιάς
1138 1221 1211 1264 τε
1258 1192 1449 1277 ζαέων
1496 1197 1762 1276 ἀνέμων,

514 1327 706 1394 quam
770 1305 1157 1392 praeclaram
1220 1304 1487 1392 Bergkii
1540 1305 2050 1371 emendationem
2103 1307 2356 1394 vulgati
2404 1304 2484 1387 ζα
2495 1305 2636 1371 θέων
2687 1307 2906 1371 merito

514 1418 581 1479 in
644 1419 897 1478 textum
960 1413 1197 1497 recepit
1258 1410 1471 1476 Rzach
1490 1457 1507 1488 ‚
1570 1411 1796 1496 quidni
1859 1412 2146 1478 Homero
2193 1431 2444 1498 quoque
2495 1412 2908 1479 concedemus

514 1513 709 1601 ζῖῑῆςῖ
792 1519 963 1598 Quid
1048 1523 1265 1584 tamen
1334 1517 1455 1584 hoc
1514 1517 1654 1584 loco
1715 1519 2182 1584 restituendum
2247 1521 2366 1595 sit,
2439 1518 2604 1585 lutet
2671 1517 2904 1592 adhuc;

512 1647 717 1713 neque
762 1625 1017 1711 prodest
1062 1623 1240 1690 loeus
1286 1622 1665 1690 simillimus
1711 1647 1731 1688 ι
1781 1621 1890 1691 67.

606 1829 778 1894 Inter
814 1827 1053 1892 formes
1084 1829 1437 1892 contrectes
1457 1845 1584 1890 non
1607 1825 1938 1892 retulerim
1969 1847 2116 1893 cum
2146 1825 2454 1896 Menrsdo
2493 1827 2683 1892 ἐπιδ
2701 1851 2730 1891 ε
2749 1832 2908 1896 υεῒς

515 1946 541 2000 1
606 1934 759 2010 225,
830 1932 1117 2021 graviter
1184 1934 1357 1996 enim
1418 1937 1756 2016 corruptus
1821 1940 1920 1998 est
1983 1933 2090 1998 hic
2160 1953 2416 2009 versus,
2481 1953 2678 2017 quem
2727 1951 2912 2017 supra

512 2043 855 2129 tetigimus
896 2059 1045 2126 pag.
1098 2035 1251 2104 359.

604 2147 687 2212 Et
749 2148 884 2212 sine
930 2143 1125 2209 dubio
1170 2144 1554 2210 correctione
1600 2143 1852 2232 indiget
1899 2147 2105 2212 forms
2153 2145 2230 2210 ἐν
2251 2171 2292 2210 α
2313 2153 2536 2224 ργεῒς
2597 2147 2665 2210 in
2715 2146 2910 2210 trium

512 2274 817 2320 versuum
864 2253 1083 2316 exitu:
2820 2237 2828 2242 ⁵

694 2369 747 2424 T
802 2355 962 2422 131:
1014 2356 1290 2438 χαλεποὶ
1340 2355 1401 2420 δὲ
1450 2355 1565 2420 θεοὶ
1615 2358 1949 2436 Φαίνεσθαι
1997 2359 2276 2437 ἐναργεῖς
2303 2405 2320 2436 ,
2395 2397 2404 2406 -

709 2489 743 2541 n
792 2463 961 2529 201:
1004 2463 1102 2529 ἀεὶ
1152 2463 1279 2542 γὰρ
1328 2465 1399 2527 τὸ
1448 2461 1644 2537 πάρος
1697 2489 1775 2543 γε
1827 2465 1939 2531 θεοὶ
1989 2467 2320 2545 Φαίνονται
2370 2467 2697 2545 ἐναργεῖς,

692 2596 741 2635 π
796 2569 959 2635 161:
1007 2572 1073 2634 οὐ
1121 2570 1249 2650 γαρ
1297 2591 1425 2641 πως
1474 2570 1786 2637 πάντεσσι
1834 2572 1949 2637 θεοὶ
1998 2574 2330 2651 Φαίνονται
2383 2573 2690 2651 ἐναργεῖς.

511 2681 721 2747 Immo
784 2679 1142 2765 corrigetur
1188 2677 1530 2756 ἐναργές
1555 2726 1572 2755 ,
1631 2678 2022 2747 adjectivum
2071 2678 2359 2745 adverbii
2406 2674 2544 2743 loco
2593 2679 2905 2762 positum.

600 2898 822 2984 Neque
868 2897 1215 2962 necessario
1260 2894 1585 2961 ferendam
1627 2916 1851 2962 censeo
1899 2899 2221 2983 synizesin
2272 2899 2338 2960 in
2389 2897 2508 2963 hoo
2557 2914 2784 2962 versu:

598 3007 633 3071 ὃ
682 3003 851 3069 ¹757:
901 2999 1167 3075 δώματά
1213 2998 1267 3065 θ’
1319 2998 1742 3085 ὑψερεφέα
1791 3004 1894 3065 καὶ
1947 3002 2245 3081 ἀπόπροθι
2297 3004 2516 3074 πίονας
2561 3000 2816 3081 α’γρούς.

506 3114 673 3181 Nam
701 3160 717 3187 ,
765 3110 891 3173 nisi
938 3107 1251 3172 deterreat
1296 3107 1459 3172 forte
1499 3107 1750 3184 hiatus,
1801 3114 1943 3194 post
1980 3112 2266 3194 primum
2309 3116 2525 3175 tamen
2565 3107 2897 3195 dactylum

505 3240 630 3285 non
688 3218 993 3294 vitiosus,
1056 3211 1224 3277 nihil
1269 3212 1479 3278 obstat
1526 3217 1871 3298 quominus
1917 3213 2316 3301 singularem
2365 3234 2711 3280 numerum
2760 3214 2898 3279 sub·

508 3328 889 3391 stituamus:

872 3425 1050 3505 δῶμα
1096 3450 1166 3490 τε
1215 3426 1517 3507 ὑψερεφὲς
1568 3428 1672 3491 καὶ
1723 3428 2017 3507 ἀπόπροθι
2066 3431 2282 3495 πίονας
2331 3428 2582 3508 ἀγρούς.

508 3537 647 3604 Nisi
712 3536 928 3601 omnia
997 3552 1102 3597 me
1168 3530 1441 3617 fallunt,
1508 3533 1948 3618 compluribus
2014 3533 2331 3622 Odysseae
2395 3534 2554 3600 locis
2575 3583 2592 3610 ,
2641 3540 2718 3599 ut
2763 3534 2897 3609 hic,

507 3646 689 3721 δῶμα
734 3643 803 3705 in
852 3638 1085 3714 δῶματ’
1130 3644 1227 3702 est·
1272 3645 1598 3704 mutatum
1647 3659 1684 3703 a
1729 3643 2072 3724 posteriore
2121 3647 2328 3707 aetate
2349 3688 2366 3718 ‚
2415 3661 2576 3726 quae
2620 3640 2898 3707 hiatibus

508 3747 834 3835 explendis
880 3745 1183 3811 studeret.
1233 3744 1545 3831 Exemplo
1593 3748 1680 3809 sit
1725 3770 1754 3825 ρ
1804 3745 1972 3811 4793

870 3853 959 3925 μή
1009 3874 1078 3914 σε
1128 3849 1239 3914 νέοι
1289 3850 1392 3915 διὰ
1442 3850 1685 3928 δώματ’
1734 3853 2022 3931 §pun-425⁸
2073 3846 2152 3915 οἷ’
2200 3852 2552 3932 ἀγορεύεις,

506 3966 711 4027 immo
759 3958 887 4022 διὰ
938 3956 1157 4029 δῶμα
1198 3957 1646 4033 νερύσσωοῆ

252 4098 333 4209 ql
594 4066 679 4131 Et
724 4068 815 4129 sic
863 4063 1101 4147 passim
1150 4068 1297 4126 ante
1344 4082 1708 4127 caesuram:
1757 4061 1806 4139 β
1856 4060 2012 4143 259,
2067 4060 2226 4147 288,
2277 4062 2431 4148 381,
2483 4064 2635 4142 394,
2686 4062 2888 4139 3621,
2985 4115 2990 4125 .

505 4174 657 4255 720,
722 4168 877 4246 799,
940 4190 958 4231 ι
1008 4167 1071 4239 7,
1134 4190 1171 4231 κ
1223 4166 1375 4245 546,
1442 4190 1469 4231 ο
1520 4166 1672 4243 313,
1740 4166 1894 4246 489,
1959 4192 1989 4249 ρ
2037 4168 2196 4253 230,
2244 4169 2402 4248 402,
2453 4169 2607 4248 531,
2658 4194 2697 4234 ο·
2743 4166 2888 4245 417,

501 4270 543 4347 ⁴i·
592 4278 743 4357 194,
792 4300 827 4339 υ
876 4271 1031 4357 248,
1081 4268 1235 4349 298,
1292 4270 1444 4351 325,
1500 4272 1654 4352 331,
1703 4296 1748 4339 ω
1802 4272 1956 4353 183,
2007 4271 2162 4339 271.
