3150 5000
1165 353 1565 406 nsnonorus.
2435 339 2564 409 165

206 511 567 596 plementum
628 523 726 582 est
786 517 1149 585 delendum.
1232 521 1401 587 Nam
1468 524 1779 607 reperitur
1840 527 2162 609 praeterea
2223 543 2358 611 eap.
2437 523 2525 590 62
2543 575 2564 610 ,

206 623 259 682 et
296 639 471 706 supra
516 641 648 707 eap.
703 621 789 690 36
838 625 1175 691 scribitur:
1222 635 1378 692 τοῖσι
1424 629 1541 704 μέν
1590 653 1688 693 νυν
1733 626 2003 703 Ἕλλησι
2054 629 2274 694 καλοὶ
2321 629 2558 708 ἐγίνετο

205 725 274 787 τὰ
327 725 421 805 ἱροὶ
475 727 906 806 ἀμυνομένοισι
968 769 1051 780 -
1103 733 1421 815 Μαρδονίῳ
1477 732 1540 799 δὲ
1593 772 1676 784 —-
1727 737 1833 800 οὐκ
1881 734 2280 811 ἐπιτήδεα
2329 734 2566 814 ἐγίνετο

205 831 273 896 τὰ
313 831 437 914 ἱρά,
484 834 842 917 ἀμυνομένῳ
891 836 954 902 δὲ
1001 838 1106 904 καὶ
1152 839 1346 921 τούτῳ
1396 865 1433 906 κ
1451 865 1495 906 α
1515 855 1557 906 λ
1574 839 1620 907 οὶ
1637 888 1653 919 ,
1706 862 1783 908 ex
1833 841 2066 927 quibus
2109 841 2324 910 verbis
2370 842 2426 907 si
2463 842 2562 908 bis

204 939 350 1004 καλά
393 946 456 1006 et
501 941 705 1008 semel
751 943 1044 1021 ἐπιτήδεα
1093 944 1401 1014 deleveris
1418 997 1437 1032 ,
1484 946 1653 1012 nihil
1692 947 1896 1014 deerit
1937 948 2304 1014 sententiae.
2347 947 2564 1014 Etiam

202 1048 383 1133 mag-is
438 1054 810 1134 suspectum
856 1057 1114 1138 propter
1158 1055 1295 1119 vim
1345 1054 1524 1121 verbi
1575 1062 1909 1135 προχωρεῖν
1955 1059 2052 1120 est
2098 1053 2313 1135 χρήςα
2359 1053 2424 1118 V
2473 1053 2561 1119 44

202 1157 331 1216 extr.
379 1153 591 1219 ἐτείτέ
638 1156 691 1219 οἷ
740 1155 823 1219 τοὶ
872 1157 971 1237 ἱρὰ
1022 1159 1089 1222 οὗ
1135 1159 1483 1250 προσχῶρεξ
1531 1160 1803 1241 xpus-0⁸⁶
1843 1159 2104 1242 θυομένῳ
2143 1159 2241 1224 ἐπὶ
2281 1159 2562 1240 Κρότωνα

202 1256 545 1346 (mamm).
611 1259 715 1327 IX
776 1259 862 1326 36
926 1271 1105 1329 Τοῖσι
1153 1265 1266 1341 μέν
1315 1289 1416 1331 νυν
1458 1265 1729 1341 Ἐλλήσι
1781 1267 1994 1332 καλὰ
2043 1265 2281 1344 ἐγίνετο
2327 1266 2412 1330 τοὶ
2458 1265 2560 1345 ἱροὶ

200 1365 618 1442 ἀμυνομένοισι.
667 1373 733 1433 et
780 1365 864 1436 37
914 1370 1057 1434 init.
1106 1371 1422 1453 Μαρδονίῳ
1472 1370 1533 1437 δὲ
1585 1372 2042 1452 προθυμεομένῳ
2077 1371 2301 1454 μάχης
2343 1369 2562 1454 ἄρχειν

198 1471 281 1534 οὐκ
340 1472 737 1549 ἐπιτήδεα
801 1475 1037 1552 ἐγίνετο
1085 1478 1171 1541 τοὶ
1219 1477 1354 1557 ἱρά,
1402 1478 1762 1559 ἀμυνομένῳ
1813 1478 1875 1543 δὲ
1926 1479 2032 1543 καὶ
2081 1479 2275 1559 τούτῳ
2323 1477 2556 1544 καλοί.

200 1574 555 1666 Sel-apulum
622 1583 838 1646 tamen
894 1581 1078 1648 inicit
1123 1583 1301 1651 loeus
1346 1584 1447 1649 IX
1493 1582 1582 1649 45
1631 1583 1820 1662 Λέγω
1870 1585 1933 1649 δὲ
1980 1580 2055 1648 ὧν
2103 1579 2192 1648 ἔτι
2240 1582 2558 1664 Μαρδονίῳ

199 1707 253 1747 τε
294 1686 391 1750 καὶ
438 1696 519 1768 τῇ
558 1697 819 1770 στρατιῇ
858 1688 943 1754 τὰ
991 1687 1254 1771 σφάγια
1297 1691 1365 1755 οὐ
1406 1690 1668 1757 δύναται
1709 1689 2188 1768 καταθύμια
2235 1689 2559 1768 γενέσθαι,

202 1789 291 1855 ubi
330 1794 729 1858 rarissimum
780 1794 1159 1861 vocabulum
1213 1815 1401 1862 nemo
1448 1796 1763 1884 glossator
1813 1795 2147 1862 additurus
2200 1800 2352 1861 erat.

270 2005 357 2074 IX
416 2007 505 2076 62
570 2012 813 2089 λήματι
862 2009 978 2087 μέν
1031 2035 1129 2077 νυν
1180 2010 1284 2077 καὶ
1335 2012 1501 2094 ῥώμῄ
1550 2015 1658 2078 οὐκ
1705 2010 1942 2085 ’ἕσσονες
1992 2011 2148 2088 ἦσαν
2193 2013 2243 2077 ol
2291 2011 2558 2096 Πέρσαι,

198 2111 416 2180 ἄνοπλοι
478 2117 543 2182 δὲ
613 2117 813 2192 ἐόντες
876 2119 980 2183 καὶ
1049 2121 1193 2200 πρὸς
1256 2121 1740 2195 ἀνεπιστήμονες
1802 2116 2013 2205 [ἦσαν]
2062 2117 2165 2181 καὶ
2217 2118 2323 2182 οὐκ
2371 2119 2559 2196 ὁμοῖοι

197 2229 324 2286 τοῖσι
370 2223 695 2289 ἐναντίοισι
744 2225 983 2307 σοφίην.
1058 2223 1283 2292 Deleto
1334 2219 1521 2304 ἦσαν,
1569 2231 1786 2291 mente
1833 2224 2260 2310 supplendum
2311 2231 2408 2290 est
2441 2221 2558 2288 ἕσ-

198 2351 295 2392 σον
313 2353 381 2402 ες
431 2326 469 2404 ἦ
483 2354 585 2396 σα
603 2355 655 2396 ν.

268 2548 355 2615 IX
406 2549 491 2617 66
540 2552 692 2616 init.
742 2550 1101 2629 λειπομένου
1147 2551 1486 2631 Μαρδονίου
1536 2552 1691 2617 ἀπὸ
1738 2550 2057 2628 βασιλέος.
2128 2550 2337 2616 Immo
2388 2553 2556 2617 ὑπὸ.

198 2652 253 2718 In
290 2659 509 2742 eapitis
558 2655 687 2723 fine
733 2658 1019 2723 deleatur
1066 2666 1275 2738 τεῖχος
1325 2664 1469 2743 post
1518 2657 1812 2735 Θηβαίων
1858 2656 2027 2722 male
2073 2658 2438 2741 repetitum.

268 2874 353 2940 IX
412 2874 499 2942 67
574 2875 719 2941 init.
782 2874 886 2939 καὶ
952 2875 1023 2949 δὴ
1083 2870 1241 2939 οὗτοι
1304 2878 1417 2949 μὲν
1465 2874 1790 2960 (Artabazi
1839 2874 2082 2957 copiae)
2129 2872 2328 2954 ταύτῃ
2375 2870 2554 2951 ἐτρά-

196 3002 343 3045 ποντο
394 2986 517 3048 τῶν
583 2982 649 3047 δὲ
722 2978 993 3067 [ἄλλων]
1044 2981 1354 3053 Ἑλλήνων
1403 2986 1521 3043 τῶν
1567 2980 1737 3055 μετὰ
1789 2976 2082 3057 βασιλέος
2136 2977 2556 3044 ἐθελοκακεόν-

197 3106 287 3148 των
342 3086 580 3153 Βοιωτοὶ
648 3086 1016 3158 Ἀθηναίοισι
1084 3085 1503 3166 ἐμαχέσαντο.
1595 3084 1792 3150 Nulla
1840 3091 1936 3150 est
1976 3086 2044 3147 in
2092 3082 2276 3148 libris
2327 3103 2557 3148 manu-

196 3194 410 3277 scriptis
471 3196 870 3279 frequentior
931 3194 1207 3258 varietas
1254 3212 1445 3276 quam
1496 3190 1678 3255 ἄλλοι
1724 3188 2024 3264 Ἕλληνες
2079 3209 2187 3275 pro
2227 3186 2554 3265 Ἕλληνες.

197 3294 295 3363 Hic
336 3304 547 3387 inepte
597 3300 860 3365 additur
904 3320 1053 3363 oum
1102 3298 1401 3363 Artabazi
1449 3297 1691 3363 milites
1740 3294 1969 3363 Graeci
2014 3316 2138 3361 non
2184 3303 2392 3361 essent
2446 3294 2555 3360 sed

196 3400 420 3481 Persae,
486 3426 609 3471 neo
664 3404 1255 3490 quasi-pleonastici
1320 3424 1473 3468 usus
1530 3402 1827 3469 vocabuli
1888 3402 1989 3467 ἄλ
2008 3415 2136 3474 λος
2155 3448 2172 3477 ,
2240 3422 2364 3486 quo
2427 3402 2556 3466 fere

195 3510 477 3595 significat
524 3520 849 3596 praeterea
869 3558 884 3589 ,
952 3509 1161 3576 ullum
1210 3512 1562 3595 reperiatur
1610 3509 1779 3594 apud
1828 3516 2114 3573 nostrum
2163 3506 2558 3591 exemplum.

262 3710 355 3779 IX
406 3713 493 3779 68
558 3714 689 3778 αἰεί
749 3737 821 3778 τε
886 3711 1089 3799 [πρὸς]
1156 3718 1271 3776 τῶν
1318 3711 1628 3787 πολεμίων
1678 3708 1977 3789 ἄγχιστα
2023 3708 2227 3772 ἐοῦσα.
2299 3705 2557 3774 Geneti-

192 3832 289 3879 vus
328 3819 561 3903 pendet
610 3819 691 3884 ab
740 3815 1074 3899 ἄγχιστα,
1125 3836 1319 3902 quare
1364 3814 1622 3881 exulato
1671 3816 2066 3900 praepositio.

260 4014 345 4079 IX
410 4016 499 4083 69
552 4020 702 4082 init.
754 4018 837 4082 ol
886 4016 1001 4093 μὲν
1049 4014 1121 4088 δὲ
1167 4016 1445 4085 νικῶντες
1498 4012 1732 4080 εἵποντο
1781 4012 1920 4082 τοὺς
1974 4009 2198 4089 Ξέρξεω
2245 4008 2552 4081 διώκοντές

194 4138 249 4180 τε
300 4122 395 4187 καὶ
459 4126 1002 4203 Φονεὺοντες,
1071 4122 1129 4186 ἐν
1192 4121 1257 4186 δὲ
1319 4120 1513 4201 τούτῳ
1568 4122 1653 4199 τῷ
1701 4116 1993 4197 γινομένῳ
2043 4116 2264 4197 Φόβῳ
2313 4116 2555 4194 α’γγέλ·

194 4236 344 4291 Acrae
390 4238 545 4297 τοῖσι
594 4228 843 4296 ἄλλοισι
890 4226 1162 4301 Ἕλλησι
1215 4228 1345 4292 κτὲ.
1416 4226 1708 4291 Fortasse
1755 4244 1879 4288 non
1922 4229 2159 4287 temere
2201 4220 2555 4307 Wesseling

194 4328 281 4395 cll.
334 4334 427 4401 VI
491 4336 626 4402 114
689 4342 757 4402 et
818 4334 956 4400 VII
1020 4332 1153 4399 224
1220 4353 1332 4418 pro
1380 4332 1563 4413 Φόβῳ
1614 4330 1882 4395 coniecit
1926 4327 2146 4407 πόνῳ.
2219 4326 2552 4411 Nusquam

194 4440 341 4503 euim
386 4443 553 4527 quod
588 4444 791 4508 seiam
830 4438 1199 4507 Herodotus
1236 4458 1413 4503 more
1453 4436 1799 4502 Homerico
1837 4433 2036 4515 φόβος
2078 4432 2156 4496 de
2179 4433 2340 4518 fuya
2373 4449 2552 4495 usur-
