3150 5000
1203 239 1632 287 rnucrmnm.
2477 215 2607 284 317

227 407 323 470 the
380 429 537 471 same
596 406 736 471 time
781 407 941 472 those
984 407 1109 470 who
1156 407 1283 469 had
1320 427 1473 488 qous
1518 428 1666 470 near
1712 412 1770 470 to
1815 407 1912 470 the
1949 414 2117 488 yatee
2161 407 2438 490 reported
2480 407 2609 470 that

226 513 321 577 the
355 512 491 598 feet
536 513 616 599 of
652 536 825 600 many
870 513 1069 580 horsea
1115 513 1242 577 and
1288 535 1417 576 men
1464 535 1612 576 were
1658 512 1973 594 beqinniny
2019 521 2078 576 ιο
2125 514 2191 576 be
2236 533 2372 576 seen
2419 512 2610 576 under

226 621 375 685 them
394 669 413 704 ,
480 643 548 685 as
614 621 683 706 if
703 620 1035 704 preparin9
1064 619 1187 704 for
1229 643 1270 682 a
1312 619 1490 704 sully.
1541 617 1802 692 Scilicet
1847 639 2047 705 quum
2095 624 2416 705 postrema
2459 621 2609 684 scri-

225 727 447 809 bebat,
513 728 644 790 iam
694 730 829 791 erat
878 725 1115 790 oblitus
1162 708 1544 809 conspicuous
1589 745 1723 792 esse
1771 725 1870 789 the
1913 725 2168 789 interior
2213 726 2293 811 of
2328 725 2426 790 the
2470 725 2608 810 city.

222 833 367 899 Non
430 833 659 898 abiicio
722 831 891 917 quod
938 832 1094 898 olim
1143 831 1586 898 emendaram:
1636 834 1930 904 σποδὸς
1976 833 2242 907 πολλὴ
2293 869 2378 881 -
2429 832 2608 897 ὑπο-

224 945 277 1020 φ
296 939 530 1003 αἱνετ
548 963 625 1003 αι
674 946 737 1003 et
783 940 982 1005 miror
1028 938 1195 1025 quod
1241 938 1515 1004 editores
1555 944 1793 1004 certam
1835 941 2282 1005 correctionem
2326 938 2606 1004 nondum

222 1049 290 1112 in
338 1050 589 1112 textum
633 1044 1010 1111 intulerunt.
1073 1044 1189 1110 Est
1228 1051 1443 1111 autem
1472 1065 1694 1131 operae
1718 1049 1998 1131 pretium
2022 1045 2428 1112 simillimam
2452 1045 2611 1110 indi-

223 1173 365 1217 care
412 1151 835 1238 corruptelam
883 1153 1078 1218 Arist.
1126 1150 1397 1238 Lysistr.
1444 1149 1597 1236 173,
1638 1153 1750 1217 ubi
1789 1150 2279 1218 Valckenaerius
2319 1153 2604 1238 scripsit:

222 1259 343 1341 οὐχ
414 1253 490 1329 οἷς
559 1257 819 1330 πόδας
888 1257 949 1322 κ’
1016 1257 1270 1338 ἔχωντι,
1338 1258 1506 1344 quod
1570 1261 1638 1323 in
1701 1258 1882 1324 libris
1945 1265 2039 1324 est.
2086 1258 2452 1330 σπουδᾶς
2501 1258 2608 1325 vel

222 1365 483 1431 σποδοὶ
504 1391 553 1437 ς.
602 1365 847 1432 Deinde
884 1364 1178 1430 Brasidas
1220 1364 1571 1432 exclamat:
1612 1367 1664 1430 οἱ
1689 1364 1897 1445 ἄνδρες
1940 1367 2108 1443 ἡμᾶς
2133 1369 2198 1432 οὐ
2240 1365 2605 1444 μένουσι·

224 1473 392 1548 δῆλοι
458 1472 519 1537 δὲ
582 1479 698 1537 τῶν
761 1496 831 1537 τε
888 1468 1148 1551 δοράτων
1198 1481 1277 1553 τῇ
1326 1471 1552 1548 κινήσει
1600 1472 1705 1536 καὶ
1755 1479 1870 1537 τῶν
1919 1478 2245 1557 κεφαλῶν,
2293 1473 2402 1538 ubi
2449 1470 2608 1539 Gro-

224 1585 330 1645 tus
392 1581 663 1645 correxit
723 1602 910 1656 μενο
932 1581 1097 1663 ὖσι,
1160 1576 1271 1644 sed
1332 1580 1443 1643 vix
1487 1580 1844 1666 genuinum
1891 1599 2026 1645 esse
2073 1579 2257 1645 credo
2302 1579 2472 1665 quod
2517 1600 2609 1644 se-

222 1686 483 1770 quitur:
534 1681 620 1756 οἷς
665 1685 793 1763 γὰρ
842 1682 918 1749 ἂν
964 1687 1143 1748 τοῦτο
1186 1684 1526 1763 γίγνηται,
1564 1685 1673 1749 οὐκ
1711 1685 1953 1749 εἰώθασι
1993 1683 2195 1764 μένειν
2233 1684 2375 1757 τοὺς
2417 1684 2608 1750 ἐπιόν·

222 1815 339 1864 τας
362 1813 377 1832 ·
424 1811 575 1856 nam
623 1791 742 1856 hoc
792 1788 1035 1856 milites
1084 1811 1210 1856 non
1259 1789 1520 1856 docendi
1571 1796 1770 1856 crant.

312 1991 551 2059 Itidem
597 1998 766 2060 certa
811 1992 975 2058 mihi
1021 1991 1277 2058 videtur
1321 2013 1455 2058 esse
1500 1994 1806 2058 correctio
1853 2013 1905 2058 c.
1949 1993 2054 2058 11.
2103 1991 2483 2060 Ceciderunt
2529 1995 2608 2074 ad

222 2098 646 2185 Amphipolin
686 2098 1099 2165 Athenienses
1146 2101 1461 2183 sexcenti,
1512 2098 1623 2164 sed
1662 2097 2148 2165 Lacedaemonii
2188 2104 2433 2185 septem
2476 2105 2611 2166 tan-

226 2213 366 2270 tum
390 2253 406 2283 ,
471 2205 573 2269 δια
634 2205 703 2270 τὸ
750 2204 839 2282 μὴ
890 2207 955 2270 ἐκ
1006 2204 1451 2285 παρατάξεως,
1498 2205 1624 2269 ἀπὸ
1675 2204 1738 2270 δὲ
1777 2203 2065 2280 τοιαύτης
2109 2201 2453 2288 ξυντυχίας
2501 2208 2609 2273 καὶ

226 2336 276 2376 π
290 2319 589 2391 ροεκΦο
604 2310 915 2389 βήσεως
968 2311 1075 2385 τὴν
1120 2309 1343 2390 μάχην
1387 2314 1635 2387 μᾶλλον
1677 2311 2001 2389 γενέσθαι,
2043 2311 2151 2376 sed
2187 2311 2368 2378 nulla
2403 2313 2611 2380 fuerat

226 2417 687 2498 προεκφόβησις
751 2426 815 2484 et
872 2418 1321 2494 Athenienses,
1373 2422 1446 2483 ut
1491 2438 1684 2503 supra
1731 2417 1976 2482 dictum
2025 2423 2159 2504 est,
2205 2419 2290 2498 τῷ
2339 2417 2611 2503 ἀδοκήτῳ

226 2524 521 2605 ἐξαπίνης
589 2526 1030 2606 ἐθορυβήθησαν
1086 2532 1157 2590 et
1213 2525 1333 2591 hoc
1394 2527 1609 2610 ipsum
1657 2524 1952 2590 Brasidas
1997 2531 2252 2613 egerat,
2298 2532 2372 2592 ut
2417 2528 2614 2595 Athe·

224 2636 477 2698 nienses
534 2631 628 2697 nil
690 2628 819 2697 tale
865 2636 1297 2717 exspectantes
1343 2631 1421 2696 de
1466 2631 1814 2717 improviso
1862 2631 2214 2696 adoriretur
2257 2635 2472 2718 itaque
2518 2636 2614 2699 in·

224 2744 392 2805 serta
438 2741 777 2824 negatione
820 2740 1167 2804 necessario
1212 2736 1555 2826 legendum
1605 2744 1734 2802 est:
1785 2736 1911 2801 ἀπὸ
1957 2737 2019 2802 δὲ
2067 2737 2354 2813 τοιαύτης
2400 2737 2614 2816 ξυντυ-

225 2848 383 2928 χίας
454 2846 561 2910 καὶ
633 2847 733 2923 μη
800 2844 1504 2925 προεκφοβήσεως.
1576 2842 1922 2909 Manifesta
1981 2864 2080 2909 res
2141 2849 2270 2909 est:
2335 2846 2614 2932 appellat

225 2951 591 3020 Classenius
652 2950 1108 3033 προεκφόβησιν
1172 2952 1273 3015 die
1346 2950 1404 3015 V
1397 2950 1736 3033 erbreituny
1797 2952 1903 3014 der
1961 2952 2151 3031 Any-rt
2212 2954 2360 3015 noch
2405 2954 2507 3017 ebe
2553 2974 2614 3018 ee

224 3084 355 3126 zum
426 3060 710 3142 Soblayen
777 3060 909 3123 kam
930 3106 946 3136 ‚
1014 3058 1115 3123 sed
1186 3055 1279 3121 nil
1342 3056 1471 3123 tale
1538 3057 1852 3122 acciderat
1897 3060 1962 3121 et
2009 3056 2306 3123 Brasidas
2354 3058 2612 3125 adortus

226 3168 435 3234 fuerat
481 3165 899 3232 Athenienses
942 3162 1415 3243 πεφοβημένους
1464 3187 1533 3228 τε
1579 3160 1722 3241 ἅμα
1770 3172 1848 3246 τῇ
1897 3162 2172 3246 σφετέρα
2219 3162 2456 3248 ἀταξίᾳ
2503 3166 2609 3230 καὶ

228 3275 337 3349 την
383 3274 630 3349 τόλμαν
678 3272 867 3336 αὐτοῦ
916 3268 1487 3348 ἐκπεπληγμένους.
1536 3269 1722 3335 Dices
1770 3275 1986 3335 autem
2034 3270 2296 3335 fortasse
2343 3271 2610 3337 medici-

228 3400 377 3445 nam
450 3380 853 3444 temerariam
927 3376 1163 3454 videri‚
1236 3378 1360 3441 nisi
1430 3377 1790 3463 negationis
1865 3377 2273 3440 insertionem
2355 3376 2611 3444 aliunde

228 3488 493 3571 probare
556 3487 817 3570 possim.
874 3483 1097 3569 Itaque
1160 3484 1317 3547 bene
1379 3482 1622 3549 factum
1687 3481 1853 3567 quod
1900 3480 2020 3547 Dio
2069 3478 2324 3547 Cassius
2369 3481 2508 3549 Vol.
2557 3483 2608 3551 1.

229 3614 291 3677 p,
361 3590 489 3656 152
552 3590 656 3657 Df.
712 3589 927 3656 locum
975 3591 1271 3655 imitatus
1312 3595 1442 3655 est:
1491 3588 1972 3669 διαφθειρόμενοι
2020 3598 2098 3670 τῇ
2144 3592 2295 3664 γοῦν
2343 3590 2611 3675 εὐτυχία

229 3705 339 3773 τῆς
407 3700 495 3774 μη
555 3695 1067 3776 προεκφοβήσεως
1133 3693 1625 3776 ἐπεκουφίζοντο.
1688 3693 1874 3760 Nunc
1935 3693 2260 3761 luculento
2317 3696 2612 3782 exemplo
2681 3760 2693 3772 ,

230 3810 528 3890 apparet,
578 3805 801 3889 qnanti
846 3805 933 3867 sit
978 3801 1423 3889 Thucydidem
1473 3807 1774 3888 perpetuo
1820 3800 2098 3867 conferre
2145 3822 2291 3866 cum
2341 3804 2456 3880 iis,
2498 3806 2612 3888 qui

230 3910 521 3976 flosculos
567 3930 714 3976 suos
761 3930 840 3975 ex
885 3908 1001 3974 illo
1046 3908 1231 3974 horto
1279 3908 1607 3992 decerpere
1653 3906 1876 3973 solent.
1947 3907 2090 3974 Non
2137 3908 2263 3973 fuit
2310 3910 2610 3991 προεκφό-

232 4016 411 4093 βησις
434 4065 453 4100 ,
516 4037 662 4081 nam
726 4015 941 4080 hostes
994 4018 1366 4100 necopinato
1411 4014 1736 4079 instabant
1781 4034 1895 4079 nec
1939 4016 2153 4099 potuit
2199 4012 2352 4081 Cleo
2399 4020 2611 4103 copias

232 4126 297 4188 in
360 4127 560 4189 aciem
626 4124 927 4189 educere:
1000 4121 1148 4187 hinc
1208 4122 1570 4187 ceciderunt
1633 4119 2049 4186 Athenienses
2113 4125 2428 4206 sexcenti,
2499 4123 2610 4188 sed

234 4229 493 4295 Brasida
552 4236 811 4315 excepto
870 4228 1349 4293 Lacedaemonii
1402 4228 1527 4292 fere
1572 4229 1969 4293 incruentam
2019 4229 2352 4294 victoriam
2401 4248 2611 4312 repor-

236 4343 547 4403 taverunt.
596 4338 657 4403 N
661 4359 740 4403 on
788 4338 1009 4422 opinor
1058 4334 1192 4400 fieri
1237 4355 1417 4421 posse
1462 4342 1538 4401 ut
1583 4356 1750 4401 nunc
1798 4335 1962 4401 mihi
2011 4338 2154 4421 quis
2199 4336 2606 4403 contradicat.
