3150 5000
553 264 685 335 1¹72
1625 288 1860 337 comm.

545 452 726 534 Quod
770 452 1015 521 Mnem.
1063 456 1148 540 X,
1199 454 1284 520 70
1331 455 1499 520 huno
1541 476 1798 522 versum
1838 460 2207 542 corruptum
2248 476 2381 523 esee
2404 456 2729 535 dicebam,
2752 455 2923 521 idem

541 560 708 626 vidit
753 559 1032 648 Blaydes
1075 580 1222 649 pag.
1271 560 1408 626 804
1453 562 1797 628 coniciens:

632 667 844 733 πολλοὶ
889 668 1127 732 τοιαυτὶ
1175 667 1582 749 σχήματα
1632 667 1845 750 δευρὶ
1898 670 2239 734 κάκεῖσε
2286 668 2843 748 σχηματίσαντας.

538 773 768 841 Nescio
836 794 916 840 an
985 776 1153 840 iusto
1221 776 1478 862 gravior
1534 776 1621 840 sit
1682 776 1993 860 mutatio,
2052 795 2255 861 neque
2318 776 2491 840 enim
2538 776 2607 839 in
2651 776 2925 859 repetito

538 880 773 945 τοιαυτὶ
846 880 982 947 ulla
1047 885 1148 946 est
1213 880 1487 946 offensio.
1557 880 1730 946 Mihi
1794 886 2052 947 venerat
2104 883 2175 947 in
2236 888 2554 960 mentem,
2618 881 2787 967 quod
2852 888 2925 946 ut

536 1006 762 1072 parum
809 994 1053 1052 certum
1101 992 1254 1052 tuno
1298 1008 1425 1053 non
1471 990 1969 1056 commemoravi

536 1093 747 1158 πολλοὶ
807 1096 1040 1159 τοιαυτὶ
1105 1093 1209 1158 κα)
1257 1093 1494 1159 τοιαυτὶ
1542 1090 1711 1159 κᾶθ’
1764 1098 1831 1181 (i.
1878 1116 1932 1161 e.
1981 1094 2087 1160 καὶ
2134 1091 2257 1177 ἔτι)
2304 1088 2542 1174 ἕτερα
2588 1093 2921 1175 σχηματί-

2636 1202 2923 1288 [σαντας.

533 1305 761 1373 Palam
807 1312 904 1373 est
949 1309 1162 1393 ipsum
1211 1306 1477 1372 eborum
1523 1306 1680 1373 haee
1726 1307 2037 1373 dicentem
2093 1308 2264 1373 varia
2310 1307 2629 1387 σχήματα
2673 1306 2925 1373 ludicra

537 1414 875 1481 saltatione
919 1414 1318 1500 expressisse.

624 1628 972 1702 ΑΜΙΡΒΙΔΒ.
1022 1629 1098 1696 fr.
1153 1628 1256 1707 10,
1309 1626 1352 1693 3

1081 1734 1386 1800 Διοπείθει
1435 1732 1521 1814 τῶ
1567 1732 2293 1816 παραμαινομένφ.

531 1840 758 1907 Potius
805 1841 1297 1927 comparandum
1349 1846 1446 1907 ost
1492 1846 1902 1917 παραληρεῒν,
1954 1861 2147 1925 quam
2195 1838 2611 1921 παραπαίειν,
2652 1841 2729 1902 ut
2763 1837 2921 1902 feeit

532 1946 751 2025 Kook,
822 1950 973 2033 quia
1047 1950 1114 2015 in
1184 1949 1302 2014 hoo
1364 1946 1555 2014 verbo
1619 1948 1996 2030 praepositio
2059 1946 2239 2011 verbi
2284 1947 2608 2011 notionem
2658 1964 2916 2030 prorsus

530 2059 769 2140 mutat,
817 2056 886 2118 in
934 2054 1435 2134 παραμαίνεσθαι
1483 2060 1550 2117 ot
1598 2059 1972 2133 παραληρεῒν
2016 2072 2143 2118 non
2189 2054 2369 2117 item.

621 2266 1024 2333 MRTAGBNBS
1070 2266 1146 2333 fr.
1198 2264 1283 2330 13
1815 2266 1909 2338 τίς
1960 2267 2215 2341 πολίτης
2264 2264 2316 2329 δ’
2364 2263 2496 2329 ἔστ’
2544 2262 2634 2329 ἔτι

800 2378 964 2447 πλὴν
1011 2370 1108 2453 ἄρ’
1154 2373 1205 2438 εἰ
1257 2370 1474 2444 Σάκας
1523 2372 1550 2436 ό
1599 2372 1811 2444 Μυσὸς
1860 2375 1962 2437 καὶ
2007 2373 2091 2438 τὸ
2140 2372 2415 2437 Καλλίου
2463 2373 2661 2449 νόθονς

525 2480 896 2549 Notandum
944 2485 1041 2546 est
1086 2478 1155 2543 τὸ
1205 2479 1360 2546 νόθον
1406 2486 1651 2565 praeter
1701 2501 1946 2546 morem
1991 2479 2233 2548 dietum
2286 2500 2395 2566 pro
2442 2479 2471 2544 ὃ
2522 2478 2701 2552 νόθος,

617 2685 1035 2751 Anmmmis
1078 2684 1152 2749 fr.
1206 2681 1292 2748 42

977 2789 1195 2867 λαβὼν
1243 2787 1619 2865 ἐπανάξω
1668 2789 1931 2868 σύαγρον
1976 2790 2062 2860 εἷς
2112 2792 2223 2864 τὴν
2270 2789 2462 2855 οἰκίαν

977 2905 1087 2970 τῆς
1135 2897 1343 2966 νυκτὸς
1392 2897 1586 2970 αὐτῆς
1638 2895 1739 2959 καὶ
1788 2894 2009 2960 λέοντα
2059 2895 2162 2960 καὶ
2212 2895 2415 2961 λύκον.

521 3004 720 3072 Recte
777 3005 1038 3069 fortasse
1101 3001 1288 3067 Kook
1347 3002 1618 3068 coniecit
1676 3000 1887 3078 μέγαν
1952 2999 2113 3076 ἄξω,
2161 3002 2270 3067 sed
2317 3001 2479 3068 falso
2526 3008 2909 3090 argumento

523 3112 935 3198 impugnavit
995 3105 1220 3174 Cobeti
1266 3109 1691 3173 coniecturam
1741 3107 2021 3186 ἐπανήξω
2069 3109 2345 3174 scribens
2390 3127 2579 3184 „oum
2630 3107 2907 3173 alienam

527 3218 768 3305 (iungit
803 3218 976 3282 enim
1023 3214 1106 3280 K.
1156 3215 1240 3288 εἷς
1291 3216 1401 3286 τὴν
1446 3215 1641 3278 οἰκίαν
1690 3215 1909 3302 αὐτῆς)
1960 3215 2221 3280 domum
2269 3235 2473 3300 nequo
2520 3218 2755 3280 reverti
2798 3237 2913 3310 ue-

523 3342 644 3408 que
715 3323 932 3388 reduci
1001 3320 1342 3407 quidquam
1406 3320 1675 3406 possit.”
1762 3319 1945 3396 Quod
2008 3323 2101 3387 ita
2164 3321 2608 3387 tantummodo
2677 3341 2908 3388 verum

522 3433 649 3504 est,
700 3431 755 3493 si
825 3427 1070 3493 conatait
1139 3448 1285 3492 eum
1358 3426 1435 3491 de
1497 3446 1621 3512 quo
1684 3428 1901 3514 agitur
1959 3447 2083 3493 non
2147 3447 2224 3494 ex
2288 3426 2496 3500 aliena
2551 3425 2667 3494 illa
2714 3426 2909 3494 domo

521 3533 874 3620 profectum
931 3553 1096 3606 esse.
1168 3529 1468 3598 Ceterum
1535 3534 1604 3596 in
1667 3534 1784 3598 hae
1850 3534 2195 3622 fragmenti
2257 3535 2571 3600 brevitate
2615 3555 2698 3598 ne
2745 3535 2905 3600 satis

523 3643 776 3728 quidem
851 3647 1020 3708 certo
1090 3639 1426 3705 diiudicari
1483 3645 1723 3724 potest,
1792 3646 2005 3706 utrum
2065 3643 2251 3728 iungi
2308 3648 2595 3726 oporteat
2658 3641 2743 3714 εἷς
2792 3644 2903 3717 τὴν

519 3749 710 3812 οἰκίαν
775 3749 1005 3823 αὐτῆς,
1057 3769 1135 3813 an
1182 3767 1341 3833 quae
1386 3744 1578 3834 longe
1626 3745 1976 3831 simplicior
2022 3755 2342 3814 structura
2389 3754 2484 3814 est
2531 3755 2639 3822 τῆς
2691 3749 2903 3820 νυκτὸς

515 3854 710 3928 αὐτῆς
731 3900 748 3932 ,
813 3859 946 3939 ipsa
1012 3860 1196 3918 nocte.
1255 3853 1568 3938 Equidem
1632 3851 1857 3918 Oobeti
1905 3855 2332 3920 coniecturam
2394 3853 2724 3940 repudiare
2774 3875 2899 3921 non

516 3979 745 4026 aualm.

605 4177 781 4247 Idem
831 4179 912 4246 fr.
958 4177 1067 4245 85.
1120 4180 1152 4245 1

872 4285 938 4349 τί
981 4279 1080 4350 οὖν
1127 4285 1461 4354 ἐνέσται
1507 4296 1680 4360 τοῖς
1728 4289 2071 4368 θεοῖο-ιη
2130 4299 2197 4358 Β.
2244 4289 2375 4358 οὐδὲ
2424 4283 2508 4371 ἓν,

870 4391 946 4460 ἂν
992 4395 1080 4474 μὴ
1129 4393 1412 4476 nepotem.
