3150 5000
551 220 684 290 266
1576 245 1913 296 Amans

645 408 748 475 13.
814 407 893 495 3,
956 411 1024 474 in
1085 409 1368 475 oratione
1429 405 1790 475 Constantii
1852 409 1933 476 ad
1980 409 2261 478 milites:
2316 411 2645 490 „Iulianus
2691 413 2941 480 leuium

549 513 925 582 confidentia
961 515 1378 601 proeliorum,
1419 535 1582 601 quae
1626 535 1777 580 cum
1826 513 2167 583 Germanis
2211 521 2413 606 gessit
2458 523 2935 598 semiermibus,

547 628 623 690 ut
668 643 886 690 uecors
933 623 1139 690 elatus
1155 671 1172 702 ,
1215 622 1474 689 adscitis
1510 624 1578 686 in
1610 625 1983 689 societatem
2023 645 2054 689 s
2074 646 2119 690 u
2135 646 2176 711 p
2198 645 2231 691 e
2244 647 2277 690 r
2294 626 2334 691 b
2352 647 2389 692 a
2406 647 2477 691 m
2518 626 2943 695 auxiliaribus

549 733 799 818 paucis,
846 732 915 796 in
961 750 1190 796 noxam
1239 728 1563 815 publicam
1612 732 2068 815 conspirauit.”

638 835 879 903 Veram
925 835 1261 902 lectionem
1308 835 1578 901 arbitror
1627 838 1737 916 „in
1783 840 2151 904 societatem
2198 839 2282 904 in
2304 859 2345 925 p
2363 839 2503 906 rob
2520 859 2559 905 a
2574 842 2713 906 m.'’

517 1055 524 1060 ·
642 1039 747 1106 13.
801 1038 906 1104 16.
957 1037 1072 1118 ,,Ιιι
1115 1037 1432 1105 laetitiam
1477 1040 1826 1127 imperator
1868 1061 2089 1106 uersus
2135 1061 2214 1108 ex
2262 1045 2443 1108 metu
2463 1088 2481 1122 ‚
2522 1042 2941 1109 Arbetionem

547 1151 694 1215 ante
753 1145 913 1212 alios
975 1145 1346 1212 faustum
1413 1146 1493 1211 ad
1552 1148 1858 1212 intestina
1922 1146 2089 1213 bella
2132 1146 2411 1215 sedanda
2457 1170 2535 1214 ex
2584 1154 2733 1215 ante
2782 1151 2947 1215 actis

541 1257 675 1322 iam
717 1257 921 1320 sciens
936 1302 955 1338 ,
1001 1255 1126 1319 iter
1172 1273 1365 1318 suum
1412 1254 1656 1338 praeire
1702 1254 2097 1339 praecepit.”

636 1359 794 1441 Quis
831 1379 1114 1444 unquam
1151 1361 1244 1425 sic
1282 1358 1536 1426 locutus
1576 1365 1707 1426 est:
1752 1360 1981 1438 „homo
2004 1360 2252 1426 faustus
2279 1361 2358 1426 ad
2384 1360 2554 1428 bella
2574 1359 2944 1429 sedanda''?

546 1465 811 1554 Cor-rige
871 1465 1053 1532 sodes
1114 1465 1477 1547 „factum
1537 1465 1619 1532 ad
1681 1463 1848 1532 bella
1894 1466 2168 1532 sedanda
2194 1467 2257 1546 ,''
2303 1469 2349 1532 i.
2376 1488 2435 1533 e.
2484 1477 2743 1555 aptum,
2791 1467 2941 1533 ido·

545 1592 763 1640 neum.

639 1773 744 1842 16.
798 1772 880 1840 17
943 1772 1352 1842 Constantius
1396 1745 1699 1840 narratur
1732 1773 1928 1839 fuisse
1977 1772 2300 1852 „adimere
2346 1774 2556 1842 facilis
2602 1795 2761 1862 quae
2810 1775 2943 1842 do-

544 1881 867 1948 nabat”
2678 1911 2687 1920 -

635 1987 844 2053 Immo
889 1985 1101 2053 hercle
1148 2007 1311 2073 quae
1356 1986 1398 2053 d
1414 2005 1452 2052 o
1467 2009 1512 2053 n
1528 2006 1566 2053 a
1582 2008 1615 2052 r
1627 2007 1666 2052 a
1680 1992 1732 2052 t.

639 2189 744 2256 16.
799 2189 882 2256 19
923 2190 1101 2257 idem
1147 2187 1560 2257 Constantius
1599 2191 1795 2256 fuisse
1840 2195 2132 2256 narratur
2180 2190 2551 2280 „subniger,
2599 2191 2745 2259 luce
2784 2213 2941 2259 ocu-

541 2297 752 2364 lorum
801 2318 836 2363 e
850 2298 891 2363 d
907 2299 932 2361 i
949 2303 978 2361 t
994 2317 1033 2362 a
1078 2317 1455 2382 cernensque
1503 2298 1834 2362 acutum.'’

635 2403 812 2470 Olim
859 2406 1169 2490 scriptum
1217 2423 1350 2469 esse
1397 2404 1683 2488 suspicor
1732 2401 1917 2480 „luce
1964 2400 2307 2468 oculorum
2340 2425 2385 2468 n
2402 2405 2427 2468 i
2444 2405 2512 2468 ti
2529 2402 2570 2467 d
2589 2405 2695 2470 a.''

640 2606 744 2672 16.
794 2606 902 2672 21.
970 2604 1272 2684 „Iouiano
1333 2604 1631 2673 uehiculo
1692 2605 2025 2685 insidenti,
2076 2608 2243 2692 quod
2288 2606 2583 2692 portabat
2632 2605 2939 2693 reliquias

544 2712 922 2791 Constantii,
969 2710 1274 2778 animalia
1316 2712 1576 2798 publica
1622 2732 1691 2779 m
1708 2731 1743 2777 o
1759 2733 1801 2776 n
1819 2733 1851 2776 s
1867 2718 1894 2777 t
1909 2734 1942 2776 r
1955 2731 1993 2777 a
2006 2714 2045 2779 b
2060 2732 2095 2777 a
2114 2734 2157 2775 n
2172 2718 2202 2777 t
2216 2733 2264 2778 ιι
2277 2732 2328 2777 r.
2338 2714 2378 2741 ”

631 2818 963 2887 Animalia
1009 2819 1263 2906 publica
1301 2818 1450 2905 equi
1490 2826 1641 2885 sunt
1678 2820 1893 2885 cursui
1927 2818 2183 2905 publico
2219 2819 2551 2907 assignati.
2596 2818 2694 2886 Hi
2716 2826 2937 2887 autem

541 2948 698 3013 non,
789 2928 1044 3012 opinor,
1130 2926 1828 3023 monstrabantur
1910 2924 2209 3004 Iouian0‚
2297 2925 2407 2992 sed
2490 2928 2939 2995 ministra-

542 3034 871 3099 bantun

1505 3448 1709 3517 Imm
1755 3447 1965 3517 XXII.

633 3648 697 3715 4.
761 3647 823 3713 3.
897 3646 1116 3727 „Pasti
1184 3695 1201 3712 .
1230 3696 1247 3713 .
1276 3696 1292 3713 .
1317 3694 1332 3712 .
1396 3646 1661 3732 quidam
1732 3644 2120 3731 templorum
2198 3643 2421 3731 spoliis
2485 3650 2551 3712 et
2612 3644 2795 3714 lucra
2858 3668 2936 3714 ex

540 3759 718 3824 omni
794 3755 1124 3820 odorantes
1209 3756 1565 3838 occasione,
1646 3754 1725 3818 ab
1796 3759 2079 3840 egestate
2146 3750 2369 3819 infima
2441 3751 2538 3818 ad
2608 3754 2935 3820 saltum

537 3863 777 3930 sublati
822 3860 1198 3941 diuitiarum
1245 3860 1655 3946 ingentium''
1703 3864 1858 3926 cett.

628 3968 773 4035 Non
836 3965 1144 4054 intellego
1213 3986 1250 4030 a
1264 3965 1304 4030 d
1373 3986 1404 4030 s
1421 3965 1603 4030 altu
1620 3986 1709 4031 m.
1780 3964 2039 4031 Gonicio
2110 3986 2189 4043 „a
2204 3964 2245 4029 d
2310 3965 2346 4030 f
2352 3984 2392 4030 a
2407 3986 2439 4029 s
2456 3970 2485 4029 t
2501 3986 2544 4029 u
2560 3986 2627 4030 m
2690 3964 2933 4031 sublati

535 4072 982 4143 diuitiarum.”
1031 4070 1127 4143 Of.
1175 4090 1336 4156 quae
1382 4074 1685 4137 annotaui
1733 4071 1811 4136 ad
1859 4070 2063 4136 XVII.
2118 4069 2222 4137 13.
2282 4070 2383 4135 13.

627 4290 689 4355 4.
739 4286 801 4351 5.
853 4282 1224 4371 „Ing-lanies
1271 4292 1335 4349 et
1379 4286 1673 4372 gurgites
1711 4303 1965 4349 creuere
2006 4286 2330 4370 praerupti
2370 4285 2825 4351 conuiuiorum
2866 4288 2929 4349 et

532 4416 646 4483 pro
703 4389 1144 4460 uictorialibus
1203 4388 1490 4475 epulares
1550 4390 1864 4477 triumphi
1880 4436 1899 4468 ‚
1967 4410 2012 4455 ιι
2026 4410 2056 4456 s
2072 4409 2116 4455 u
2131 4410 2162 4455 s
2182 4410 2221 4476 q
2236 4410 2281 4455 ιι
2299 4409 2335 4455 e
2395 4409 2433 4456 a
2452 4390 2493 4456 b
2511 4410 2554 4455 u
2570 4412 2615 4455 n
2628 4388 2675 4456 d
2687 4410 2725 4457 a
2743 4412 2788 4457 n
2804 4394 2835 4455 t
2850 4410 2885 4455 e
2900 4409 2933 4455 s
