3150 5000
1330 216 1797 337 uancsnnmvs.
2631 267 2760 336 287

474 455 535 522 5.
588 457 646 521 5.
720 459 947 534 „Anno
992 461 1207 522 secuto
1252 456 1505 544 ingredi
1549 462 1745 522 terras
1793 455 2056 522 hostiles
2100 458 2238 541 pari
2285 454 2613 522 alacritate
2657 476 2762 523 co-

379 567 568 629 natus
614 563 819 628 fusius
864 562 1146 628 Danubii
1194 563 1567 649 gurgitibus
1612 582 1776 649 uag
1800 564 1921 627 ati
1942 583 1972 628 s
2020 562 2342 648 inpeditus
2387 562 2540 630 est.'’·

469 667 749 754 Requiro
816 671 1249 756 euagatis,
1322 668 1489 753 quod
1551 667 1630 733 de
1692 667 2068 734 fluminibus
2129 670 2575 756 stagnantibus
2635 668 2765 735 sol-

376 774 591 841 lemne
636 782 751 841 est.

472 978 534 1044 6.
586 981 647 1044 1.
714 977 927 1057 „luter
987 979 1143 1044 haec
1191 975 1638 1044 Valentiniano
1683 978 2130 1066 magnitudine
2175 984 2468 1065 quassato
2515 979 2765 1046 morbo-

376 1107 523 1152 rum
546 1137 563 1171 ,
632 1089 1043 1174 agitanteque
1114 1089 1433 1167 extrema,
1510 1087 1910 1152 conuiuio
1979 1085 2320 1152 occultiore
2387 1082 2760 1164 Gallorum,

378 1195 491 1280 qui
549 1192 811 1258 aderant
856 1192 922 1256 in
970 1189 1351 1256 commilitio
1398 1192 1736 1288 principis,
1786 1192 1865 1257 ad
1906 1193 2258 1278 imperium
2301 1191 2608 1258 Rusticus
2652 1192 2762 1258 Iu-

376 1299 587 1364 lianus
631 1297 1067 1384 poscebatur.”
2733 1368 2740 1376 ‚

469 1403 613 1472 Non
678 1404 809 1470 fero
872 1403 1302 1482 conuiuio,
1370 1403 1537 1490 quod
1600 1403 1777 1469 dedit
1825 1399 2149 1472 Gelenius.
2201 1404 2276 1469 In
2321 1402 2397 1468 V.
2448 1412 2544 1470 est
2591 1425 2762 1471 con-

376 1513 527 1578 uii.
582 1509 1008 1576 Scribeudum
1053 1529 1193 1577 reor
1241 1509 1654 1589 „consilio
1702 1508 2100 1577 occultiore.”

472 1727 533 1793 6.
602 1727 642 1793 6
661 1775 679 1804 ,
742 1730 811 1792 in
873 1730 1157 1794 oratione
1214 1726 1646 1793 Valentiniani
1692 1727 1773 1793 ad
1820 1727 2097 1793 milites:
2149 1728 2564 1806 „faustum
2614 1749 2767 1818 erga

376 1857 485 1902 me
546 1838 747 1902 uestri
804 1835 1043 1902 fauoris
1102 1834 1415 1901 indicium
1432 1885 1447 1908 ‚
1513 1835 1684 1901 hunc
1731 1834 1856 1901 loci
1902 1835 2270 1922 principalis
2317 1837 2766 1904 circumferens

379 1944 676 2009 habitum
696 1991 714 2021 ,
780 1962 903 2028 quo
969 1943 1178 2027 potior
1239 1941 1385 2008 aliis
1428 1942 1752 2008 iudicatus
1795 1962 1943 2006 sum
1988 1942 2218 2008 multis
2265 1951 2330 2008 et
2375 1942 2566 2009 claris
2611 1992 2626 2008 .
2656 1991 2674 2009 .
2701 1991 2719 2010 .
2747 1993 2764 2012 .

376 2051 637 2136 pietatis
686 2048 966 2116 officium
1014 2048 1349 2136 adgrediar
1396 2046 1926 2134 tempestiuum.”

471 2156 718 2222 Iniuria
780 2154 1215 2242 Eyssenhardt
1275 2156 1514 2241 recepit
1575 2152 1912 2220 lectionem
1981 2153 2132 2222 Ood.
2202 2152 2555 2222 Golbertini
2599 2157 2680 2223 fa
2694 2178 2765 2223 u-

380 2269 619 2330 stum.
694 2261 772 2328 In
841 2260 985 2327 Vat.
1057 2269 1153 2327 est
1223 2267 1557 2328 austum
1582 2309 1598 2338 ,
1669 2281 1750 2328 ex
1815 2282 1939 2347 quo
1988 2260 2294 2329 Gelenius
2342 2263 2513 2331 male
2559 2262 2766 2331 effecit

380 2375 734 2438 auctum.
784 2371 1170 2434 Ammianus
1216 2371 1552 2453 scripserat
1599 2369 1912 2434 nimirum
1952 2373 2404 2458 au<gu>stu
2423 2391 2514 2436 m.
2557 2369 2769 2459 Signi-

378 2475 527 2543 ficat
594 2474 1077 2544 Valentinianus
1138 2476 1419 2563 insignia
1476 2476 1887 2560 imperatoria
1946 2475 2235 2542 militum
2299 2475 2516 2544 fauore
2575 2479 2641 2543 in
2703 2497 2769 2545 se

381 2582 633 2650 collata.

474 2783 537 2850 6.
588 2782 646 2853 ¹7.
718 2786 1050 2871 „Accipite
1095 2787 1322 2871 igitur,
1370 2805 1638 2869 quaeso,
1684 2783 1953 2870 placidis
1998 2787 2323 2852 mentibus
2369 2834 2388 2851 .
2414 2832 2432 2851 .
2461 2835 2480 2853 .
2527 2786 2770 2853 deside-

376 2895 550 2959 rium
620 2898 941 2969 nostrum,
1014 2891 1082 2957 id
1150 2896 1512 2976 reputantes
1585 2892 1752 2976 quod
1812 2890 2001 2976 haec,
2065 2912 2224 2979 quae
2283 2890 2421 2959 fieri
2484 2894 2769 2960 caritatis

376 3002 671 3067 sanciunt
707 3002 883 3075 iura,
921 3018 1047 3064 non
1089 2991 1342 3063 tantum
1385 3005 1515 3063 tra
1534 3000 1758 3063 nsire
1796 2997 2124 3063 noluimus
2163 3019 2277 3085 per
2316 2999 2766 3066 conscientiam

360 3112 679 3183 uestram,
721 3126 949 3171 uerum
997 3107 1194 3171 etiam
1242 3105 1505 3191 probata
1552 3102 1792 3170 firmari
1839 3109 1915 3170 ut
1961 3126 2242 3194 congrua
2283 3107 2468 3172 nobis
2515 3111 2581 3171 et
2623 3125 2768 3192 pro-

373 3212 660 3279 futura.'’

466 3318 539 3384 In
586 3319 688 3385 his
734 3340 845 3405 pro
892 3322 1257 3385 transire
1306 3318 1755 3407 corrigendum
1799 3324 1956 3405 puto
2004 3322 2519 3408 transigere.

472 3534 533 3604 6.
596 3536 658 3602 8.
744 3535 1171 3615 „Gratianum
1244 3537 1411 3602 hunc
1483 3558 1705 3603 meum
1781 3585 1796 3602 .
1825 3586 1842 3602 .
1871 3584 1890 3603 .
1954 3540 2020 3602 in
2091 3543 2438 3626 augustum
2511 3558 2764 3606 sumere

374 3642 835 3711 commilitium
898 3661 1050 3729 paro
1100 3692 1115 3707 .
1146 3692 1164 3709 .
1193 3691 1207 3708 .
1259 3644 1543 3709 familiae
1607 3665 1757 3709 suae
1803 3644 2104 3710 laudibus
2150 3646 2596 3730 maiorumque
2638 3644 2764 3711 fac-

375 3754 463 3816 tis
510 3750 977 3835 praestantibus
1022 3752 1459 3817 concinentem
1483 3798 1498 3827 ‚
1550 3750 1904 3835 potioribus
1955 3787 2039 3799 —
2089 3750 2476 3815 inuidiae
2537 3756 2764 3817 metu

374 3856 614 3921 dicitur
659 3892 741 3903 —
793 3858 1081 3940 protinus
1129 3855 1636 3923 succreturum.”

468 3960 715 4025 Ultima
772 3961 967 4027 uerba
1028 3962 1095 4025 in
1159 3960 1305 4026 Vat.
1371 3965 1603 4028 misere
1663 3968 1957 4048 corrupta
2002 3967 2190 4046 sunt,
2235 3964 2302 4026 in
2354 3982 2477 4048 quo
2521 3962 2766 4051 legitur

372 4068 790 4154 paucibus
1041 4074 1649 4135 surrecturum.
1732 4068 2231 4135 Potioribus
2301 4079 2396 4135 est
2463 4071 2532 4134 in
2605 4067 2763 4137 cod.

372 4172 762 4241 Oolbe'rtino.
830 4172 1431 4239 Succreturum
1506 4176 1772 4241 debetur
1840 4174 2087 4240 Valesii
2149 4178 2580 4253 coniecturae,
2649 4178 2761 4262 qui

372 4282 722 4364 comparari
784 4281 963 4346 iubet
1022 4279 1236 4345 locum
1300 4281 1467 4365 apud
1532 4280 1676 4345 [siu.
1741 4280 1823 4347 X.
1892 4278 1998 4365 13,
2045 4281 2157 4347 ubi
2204 4280 2440 4348 Fabius
2492 4284 2649 4348 dicit
2695 4303 2762 4349 se

373 4388 690 4451 seniorum
741 4385 985 4473 gloriae
1032 4390 1419 4453 succreuisse
1465 4390 1508 4451 i.
1538 4408 1592 4452 e.
1643 4408 1710 4453 se
1760 4388 2021 4477 dignam
2070 4386 2351 4453 sobolem
2395 4408 2528 4455 esse
2568 4388 2763 4455 maio-
