<?xml version="1.0" encoding="UTF-8"?>
<!DOCTYPE html PUBLIC "-//W3C//DTD XHTML 1.0 Transitional//EN"
    "http://www.w3.org/TR/xhtml1/DTD/xhtml1-transitional.dtd">
<html xmlns="http://www.w3.org/1999/xhtml" xml:lang="en" lang="en">
 <head>
  <title>
</title>
<meta http-equiv="Content-Type" content="text/html;charset=utf-8" />
  <meta name='ocr-system' content='tesseract 3.04.00' />
  <meta name='ocr-capabilities' content='ocr_page ocr_carea ocr_par ocr_line ocrx_word'/>
</head>
<body>
  <div class='ocr_page' id='page_1' title='image "./mnemosyne06servgoog_0691.png"; bbox 0 0 3150 5000; ppageno 0'>
   <div class='ocr_carea' id='block_1_1' title="bbox 1239 228 2593 326">
    <p class='ocr_par' dir='ltr' id='par_1_1' title="bbox 1239 228 2593 326">
     <span class='ocr_line' id='line_1_1' title="bbox 1239 228 2593 326; baseline -0.003 -2"><span class='ocrx_word' id='word_1_1' title='bbox 1239 275 1572 326; x_wconf 63' lang='lat' dir='ltr'><strong>Lucanus.</strong></span> <span class='ocrx_word' id='word_1_2' title='bbox 2462 228 2593 320; x_wconf 81' lang='lat'>21&#39;3</span> 
     </span>
    </p>
   </div>
   <div class='ocr_carea' id='block_1_2' title="bbox 213 441 2618 4248">
    <p class='ocr_par' dir='ltr' id='par_1_2' title="bbox 213 441 2591 618">
     <span class='ocr_line' id='line_1_2' title="bbox 213 441 2591 529; baseline -0.003 -18"><span class='ocrx_word' id='word_1_3' title='bbox 213 443 670 512; x_wconf 83' lang='lat' dir='ltr'><strong>demonstravit</strong></span> <span class='ocrx_word' id='word_1_4' title='bbox 711 443 1100 510; x_wconf 84' lang='lat' dir='ltr'><strong>Fritzschius</strong></span> <span class='ocrx_word' id='word_1_5' title='bbox 1145 479 1226 492; x_wconf 91' lang='lat'><strong><em>—-</em></strong></span> <span class='ocrx_word' id='word_1_6' title='bbox 1268 463 1458 529; x_wconf 89' lang='lat' dir='ltr'><strong>quem</strong></span> <span class='ocrx_word' id='word_1_7' title='bbox 1499 463 1576 509; x_wconf 85' lang='lat' dir='ltr'><strong>ex</strong></span> <span class='ocrx_word' id='word_1_8' title='bbox 1614 441 1815 509; x_wconf 83' lang='lat' dir='ltr'><strong>Suida</strong></span> <span class='ocrx_word' id='word_1_9' title='bbox 1857 443 1897 507; x_wconf 88' lang='lat' dir='ltr'><strong>i.</strong></span> <span class='ocrx_word' id='word_1_10' title='bbox 1928 463 1989 510; x_wconf 82' lang='lat' dir='ltr'><strong><em>v.</em></strong></span> <span class='ocrx_word' id='word_1_11' title='bbox 2028 443 2328 508; x_wconf 85' lang='lat' dir='ltr'><strong>novimus</strong></span> <span class='ocrx_word' id='word_1_12' title='bbox 2367 441 2591 505; x_wconf 83' lang='lat' dir='ltr'><strong>Romae</strong></span> 
     </span>
     <span class='ocr_line' id='line_1_3' title="bbox 215 551 982 618; baseline 0.003 -2"><span class='ocrx_word' id='word_1_13' title='bbox 215 551 616 618; x_wconf 80' lang='lat' dir='ltr'><strong>domicilium</strong></span> <span class='ocrx_word' id='word_1_14' title='bbox 665 551 982 618; x_wconf 82' lang='lat' dir='ltr'><strong>habuisse.</strong></span> 
     </span>
    </p>

    <p class='ocr_par' dir='ltr' id='par_1_3' title="bbox 309 651 2595 784">
     <span class='ocr_line' id='line_1_4' title="bbox 309 651 2595 784; baseline -0.003 -61"><span class='ocrx_word' id='word_1_15' title='bbox 309 655 464 743; x_wconf 80' lang='lat' dir='ltr'><strong>Gap.</strong></span> <span class='ocrx_word' id='word_1_16' title='bbox 520 655 624 722; x_wconf 87' lang='grc'><strong><em>18.</em></strong></span> <span class='ocrx_word' id='word_1_17' title='bbox 675 655 1154 742; x_wconf 83' lang='lat' dir='ltr'><strong>Supplendum:</strong></span> <span class='ocrx_word' id='word_1_18' title='bbox 1203 654 1367 720; x_wconf 69' lang='grc' dir='ltr'><strong><em>πάνυ</em></strong></span> <span class='ocrx_word' id='word_1_19' title='bbox 1417 655 1603 784; x_wconf 49' lang='lat' dir='ltr'><strong>(urin)</strong></span> <span class='ocrx_word' id='word_1_20' title='bbox 1653 655 1861 733; x_wconf 79' lang='grc' dir='ltr'><strong><em>ὡραῖον</em></strong></span> <span class='ocrx_word' id='word_1_21' title='bbox 1894 659 1975 720; x_wconf 80' lang='lat' dir='ltr'><strong>et</strong></span> <span class='ocrx_word' id='word_1_22' title='bbox 2020 654 2219 753; x_wconf 75' lang='grc' dir='ltr'><strong><em>καλός</em></strong></span> <span class='ocrx_word' id='word_1_23' title='bbox 2258 656 2399 740; x_wconf 74' lang='grc' dir='ltr'>(γ’),</span> <span class='ocrx_word' id='word_1_24' title='bbox 2450 651 2595 734; x_wconf 81' lang='grc' dir='ltr'><strong><em>ἔφη.</em></strong></span> 
     </span>
    </p>

    <p class='ocr_par' dir='ltr' id='par_1_4' title="bbox 215 757 2599 956">
     <span class='ocr_line' id='line_1_5' title="bbox 305 757 2599 849; baseline -0.002 -20"><span class='ocrx_word' id='word_1_25' title='bbox 305 761 456 849; x_wconf 81' lang='lat' dir='ltr'><strong>Cap.</strong></span> <span class='ocrx_word' id='word_1_26' title='bbox 505 763 648 828; x_wconf 84' lang='lat'><strong><em>25.</em></strong></span> <span class='ocrx_word' id='word_1_27' title='bbox 666 765 742 828; x_wconf 78' lang='grc' dir='ltr'><strong><em>οὐ</em></strong></span> <span class='ocrx_word' id='word_1_28' title='bbox 789 764 938 842; x_wconf 74' lang='grc' dir='ltr'><strong><em>γὰρ</em></strong></span> <span class='ocrx_word' id='word_1_29' title='bbox 981 759 1150 842; x_wconf 81' lang='grc' dir='ltr'><strong><em>εἶχέ</em></strong></span> <span class='ocrx_word' id='word_1_30' title='bbox 1189 785 1400 845; x_wconf 79' lang='grc' dir='ltr'><strong><em>τινα,</em></strong></span> <span class='ocrx_word' id='word_1_31' title='bbox 1437 757 1684 839; x_wconf 81' lang='grc' dir='ltr'><strong><em>οἶμαι,</em></strong></span> <span class='ocrx_word' id='word_1_32' title='bbox 1722 763 1970 826; x_wconf 73' lang='grc' dir='ltr'><strong><em>εἰπεῖν</em></strong></span> <span class='ocrx_word' id='word_1_33' title='bbox 2008 767 2377 826; x_wconf 82' lang='grc' dir='ltr'><strong><em>τοιοῦτον.</em></strong></span> <span class='ocrx_word' id='word_1_34' title='bbox 2428 761 2599 826; x_wconf 86' lang='lat' dir='ltr'><strong>Ieiu-</strong></span> 
     </span>
     <span class='ocr_line' id='line_1_6' title="bbox 215 867 2594 956; baseline -0.001 -22"><span class='ocrx_word' id='word_1_35' title='bbox 215 871 358 937; x_wconf 89' lang='lat' dir='ltr'><strong>nius</strong></span> <span class='ocrx_word' id='word_1_36' title='bbox 399 871 519 935; x_wconf 90' lang='lat' dir='ltr'><strong><em>hoc</em></strong></span> <span class='ocrx_word' id='word_1_37' title='bbox 565 873 660 935; x_wconf 87' lang='lat' dir='ltr'><strong>est</strong></span> <span class='ocrx_word' id='word_1_38' title='bbox 697 890 891 956; x_wconf 88' lang='lat' dir='ltr'><strong>quam</strong></span> <span class='ocrx_word' id='word_1_39' title='bbox 933 877 1008 934; x_wconf 88' lang='lat' dir='ltr'><strong>ut</strong></span> <span class='ocrx_word' id='word_1_40' title='bbox 1047 871 1124 934; x_wconf 87' lang='lat' dir='ltr'><strong><em>ab</em></strong></span> <span class='ocrx_word' id='word_1_41' title='bbox 1163 872 1300 954; x_wconf 90' lang='lat' dir='ltr'><strong>ipso</strong></span> <span class='ocrx_word' id='word_1_42' title='bbox 1341 867 1619 934; x_wconf 80' lang='lat' dir='ltr'><strong>Lucieno</strong></span> <span class='ocrx_word' id='word_1_43' title='bbox 1656 867 1947 936; x_wconf 86' lang='lat' dir='ltr'><strong>additum</strong></span> <span class='ocrx_word' id='word_1_44' title='bbox 1975 867 2139 932; x_wconf 90' lang='lat' dir='ltr'><strong>mihi</strong></span> <span class='ocrx_word' id='word_1_45' title='bbox 2160 867 2594 952; x_wconf 77' lang='lat' dir='ltr'><strong>persuadeam.</strong></span> 
     </span>
    </p>

    <p class='ocr_par' dir='ltr' id='par_1_5' title="bbox 213 971 2602 1596">
     <span class='ocr_line' id='line_1_7' title="bbox 305 971 2599 1062; baseline -0.003 -18"><span class='ocrx_word' id='word_1_46' title='bbox 305 973 458 1062; x_wconf 84' lang='lat' dir='ltr'><strong>Gap.</strong></span> <span class='ocrx_word' id='word_1_47' title='bbox 507 975 618 1042; x_wconf 81' lang='lat'><strong><em>26.</em></strong></span> <span class='ocrx_word' id='word_1_48' title='bbox 663 977 744 1041; x_wconf 76' lang='grc' dir='ltr'><strong><em>ἑνὶ</em></strong></span> <span class='ocrx_word' id='word_1_49' title='bbox 789 982 940 1055; x_wconf 81' lang='grc' dir='ltr'><strong><em>γοῦν</em></strong></span> <span class='ocrx_word' id='word_1_50' title='bbox 985 975 1435 1056; x_wconf 75' lang='grc' dir='ltr'><strong><em>ἐρωτηθέντι</em></strong></span> <span class='ocrx_word' id='word_1_51' title='bbox 1485 976 1588 1039; x_wconf 84' lang='grc' dir='ltr'><strong><em>ὑπ’</em></strong></span> <span class='ocrx_word' id='word_1_52' title='bbox 1638 976 1830 1040; x_wconf 79' lang='grc' dir='ltr'><strong><em>αὐτοῦ</em></strong></span> <span class='ocrx_word' id='word_1_53' title='bbox 1880 971 2063 1052; x_wconf 82' lang='grc' dir='ltr'><strong><em>λόγον</em></strong></span> <span class='ocrx_word' id='word_1_54' title='bbox 2100 975 2237 1038; x_wconf 71' lang='grc' dir='ltr'><strong><em>τινὰ</em></strong></span> <span class='ocrx_word' id='word_1_55' title='bbox 2276 997 2379 1038; x_wconf 89' lang='grc' dir='ltr'><strong><em>και</em></strong></span> <span class='ocrx_word' id='word_1_56' title='bbox 2422 973 2599 1052; x_wconf 80' lang='grc' dir='ltr'><strong><em>ὑπερ·</em></strong></span> 
     </span>
     <span class='ocr_line' id='line_1_8' title="bbox 217 1081 2602 1164; baseline 0 -16"><span class='ocrx_word' id='word_1_57' title='bbox 217 1089 482 1156; x_wconf 82' lang='grc' dir='ltr'><strong><em>αττικῶς</em></strong></span> <span class='ocrx_word' id='word_1_58' title='bbox 555 1085 699 1149; x_wconf 71' lang='grc' dir='ltr'><strong><em>ἄπο</em></strong></span> <span class='ocrx_word' id='word_1_59' title='bbox 717 1082 913 1164; x_wconf 86' lang='grc' dir='ltr'><strong><em>κριθέ</em></strong></span> <span class='ocrx_word' id='word_1_60' title='bbox 927 1107 1007 1148; x_wconf 95' lang='grc' dir='ltr'><strong><em>ντ</em></strong></span> <span class='ocrx_word' id='word_1_61' title='bbox 1027 1107 1069 1147; x_wconf 89' lang='grc' dir='ltr'><strong><em>ι.</em></strong></span> <span class='ocrx_word' id='word_1_62' title='bbox 1141 1081 1526 1148; x_wconf 81' lang='lat' dir='ltr'><strong>Rectissime</strong></span> <span class='ocrx_word' id='word_1_63' title='bbox 1594 1081 1983 1148; x_wconf 84' lang='lat' dir='ltr'><strong>Fritzschius</strong></span> <span class='ocrx_word' id='word_1_64' title='bbox 2044 1081 2355 1146; x_wconf 82' lang='lat' dir='ltr'><strong>iudicavit</strong></span> <span class='ocrx_word' id='word_1_65' title='bbox 2415 1085 2602 1148; x_wconf 76' lang='grc' dir='ltr'><strong><em>ἀπο-</em></strong></span> 
     </span>
     <span class='ocr_line' id='line_1_9' title="bbox 215 1169 2597 1272; baseline -0.002 -17"><span class='ocrx_word' id='word_1_66' title='bbox 215 1191 544 1272; x_wconf 83' lang='grc' dir='ltr'><strong><em>κριθέντι</em></strong></span> <span class='ocrx_word' id='word_1_67' title='bbox 594 1191 758 1256; x_wconf 82' lang='lat' dir='ltr'><strong>vitio</strong></span> <span class='ocrx_word' id='word_1_68' title='bbox 805 1212 883 1256; x_wconf 87' lang='lat' dir='ltr'><strong>ex</strong></span> <span class='ocrx_word' id='word_1_69' title='bbox 931 1185 1384 1270; x_wconf 77' lang='grc' dir='ltr'><strong><em>ἐρωτηθέντι</em></strong></span> <span class='ocrx_word' id='word_1_70' title='bbox 1420 1186 1677 1253; x_wconf 86' lang='lat' dir='ltr'><strong>illatum</strong></span> <span class='ocrx_word' id='word_1_71' title='bbox 1720 1207 1872 1254; x_wconf 87' lang='lat' dir='ltr'><strong>esse.</strong></span> <span class='ocrx_word' id='word_1_72' title='bbox 1923 1187 2189 1253; x_wconf 87' lang='lat' dir='ltr'><strong>Prorsus</strong></span> <span class='ocrx_word' id='word_1_73' title='bbox 2227 1169 2597 1253; x_wconf 75' lang='lat' dir='ltr'><strong>incredibile</strong></span> 
     </span>
     <span class='ocr_line' id='line_1_10' title="bbox 215 1294 2599 1382; baseline -0.002 -19"><span class='ocrx_word' id='word_1_74' title='bbox 215 1297 471 1363; x_wconf 75' lang='lat' dir='ltr'><strong>videtur</strong></span> <span class='ocrx_word' id='word_1_75' title='bbox 530 1297 636 1360; x_wconf 75' lang='lat' dir='ltr'><strong><em>hoc</em></strong></span> <span class='ocrx_word' id='word_1_76' title='bbox 699 1319 814 1362; x_wconf 78' lang='lat' dir='ltr'><strong>uuo</strong></span> <span class='ocrx_word' id='word_1_77' title='bbox 873 1297 996 1360; x_wconf 80' lang='lat' dir='ltr'><strong><em>coco</em></strong></span> <span class='ocrx_word' id='word_1_78' title='bbox 1044 1294 1396 1360; x_wconf 79' lang='lat' dir='ltr'><strong>Lucienum</strong></span> <span class='ocrx_word' id='word_1_79' title='bbox 1447 1315 1484 1359; x_wconf 88' lang='lat' dir='ltr'><strong>a</strong></span> <span class='ocrx_word' id='word_1_80' title='bbox 1531 1297 1844 1360; x_wconf 78' lang='lat' dir='ltr'><strong>constanti</strong></span> <span class='ocrx_word' id='word_1_81' title='bbox 1892 1298 1957 1359; x_wconf 81' lang='lat' dir='ltr'><strong>et</strong></span> <span class='ocrx_word' id='word_1_82' title='bbox 2001 1298 2305 1382; x_wconf 82' lang='lat' dir='ltr'><strong>perpetuo</strong></span> <span class='ocrx_word' id='word_1_83' title='bbox 2350 1295 2599 1360; x_wconf 82' lang='lat' dir='ltr'><strong>Attico-</strong></span> 
     </span>
     <span class='ocr_line' id='line_1_11' title="bbox 213 1398 2602 1487; baseline -0 -21"><span class='ocrx_word' id='word_1_84' title='bbox 213 1423 360 1468; x_wconf 85' lang='lat' dir='ltr'><strong><em>rum</em></strong></span> <span class='ocrx_word' id='word_1_85' title='bbox 409 1409 473 1468; x_wconf 89' lang='lat' dir='ltr'><strong>et</strong></span> <span class='ocrx_word' id='word_1_86' title='bbox 517 1422 632 1468; x_wconf 86' lang='lat' dir='ltr'><strong>suo</strong></span> <span class='ocrx_word' id='word_1_87' title='bbox 678 1404 893 1487; x_wconf 89' lang='lat' dir='ltr'><strong>ipsius.</strong></span> <span class='ocrx_word' id='word_1_88' title='bbox 927 1421 1050 1466; x_wconf 87' lang='lat' dir='ltr'><strong>usu</strong></span> <span class='ocrx_word' id='word_1_89' title='bbox 1099 1401 1384 1466; x_wconf 87' lang='lat' dir='ltr'><strong>aberrare</strong></span> <span class='ocrx_word' id='word_1_90' title='bbox 1432 1398 1728 1466; x_wconf 80' lang='lat' dir='ltr'><strong>voluisse.</strong></span> <span class='ocrx_word' id='word_1_91' title='bbox 1778 1399 1861 1464; x_wconf 78' lang='lat' dir='ltr'><strong><em>Et</em></strong></span> <span class='ocrx_word' id='word_1_92' title='bbox 1907 1399 2187 1479; x_wconf 71' lang='grc' dir='ltr'><strong><em>ἅπεκρί</em></strong></span> <span class='ocrx_word' id='word_1_93' title='bbox 2202 1422 2387 1464; x_wconf 90' lang='grc' dir='ltr'><strong><em>νατο</em></strong></span> <span class='ocrx_word' id='word_1_94' title='bbox 2434 1407 2602 1465; x_wconf 90' lang='lat' dir='ltr'><strong>recte</strong></span> 
     </span>
     <span class='ocr_line' id='line_1_12' title="bbox 214 1505 982 1596; baseline -0.003 -23"><span class='ocrx_word' id='word_1_95' title='bbox 214 1507 462 1596; x_wconf 83' lang='lat' dir='ltr'><strong>legitur</strong></span> <span class='ocrx_word' id='word_1_96' title='bbox 505 1505 576 1573; x_wconf 82' lang='lat' dir='ltr'><strong><em>G.</em></strong></span> <span class='ocrx_word' id='word_1_97' title='bbox 626 1507 704 1572; x_wconf 84' lang='lat'><strong><em>21</em></strong></span> <span class='ocrx_word' id='word_1_98' title='bbox 761 1513 826 1574; x_wconf 89' lang='lat' dir='ltr'><strong>et</strong></span> <span class='ocrx_word' id='word_1_99' title='bbox 877 1507 982 1572; x_wconf 86' lang='lat'><strong><em>55.</em></strong></span> 
     </span>
    </p>

    <p class='ocr_par' dir='ltr' id='par_1_6' title="bbox 214 1607 2611 3080">
     <span class='ocr_line' id='line_1_13' title="bbox 305 1607 2607 1698; baseline -0.002 -19"><span class='ocrx_word' id='word_1_100' title='bbox 305 1611 460 1698; x_wconf 78' lang='lat' dir='ltr'><strong>Cap.</strong></span> <span class='ocrx_word' id='word_1_101' title='bbox 515 1611 623 1678; x_wconf 80' lang='lat'><strong><em>31.</em></strong></span> <span class='ocrx_word' id='word_1_102' title='bbox 671 1613 1220 1695; x_wconf 78' lang='grc' dir='ltr'><strong><em>προσέρχεται,</em></strong></span> <span class='ocrx_word' id='word_1_103' title='bbox 1267 1607 1418 1694; x_wconf 79' lang='grc' dir='ltr'><strong><em>ἔφη,</em></strong></span> <span class='ocrx_word' id='word_1_104' title='bbox 1474 1612 1501 1676; x_wconf 80' lang='grc' dir='ltr'>ὅ</span> <span class='ocrx_word' id='word_1_105' title='bbox 1549 1612 1961 1684; x_wconf 81' lang='grc' dir='ltr'><strong><em>Ἀπολλώνιος</em></strong></span> <span class='ocrx_word' id='word_1_106' title='bbox 2010 1612 2114 1678; x_wconf 70' lang='grc' dir='ltr'><strong><em>καὶ</em></strong></span> <span class='ocrx_word' id='word_1_107' title='bbox 2165 1614 2215 1678; x_wconf 78' lang='grc' dir='ltr'><strong><em>οἱ</em></strong></span> <span class='ocrx_word' id='word_1_108' title='bbox 2265 1611 2607 1691; x_wconf 82' lang='grc' dir='ltr'><strong><em>Ἀργοναῦ-</em></strong></span> 
     </span>
     <span class='ocr_line' id='line_1_14' title="bbox 215 1717 2607 1800; baseline -0.001 -15"><span class='ocrx_word' id='word_1_109' title='bbox 215 1745 319 1786; x_wconf 84' lang='grc' dir='ltr'><strong><em>ται</em></strong></span> <span class='ocrx_word' id='word_1_110' title='bbox 374 1721 588 1786; x_wconf 79' lang='grc' dir='ltr'><strong><em>αὐτοῦ.</em></strong></span> <span class='ocrx_word' id='word_1_111' title='bbox 644 1718 856 1787; x_wconf 83' lang='lat' dir='ltr'><strong>Codex</strong></span> <span class='ocrx_word' id='word_1_112' title='bbox 901 1719 973 1784; x_wconf 83' lang='lat' dir='ltr'><strong><em>F.</em></strong></span> <span class='ocrx_word' id='word_1_113' title='bbox 1015 1717 1432 1800; x_wconf 82' lang='grc' dir='ltr'><strong><em>προέρχεται,</em></strong></span> <span class='ocrx_word' id='word_1_114' title='bbox 1457 1739 1581 1785; x_wconf 88' lang='lat' dir='ltr'><strong><em>non</em></strong></span> <span class='ocrx_word' id='word_1_115' title='bbox 1609 1717 1797 1784; x_wconf 83' lang='lat' dir='ltr'><strong>male.</strong></span> <span class='ocrx_word' id='word_1_116' title='bbox 1848 1717 2107 1784; x_wconf 81' lang='lat' dir='ltr'><strong>Scilicet</strong></span> <span class='ocrx_word' id='word_1_117' title='bbox 2149 1717 2502 1800; x_wconf 80' lang='grc' dir='ltr'><strong><em>προιέναι</em></strong></span> <span class='ocrx_word' id='word_1_118' title='bbox 2543 1723 2607 1783; x_wconf 81' lang='lat' dir='ltr'><strong>et</strong></span> 
     </span>
     <span class='ocr_line' id='line_1_15' title="bbox 216 1825 2608 1910; baseline -0.002 -18"><span class='ocrx_word' id='word_1_119' title='bbox 216 1826 534 1906; x_wconf 74' lang='grc' dir='ltr'><strong><em>πρόοδος</em></strong></span> <span class='ocrx_word' id='word_1_120' title='bbox 597 1826 674 1892; x_wconf 91' lang='lat' dir='ltr'><strong>de</strong></span> <span class='ocrx_word' id='word_1_121' title='bbox 731 1831 962 1890; x_wconf 67' lang='lat' dir='ltr'><strong>incessu</strong></span> <span class='ocrx_word' id='word_1_122' title='bbox 1025 1825 1337 1909; x_wconf 67' lang='lat' dir='ltr'><strong><em>maqmfico</em></strong></span> <span class='ocrx_word' id='word_1_123' title='bbox 1401 1833 1458 1889; x_wconf 70' lang='lat' dir='ltr'><strong>et</strong></span> <span class='ocrx_word' id='word_1_124' title='bbox 1501 1827 1747 1910; x_wconf 67' lang='lat' dir='ltr'><strong>superbo</strong></span> <span class='ocrx_word' id='word_1_125' title='bbox 1791 1832 2193 1910; x_wconf 71' lang='lat' dir='ltr'><strong>usurpantur,</strong></span> <span class='ocrx_word' id='word_1_126' title='bbox 2242 1826 2316 1890; x_wconf 80' lang='lat' dir='ltr'><strong>de</strong></span> <span class='ocrx_word' id='word_1_127' title='bbox 2345 1831 2608 1908; x_wconf 73' lang='lat' dir='ltr'><strong><em>patrono</em></strong></span> 
     </span>
     <span class='ocr_line' id='line_1_16' title="bbox 214 1924 2607 2017; baseline -0.001 -21"><span class='ocrx_word' id='word_1_128' title='bbox 214 1932 546 2017; x_wconf 72' lang='lat' dir='ltr'><strong>impr-unu,</strong></span> <span class='ocrx_word' id='word_1_129' title='bbox 591 1955 763 1995; x_wconf 80' lang='lat' dir='ltr'><strong>mane</strong></span> <span class='ocrx_word' id='word_1_130' title='bbox 799 1934 885 1996; x_wconf 83' lang='lat' dir='ltr'><strong><em>ad</em></strong></span> <span class='ocrx_word' id='word_1_131' title='bbox 927 1932 1320 1996; x_wconf 69' lang='lat' dir='ltr'><strong>salutationes</strong></span> <span class='ocrx_word' id='word_1_132' title='bbox 1363 1924 1661 1994; x_wconf 74' lang='lat' dir='ltr'><strong>clientium</strong></span> <span class='ocrx_word' id='word_1_133' title='bbox 1707 1931 2083 2014; x_wconf 74' lang='lat' dir='ltr'><strong>accipiendae</strong></span> <span class='ocrx_word' id='word_1_134' title='bbox 2106 1932 2457 2015; x_wconf 71' lang='lat' dir='ltr'><strong><em>prodeunte.</em></strong></span> <span class='ocrx_word' id='word_1_135' title='bbox 2508 1926 2607 1994; x_wconf 84' lang='lat' dir='ltr'><strong><em>Of.</em></strong></span> 
     </span>
     <span class='ocr_line' id='line_1_17' title="bbox 217 2034 2605 2126; baseline -0.001 -23"><span class='ocrx_word' id='word_1_136' title='bbox 217 2037 403 2126; x_wconf 82' lang='lat' dir='ltr'><strong>Nigr.</strong></span> <span class='ocrx_word' id='word_1_137' title='bbox 481 2035 553 2103; x_wconf 84' lang='lat' dir='ltr'><strong><em>G.</em></strong></span> <span class='ocrx_word' id='word_1_138' title='bbox 615 2035 738 2102; x_wconf 82' lang='lat'><strong><em>23:</em></strong></span> <span class='ocrx_word' id='word_1_139' title='bbox 797 2060 903 2101; x_wconf 87' lang='grc' dir='ltr'><strong><em>και</em></strong></span> <span class='ocrx_word' id='word_1_140' title='bbox 966 2036 1483 2116; x_wconf 71' lang='grc' dir='ltr'><strong><em>προελθόντας</em></strong></span> <span class='ocrx_word' id='word_1_141' title='bbox 1547 2036 1665 2122; x_wconf 86' lang='lat' dir='ltr'><strong>(ita</strong></span> <span class='ocrx_word' id='word_1_142' title='bbox 1726 2035 2056 2102; x_wconf 83' lang='lat' dir='ltr'><strong>Bekkerus</strong></span> <span class='ocrx_word' id='word_1_143' title='bbox 2104 2040 2169 2100; x_wconf 82' lang='lat' dir='ltr'><strong>et</strong></span> <span class='ocrx_word' id='word_1_144' title='bbox 2214 2034 2605 2101; x_wconf 82' lang='lat' dir='ltr'><strong>Fritzschius</strong></span> 
     </span>
     <span class='ocr_line' id='line_1_18' title="bbox 217 2140 2607 2232; baseline -0.002 -24"><span class='ocrx_word' id='word_1_145' title='bbox 217 2164 327 2229; x_wconf 91' lang='lat' dir='ltr'><strong><em>pro</em></strong></span> <span class='ocrx_word' id='word_1_146' title='bbox 375 2142 644 2232; x_wconf 79' lang='lat' dir='ltr'><strong>vulgata</strong></span> <span class='ocrx_word' id='word_1_147' title='bbox 681 2143 1264 2228; x_wconf 74' lang='grc' dir='ltr'><strong><em>προσελθόντες)</em></strong></span> <span class='ocrx_word' id='word_1_148' title='bbox 1307 2140 1506 2222; x_wconf 71' lang='grc' dir='ltr'><strong><em>ἕσπερ</em></strong></span> <span class='ocrx_word' id='word_1_149' title='bbox 1533 2142 1843 2214; x_wconf 79' lang='grc' dir='ltr'><strong><em>δεσπότας</em></strong></span> <span class='ocrx_word' id='word_1_150' title='bbox 1868 2144 2266 2224; x_wconf 59' lang='lat' dir='ltr'><strong><em>monimum</em></strong></span> <span class='ocrx_word' id='word_1_151' title='bbox 2294 2141 2607 2228; x_wconf 77' lang='lat' dir='ltr'><strong>Necyom.</strong></span> 
     </span>
     <span class='ocr_line' id='line_1_19' title="bbox 219 2247 2609 2331; baseline -0.002 -15"><span class='ocrx_word' id='word_1_152' title='bbox 219 2247 288 2316; x_wconf 85' lang='lat' dir='ltr'><strong><em>G.</em></strong></span> <span class='ocrx_word' id='word_1_153' title='bbox 360 2247 481 2315; x_wconf 83' lang='lat'><strong><em>12:</em></strong></span> <span class='ocrx_word' id='word_1_154' title='bbox 555 2249 768 2316; x_wconf 77' lang='grc' dir='ltr'><strong><em>πολλοὶ</em></strong></span> <span class='ocrx_word' id='word_1_155' title='bbox 841 2251 952 2326; x_wconf 81' lang='grc' dir='ltr'><strong><em>μὲν</em></strong></span> <span class='ocrx_word' id='word_1_156' title='bbox 1017 2247 1190 2316; x_wconf 77' lang='grc' dir='ltr'><strong><em>ἕωθεν</em></strong></span> <span class='ocrx_word' id='word_1_157' title='bbox 1245 2249 1346 2315; x_wconf 77' lang='grc' dir='ltr'><strong><em>ἐπὶ</em></strong></span> <span class='ocrx_word' id='word_1_158' title='bbox 1412 2255 1528 2314; x_wconf 80' lang='grc' dir='ltr'><strong><em>τῶν</em></strong></span> <span class='ocrx_word' id='word_1_159' title='bbox 1597 2249 1881 2314; x_wconf 77' lang='grc' dir='ltr'><strong><em>πυλώνων</em></strong></span> <span class='ocrx_word' id='word_1_160' title='bbox 1930 2251 2421 2331; x_wconf 71' lang='grc' dir='ltr'><strong><em>παρειστήκεσαν</em></strong></span> <span class='ocrx_word' id='word_1_161' title='bbox 2474 2251 2609 2322; x_wconf 71' lang='grc' dir='ltr'><strong><em>τὴν</em></strong></span> 
     </span>
     <span class='ocr_line' id='line_1_20' title="bbox 220 2353 2610 2439; baseline -0.001 -17"><span class='ocrx_word' id='word_1_162' title='bbox 220 2356 538 2437; x_wconf 72' lang='grc' dir='ltr'><strong><em>πρόοδον</em></strong></span> <span class='ocrx_word' id='word_1_163' title='bbox 613 2360 848 2424; x_wconf 78' lang='grc' dir='ltr'><strong><em>αὐτοῦ</em></strong></span> <span class='ocrx_word' id='word_1_164' title='bbox 919 2357 1504 2439; x_wconf 78' lang='grc' dir='ltr'><strong><em>περιμένοντεςς</em></strong></span> <span class='ocrx_word' id='word_1_165' title='bbox 1577 2355 1797 2423; x_wconf 82' lang='lat' dir='ltr'><strong>Somn.</strong></span> <span class='ocrx_word' id='word_1_166' title='bbox 1873 2353 1941 2423; x_wconf 85' lang='lat' dir='ltr'><strong><em>C.</em></strong></span> <span class='ocrx_word' id='word_1_167' title='bbox 2011 2355 2089 2422; x_wconf 86' lang='lat'><strong><em>9:</em></strong></span> <span class='ocrx_word' id='word_1_168' title='bbox 2156 2358 2413 2432; x_wconf 69' lang='grc' dir='ltr'><strong><em>εὐτελης</em></strong></span> <span class='ocrx_word' id='word_1_169' title='bbox 2476 2358 2610 2430; x_wconf 67' lang='grc' dir='ltr'><strong><em>τὴν</em></strong></span> 
     </span>
     <span class='ocr_line' id='line_1_21' title="bbox 221 2463 2608 2551; baseline 0 -20"><span class='ocrx_word' id='word_1_170' title='bbox 221 2463 536 2544; x_wconf 77' lang='grc' dir='ltr'><strong><em>πρόοδον</em></strong></span> <span class='ocrx_word' id='word_1_171' title='bbox 607 2465 775 2551; x_wconf 89' lang='lat' dir='ltr'><strong>(pars</strong></span> <span class='ocrx_word' id='word_1_172' title='bbox 842 2463 1154 2531; x_wconf 88' lang='lat' dir='ltr'><strong>librorum</strong></span> <span class='ocrx_word' id='word_1_173' title='bbox 1227 2463 1642 2551; x_wconf 75' lang='grc' dir='ltr'><strong><em>πρόσοδον).</em></strong></span> <span class='ocrx_word' id='word_1_174' title='bbox 1734 2463 1957 2550; x_wconf 86' lang='lat' dir='ltr'><strong>Neque</strong></span> <span class='ocrx_word' id='word_1_175' title='bbox 2024 2463 2309 2530; x_wconf 86' lang='lat' dir='ltr'><strong>multum</strong></span> <span class='ocrx_word' id='word_1_176' title='bbox 2382 2463 2608 2531; x_wconf 89' lang='lat' dir='ltr'><strong>dubito</strong></span> 
     </span>
     <span class='ocr_line' id='line_1_22' title="bbox 218 2568 2606 2648; baseline -0.001 -12"><span class='ocrx_word' id='word_1_177' title='bbox 218 2572 394 2639; x_wconf 88' lang='lat' dir='ltr'><strong>idem</strong></span> <span class='ocrx_word' id='word_1_178' title='bbox 458 2573 726 2639; x_wconf 83' lang='lat' dir='ltr'><strong>verbum</strong></span> <span class='ocrx_word' id='word_1_179' title='bbox 790 2571 1255 2637; x_wconf 82' lang='lat' dir='ltr'><strong>restituendum</strong></span> <span class='ocrx_word' id='word_1_180' title='bbox 1325 2591 1462 2636; x_wconf 88' lang='lat' dir='ltr'><strong>esse</strong></span> <span class='ocrx_word' id='word_1_181' title='bbox 1521 2572 1591 2635; x_wconf 89' lang='lat' dir='ltr'><strong>in</strong></span> <span class='ocrx_word' id='word_1_182' title='bbox 1647 2570 1847 2637; x_wconf 87' lang='lat' dir='ltr'><strong>Lucio</strong></span> <span class='ocrx_word' id='word_1_183' title='bbox 1912 2568 1983 2637; x_wconf 84' lang='lat' dir='ltr'><strong><em>G.</em></strong></span> <span class='ocrx_word' id='word_1_184' title='bbox 2048 2572 2121 2635; x_wconf 87' lang='lat'><strong><em>4:</em></strong></span> <span class='ocrx_word' id='word_1_185' title='bbox 2179 2576 2451 2648; x_wconf 83' lang='grc' dir='ltr'><strong><em>γυναῖκα</em></strong></span> <span class='ocrx_word' id='word_1_186' title='bbox 2502 2569 2606 2647; x_wconf 78' lang='grc' dir='ltr'><strong><em>δρῶ</em></strong></span> 
     </span>
     <span class='ocr_line' id='line_1_23' title="bbox 221 2672 2608 2759; baseline -0.001 -18"><span class='ocrx_word' id='word_1_187' title='bbox 221 2683 584 2759; x_wconf 71' lang='grc' dir='ltr'><strong><em>προσιοῦσαν</em></strong></span> <span class='ocrx_word' id='word_1_188' title='bbox 649 2676 738 2742; x_wconf 80' lang='grc' dir='ltr'><strong><em>ἔτι</em></strong></span> <span class='ocrx_word' id='word_1_189' title='bbox 805 2678 976 2755; x_wconf 84' lang='grc' dir='ltr'><strong><em>νέαν,</em></strong></span> <span class='ocrx_word' id='word_1_190' title='bbox 1029 2676 1503 2755; x_wconf 81' lang='grc' dir='ltr'><strong><em>εὖπορουμένην,</em></strong></span> <span class='ocrx_word' id='word_1_191' title='bbox 1551 2674 1685 2741; x_wconf 74' lang='grc' dir='ltr'><strong><em>ὅσον</em></strong></span> <span class='ocrx_word' id='word_1_192' title='bbox 1734 2672 1801 2749; x_wconf 75' lang='grc' dir='ltr'><strong><em>ἦν</em></strong></span> <span class='ocrx_word' id='word_1_193' title='bbox 1848 2678 1917 2741; x_wconf 75' lang='grc' dir='ltr'><strong><em>ἐκ</em></strong></span> <span class='ocrx_word' id='word_1_194' title='bbox 1964 2686 2074 2753; x_wconf 76' lang='grc' dir='ltr'><strong><em>τῆς</em></strong></span> <span class='ocrx_word' id='word_1_195' title='bbox 2126 2674 2608 2753; x_wconf 74' lang='grc' dir='ltr'><strong><em>ὁδοῦ”συμβα-</em></strong></span> 
     </span>
     <span class='ocr_line' id='line_1_24' title="bbox 221 2782 2611 2868; baseline -0 -20"><span class='ocrx_word' id='word_1_196' title='bbox 221 2791 348 2849; x_wconf 83' lang='grc' dir='ltr'><strong><em>λεῖν</em></strong></span> <span class='ocrx_word' id='word_1_197' title='bbox 366 2804 382 2862; x_wconf 89' lang='lat'>;</span> <span class='ocrx_word' id='word_1_198' title='bbox 459 2786 662 2850; x_wconf 87' lang='lat' dir='ltr'><strong>immo</strong></span> <span class='ocrx_word' id='word_1_199' title='bbox 723 2804 903 2850; x_wconf 82' lang='lat' dir='ltr'><strong>vero:</strong></span> <span class='ocrx_word' id='word_1_200' title='bbox 971 2782 1236 2862; x_wconf 79' lang='grc' dir='ltr'><strong><em>προόδο</em></strong></span> <span class='ocrx_word' id='word_1_201' title='bbox 1256 2809 1323 2859; x_wconf 90' lang='grc' dir='ltr'><strong><em>υ,</em></strong></span> <span class='ocrx_word' id='word_1_202' title='bbox 1391 2804 1462 2846; x_wconf 72' lang='grc' dir='ltr'><strong><em>σα</em></strong></span> <span class='ocrx_word' id='word_1_203' title='bbox 1523 2784 1804 2847; x_wconf 77' lang='lat' dir='ltr'><strong>comitatu</strong></span> <span class='ocrx_word' id='word_1_204' title='bbox 1853 2790 1909 2847; x_wconf 70' lang='lat' dir='ltr'><strong>et</strong></span> <span class='ocrx_word' id='word_1_205' title='bbox 1954 2783 2207 2848; x_wconf 68' lang='lat' dir='ltr'><strong>incessu.</strong></span> <span class='ocrx_word' id='word_1_206' title='bbox 2259 2782 2481 2868; x_wconf 84' lang='lat' dir='ltr'><strong>Itaque</strong></span> <span class='ocrx_word' id='word_1_207' title='bbox 2532 2782 2611 2847; x_wconf 81' lang='lat' dir='ltr'><strong><em>ad</em></strong></span> 
     </span>
     <span class='ocr_line' id='line_1_25' title="bbox 222 2888 2610 2976; baseline -0.001 -23"><span class='ocrx_word' id='word_1_208' title='bbox 222 2888 641 2975; x_wconf 82' lang='lat' dir='ltr'><strong>Apollonium</strong></span> <span class='ocrx_word' id='word_1_209' title='bbox 701 2912 906 2971; x_wconf 74' lang='lat' dir='ltr'><em>maqno</em></span> <span class='ocrx_word' id='word_1_210' title='bbox 966 2910 1094 2952; x_wconf 79' lang='lat' dir='ltr'><strong><em>oum</em></strong></span> <span class='ocrx_word' id='word_1_211' title='bbox 1143 2889 1327 2976; x_wconf 75' lang='lat' dir='ltr'><strong>fastu</strong></span> <span class='ocrx_word' id='word_1_212' title='bbox 1389 2888 1831 2973; x_wconf 84' lang='lat' dir='ltr'><strong>procedentem</strong></span> <span class='ocrx_word' id='word_1_213' title='bbox 1882 2891 2169 2954; x_wconf 75' lang='lat' dir='ltr'><strong>suaviter</strong></span> <span class='ocrx_word' id='word_1_214' title='bbox 2216 2888 2610 2954; x_wconf 87' lang='lat' dir='ltr'><strong>irridendum</strong></span> 
     </span>
     <span class='ocr_line' id='line_1_26' title="bbox 223 2993 1470 3080; baseline -0.002 -21"><span class='ocrx_word' id='word_1_215' title='bbox 223 2998 468 3080; x_wconf 86' lang='lat' dir='ltr'><strong>optime</strong></span> <span class='ocrx_word' id='word_1_216' title='bbox 513 3016 579 3059; x_wconf 89' lang='lat' dir='ltr'><strong>se</strong></span> <span class='ocrx_word' id='word_1_217' title='bbox 629 2994 924 3061; x_wconf 85' lang='lat' dir='ltr'><strong>haberet:</strong></span> <span class='ocrx_word' id='word_1_218' title='bbox 973 2993 1470 3075; x_wconf 82' lang='grc' dir='ltr'><strong><em>προέρχεται.</em></strong></span> 
     </span>
    </p>

    <p class='ocr_par' dir='ltr' id='par_1_7' title="bbox 225 3098 2617 3612">
     <span class='ocr_line' id='line_1_27' title="bbox 314 3098 2611 3193; baseline -0.003 -24"><span class='ocrx_word' id='word_1_219' title='bbox 314 3098 465 3193; x_wconf 76' lang='lat' dir='ltr'><strong>Gap.</strong></span> <span class='ocrx_word' id='word_1_220' title='bbox 535 3100 644 3167; x_wconf 83' lang='lat'><strong><em>44.</em></strong></span> <span class='ocrx_word' id='word_1_221' title='bbox 727 3110 950 3182; x_wconf 67' lang='grc' dir='ltr'><strong><em>ποιητῇ</em></strong></span> <span class='ocrx_word' id='word_1_222' title='bbox 1015 3100 1242 3184; x_wconf 81' lang='grc' dir='ltr'><strong><em>Φαύλῳ</em></strong></span> <span class='ocrx_word' id='word_1_223' title='bbox 1305 3099 1550 3178; x_wconf 89' lang='grc' dir='ltr'><strong><em>λέγοντι</em></strong></span> <span class='ocrx_word' id='word_1_224' title='bbox 1614 3100 2011 3181; x_wconf 71' lang='grc' dir='ltr'><strong><em>γεγραφέναι</em></strong></span> <span class='ocrx_word' id='word_1_225' title='bbox 2057 3099 2425 3181; x_wconf 80' lang='grc' dir='ltr'><strong><em>μονόστιχον</em></strong></span> <span class='ocrx_word' id='word_1_226' title='bbox 2475 3101 2611 3165; x_wconf 80' lang='grc' dir='ltr'><strong><em>ἐπί-</em></strong></span> 
     </span>
     <span class='ocr_line' id='line_1_28' title="bbox 225 3205 2613 3291; baseline -0.001 -18"><span class='ocrx_word' id='word_1_227' title='bbox 225 3231 536 3291; x_wconf 82' lang='grc' dir='ltr'><strong><em>γραμμα,</em></strong></span> <span class='ocrx_word' id='word_1_228' title='bbox 585 3205 728 3287; x_wconf 75' lang='grc' dir='ltr'><strong><em>ὅπερ</em></strong></span> <span class='ocrx_word' id='word_1_229' title='bbox 781 3209 842 3273; x_wconf 80' lang='grc' dir='ltr'><strong><em>ἐν</em></strong></span> <span class='ocrx_word' id='word_1_230' title='bbox 886 3215 1028 3279; x_wconf 80' lang='grc' dir='ltr'><strong><em>ταῖς</em></strong></span> <span class='ocrx_word' id='word_1_231' title='bbox 1076 3208 1390 3282; x_wconf 74' lang='grc' dir='ltr'><strong><em>διαθήκαις</em></strong></span> <span class='ocrx_word' id='word_1_232' title='bbox 1438 3208 1900 3273; x_wconf 81' lang='grc' dir='ltr'><strong><em>κεκέλευκεν</em></strong></span> <span class='ocrx_word' id='word_1_233' title='bbox 1946 3209 2374 3290; x_wconf 74' lang='grc' dir='ltr'><strong><em>ἐπιγραφῆναι</em></strong></span> <span class='ocrx_word' id='word_1_234' title='bbox 2426 3207 2613 3272; x_wconf 78' lang='grc' dir='ltr'><strong><em>αὐτοῦ</em></strong></span> 
     </span>
     <span class='ocr_line' id='line_1_29' title="bbox 225 3312 2614 3399; baseline -0.001 -20"><span class='ocrx_word' id='word_1_235' title='bbox 225 3325 300 3397; x_wconf 67' lang='grc' dir='ltr'><strong><em>τῇ</em></strong></span> <span class='ocrx_word' id='word_1_236' title='bbox 346 3317 570 3395; x_wconf 66' lang='grc' dir='ltr'><strong><em>στήλῃ.</em></strong></span> <span class='ocrx_word' id='word_1_237' title='bbox 619 3312 772 3379; x_wconf 84' lang='lat' dir='ltr'><strong>Sine</strong></span> <span class='ocrx_word' id='word_1_238' title='bbox 817 3316 1242 3381; x_wconf 82' lang='lat' dir='ltr'><strong>controversia</strong></span> <span class='ocrx_word' id='word_1_239' title='bbox 1281 3315 1927 3399; x_wconf 75' lang='lat' dir='ltr'><strong><em>plusquamperfectum</em></strong></span> <span class='ocrx_word' id='word_1_240' title='bbox 1974 3321 2069 3381; x_wconf 90' lang='lat' dir='ltr'><strong>est</strong></span> <span class='ocrx_word' id='word_1_241' title='bbox 2109 3313 2614 3379; x_wconf 87' lang='lat' dir='ltr'><strong>restituendum:</strong></span> 
     </span>
     <span class='ocr_line' id='line_1_30' title="bbox 226 3417 2617 3495; baseline 0 -10"><span class='ocrx_word' id='word_1_242' title='bbox 226 3421 788 3485; x_wconf 80' lang='grc' dir='ltr'><strong><em>ε’κεκελεύκειν.</em></strong></span> <span class='ocrx_word' id='word_1_243' title='bbox 834 3418 1214 3486; x_wconf 86' lang='lat' dir='ltr'><strong>Rectissime</strong></span> <span class='ocrx_word' id='word_1_244' title='bbox 1253 3417 1326 3486; x_wconf 84' lang='lat' dir='ltr'><strong><em>G.</em></strong></span> <span class='ocrx_word' id='word_1_245' title='bbox 1355 3419 1441 3484; x_wconf 83' lang='lat'><strong><em>40</em></strong></span> <span class='ocrx_word' id='word_1_246' title='bbox 1479 3418 1868 3486; x_wconf 86' lang='lat' dir='ltr'><strong>Fritzschius</strong></span> <span class='ocrx_word' id='word_1_247' title='bbox 1903 3419 2361 3495; x_wconf 76' lang='grc' dir='ltr'><strong><em>ἐπεποιήκει</em></strong></span> <span class='ocrx_word' id='word_1_248' title='bbox 2404 3440 2617 3485; x_wconf 88' lang='lat' dir='ltr'><strong>emen·</strong></span> 
     </span>
     <span class='ocr_line' id='line_1_31' title="bbox 227 3526 1059 3612; baseline -0.002 -20"><span class='ocrx_word' id='word_1_249' title='bbox 227 3527 406 3593; x_wconf 79' lang='lat' dir='ltr'><strong>davit</strong></span> <span class='ocrx_word' id='word_1_250' title='bbox 453 3545 564 3612; x_wconf 88' lang='lat' dir='ltr'><strong><em>pro</em></strong></span> <span class='ocrx_word' id='word_1_251' title='bbox 613 3526 1059 3599; x_wconf 72' lang='grc' dir='ltr'><strong><em>πεποίηκεν.</em></strong></span> 
     </span>
    </p>

    <p class='ocr_par' dir='ltr' id='par_1_8' title="bbox 227 3630 2618 4137">
     <span class='ocr_line' id='line_1_32' title="bbox 315 3630 2613 3720; baseline -0 -20"><span class='ocrx_word' id='word_1_252' title='bbox 315 3630 468 3719; x_wconf 82' lang='lat' dir='ltr'><strong>Gap.</strong></span> <span class='ocrx_word' id='word_1_253' title='bbox 521 3630 630 3698; x_wconf 87' lang='lat'><strong><em>48.</em></strong></span> <span class='ocrx_word' id='word_1_254' title='bbox 692 3632 828 3697; x_wconf 72' lang='grc' dir='ltr'><strong><em>ἰδὼν</em></strong></span> <span class='ocrx_word' id='word_1_255' title='bbox 891 3631 1126 3697; x_wconf 87' lang='grc' dir='ltr'><strong><em>κυνικόν</em></strong></span> <span class='ocrx_word' id='word_1_256' title='bbox 1193 3678 1384 3697; x_wconf 87' lang='grc'><strong>.....</strong></span> <span class='ocrx_word' id='word_1_257' title='bbox 1450 3631 1807 3713; x_wconf 86' lang='grc' dir='ltr'><strong><em>κεκραγότα</em></strong></span> <span class='ocrx_word' id='word_1_258' title='bbox 1875 3632 2031 3720; x_wconf 78' lang='grc' dir='ltr'><strong><em>[καὶ</em></strong></span> <span class='ocrx_word' id='word_1_259' title='bbox 2098 3632 2467 3719; x_wconf 83' lang='grc' dir='ltr'><strong><em>λέγοντα]</em></strong></span> <span class='ocrx_word' id='word_1_260' title='bbox 2525 3630 2613 3699; x_wconf 73' lang='grc' dir='ltr'><strong><em>ὅτι</em></strong></span> 
     </span>
     <span class='ocr_line' id='line_1_33' title="bbox 227 3737 2618 3829; baseline 0.001 -25"><span class='ocrx_word' id='word_1_261' title='bbox 227 3738 655 3810; x_wconf 82' lang='grc' dir='ltr'><strong><em>Ἀντισθένους.</em></strong></span> <span class='ocrx_word' id='word_1_262' title='bbox 705 3737 1090 3824; x_wconf 74' lang='lat' dir='ltr'><strong>Saepissime</strong></span> <span class='ocrx_word' id='word_1_263' title='bbox 1137 3738 1451 3805; x_wconf 88' lang='lat' dir='ltr'><strong>eiusmodi</strong></span> <span class='ocrx_word' id='word_1_264' title='bbox 1495 3738 1947 3805; x_wconf 77' lang='lat' dir='ltr'><strong>additamentis</strong></span> <span class='ocrx_word' id='word_1_265' title='bbox 2004 3738 2340 3828; x_wconf 78' lang='lat' dir='ltr'><strong>indulgent</strong></span> <span class='ocrx_word' id='word_1_266' title='bbox 2410 3743 2618 3829; x_wconf 77' lang='lat' dir='ltr'><strong>magi-</strong></span> 
     </span>
     <span class='ocr_line' id='line_1_34' title="bbox 231 3840 2617 3925; baseline 0.001 -16"><span class='ocrx_word' id='word_1_267' title='bbox 231 3844 423 3909; x_wconf 81' lang='lat' dir='ltr'><strong>stelli.</strong></span> <span class='ocrx_word' id='word_1_268' title='bbox 471 3840 568 3911; x_wconf 86' lang='lat' dir='ltr'><strong><em>Of.</em></strong></span> <span class='ocrx_word' id='word_1_269' title='bbox 617 3842 907 3910; x_wconf 86' lang='lat' dir='ltr'><strong>Hermot.</strong></span> <span class='ocrx_word' id='word_1_270' title='bbox 962 3844 1033 3911; x_wconf 87' lang='lat' dir='ltr'><strong><em>C.</em></strong></span> <span class='ocrx_word' id='word_1_271' title='bbox 1083 3844 1200 3911; x_wconf 84' lang='lat'><strong><em>48:</em></strong></span> <span class='ocrx_word' id='word_1_272' title='bbox 1255 3844 1665 3922; x_wconf 70' lang='grc' dir='ltr'><strong><em>ἐκεκράγει</em></strong></span> <span class='ocrx_word' id='word_1_273' title='bbox 1714 3845 1857 3925; x_wconf 78' lang='grc' dir='ltr'><strong><em>πρὸς</em></strong></span> <span class='ocrx_word' id='word_1_274' title='bbox 1907 3844 2198 3918; x_wconf 74' lang='grc' dir='ltr'><strong><em>ἅπαντας</em></strong></span> <span class='ocrx_word' id='word_1_275' title='bbox 2229 3893 2441 3914; x_wconf 91' lang='grc'><strong>.....</strong></span> <span class='ocrx_word' id='word_1_276' title='bbox 2468 3845 2617 3925; x_wconf 79' lang='grc' dir='ltr'><strong><em>μηδ’</em></strong></span> 
     </span>
     <span class='ocr_line' id='line_1_35' title="bbox 230 3946 2617 4038; baseline 0.002 -24"><span class='ocrx_word' id='word_1_277' title='bbox 230 3946 380 4023; x_wconf 74' lang='grc' dir='ltr'><strong><em>ὅλως</em></strong></span> <span class='ocrx_word' id='word_1_278' title='bbox 452 3948 669 4015; x_wconf 77' lang='grc' dir='ltr'><strong><em>εἰδέναι</em></strong></span> <span class='ocrx_word' id='word_1_279' title='bbox 741 3975 840 4027; x_wconf 70' lang='grc' dir='ltr'><strong><em>τις</em></strong></span> <span class='ocrx_word' id='word_1_280' title='bbox 912 3951 1077 4017; x_wconf 80' lang='lat' dir='ltr'><strong>Piso.</strong></span> <span class='ocrx_word' id='word_1_281' title='bbox 1151 3948 1222 4017; x_wconf 84' lang='grc' dir='ltr'><strong><em>Ο.</em></strong></span> <span class='ocrx_word' id='word_1_282' title='bbox 1289 3948 1415 4020; x_wconf 83' lang='grc'><strong><em>35;</em></strong></span> <span class='ocrx_word' id='word_1_283' title='bbox 1475 3952 1653 4028; x_wconf 86' lang='grc' dir='ltr'><strong><em>μόνον</em></strong></span> <span class='ocrx_word' id='word_1_284' title='bbox 1712 3950 2003 4017; x_wconf 82' lang='grc' dir='ltr'><strong><em>πλούσιον</em></strong></span> <span class='ocrx_word' id='word_1_285' title='bbox 2064 3949 2217 4018; x_wconf 75' lang='grc' dir='ltr'><strong><em>εἶναι</em></strong></span> <span class='ocrx_word' id='word_1_286' title='bbox 2267 3954 2370 4020; x_wconf 83' lang='grc' dir='ltr'><strong><em>τὸν</em></strong></span> <span class='ocrx_word' id='word_1_287' title='bbox 2422 3954 2617 4038; x_wconf 83' lang='grc' dir='ltr'><strong><em>σοφὸν</em></strong></span> 
     </span>
     <span class='ocr_line' id='line_1_36' title="bbox 231 4056 650 4137; baseline 0 -16"><span class='ocrx_word' id='word_1_288' title='bbox 231 4056 650 4137; x_wconf 77' lang='grc' dir='ltr'><strong><em>κεκραγώς.</em></strong></span> 
     </span>
    </p>

    <p class='ocr_par' dir='ltr' id='par_1_9' title="bbox 323 4160 2617 4248">
     <span class='ocr_line' id='line_1_37' title="bbox 323 4160 2617 4248; baseline 0.001 -19"><span class='ocrx_word' id='word_1_289' title='bbox 323 4160 470 4248; x_wconf 82' lang='lat' dir='ltr'><strong>Gap.</strong></span> <span class='ocrx_word' id='word_1_290' title='bbox 527 4162 634 4227; x_wconf 82' lang='lat'><strong><em>50.</em></strong></span> <span class='ocrx_word' id='word_1_291' title='bbox 698 4164 1073 4241; x_wconf 79' lang='grc' dir='ltr'><strong><em>συγγνώμην</em></strong></span> <span class='ocrx_word' id='word_1_292' title='bbox 1122 4161 1294 4245; x_wconf 81' lang='grc' dir='ltr'><strong><em>ἔχειν</em></strong></span> <span class='ocrx_word' id='word_1_293' title='bbox 1339 4165 1508 4247; x_wconf 77' lang='grc' dir='ltr'><strong><em>αὐτῷ</em></strong></span> <span class='ocrx_word' id='word_1_294' title='bbox 1560 4164 1733 4229; x_wconf 73' lang='grc' dir='ltr'><strong><em>κατα</em></strong></span> <span class='ocrx_word' id='word_1_295' title='bbox 1778 4189 1918 4229; x_wconf 91' lang='grc' dir='ltr'><strong><em>τινα</em></strong></span> <span class='ocrx_word' id='word_1_296' title='bbox 1970 4168 2221 4246; x_wconf 70' lang='grc' dir='ltr'><strong><em>πάτριον</em></strong></span> <span class='ocrx_word' id='word_1_297' title='bbox 2271 4173 2401 4241; x_wconf 82' lang='grc' dir='ltr'><strong><em>τοῖς</em></strong></span> <span class='ocrx_word' id='word_1_298' title='bbox 2453 4190 2617 4232; x_wconf 88' lang='grc' dir='ltr'><strong><em>κυνι-</em></strong></span> 
     </span>
    </p>
   </div>
   <div class='ocr_carea' id='block_1_3' title="bbox 235 4268 2621 4464">
    <p class='ocr_par' dir='ltr' id='par_1_10' title="bbox 235 4268 2621 4464">
     <span class='ocr_line' id='line_1_38' title="bbox 235 4268 2621 4355; baseline 0.003 -20"><span class='ocrx_word' id='word_1_299' title='bbox 235 4278 356 4340; x_wconf 81' lang='grc' dir='ltr'><strong><em>κοῖς</em></strong></span> <span class='ocrx_word' id='word_1_300' title='bbox 431 4270 772 4349; x_wconf 79' lang='grc' dir='ltr'><strong><em>παρρησίαν</em></strong></span> <span class='ocrx_word' id='word_1_301' title='bbox 837 4272 1172 4351; x_wconf 90' lang='grc' dir='ltr'><strong><em>θρασυνο</em></strong></span> <span class='ocrx_word' id='word_1_302' title='bbox 1194 4268 1419 4351; x_wconf 78' lang='grc' dir='ltr'><strong><em>μένῳ.</em></strong></span> <span class='ocrx_word' id='word_1_303' title='bbox 1491 4270 1703 4337; x_wconf 90' lang='lat' dir='ltr'><strong>Immo</strong></span> <span class='ocrx_word' id='word_1_304' title='bbox 1768 4292 1958 4337; x_wconf 80' lang='lat' dir='ltr'><strong>vero:</strong></span> <span class='ocrx_word' id='word_1_305' title='bbox 2026 4271 2621 4355; x_wconf 78' lang='grc' dir='ltr'><strong><em>θρασυναμένῳ.</em></strong></span> 
     </span>
     <span class='ocr_line' id='line_1_39' title="bbox 237 4374 1605 4464; baseline 0.002 -24"><span class='ocrx_word' id='word_1_306' title='bbox 237 4374 372 4440; x_wconf 86' lang='lat' dir='ltr'><strong><em>Iam</em></strong></span> <span class='ocrx_word' id='word_1_307' title='bbox 393 4424 412 4462; x_wconf 88' lang='lat'>‚</span> <span class='ocrx_word' id='word_1_308' title='bbox 459 4377 640 4443; x_wconf 86' lang='lat' dir='ltr'><strong>credo</strong></span> <span class='ocrx_word' id='word_1_309' title='bbox 657 4424 675 4455; x_wconf 93' lang='lat'>,</span> <span class='ocrx_word' id='word_1_310' title='bbox 723 4375 1008 4443; x_wconf 71' lang='lat' dir='ltr'><strong><em>demi-sm</em></strong></span> <span class='ocrx_word' id='word_1_311' title='bbox 1054 4381 1189 4442; x_wconf 88' lang='lat' dir='ltr'><strong>erat</strong></span> <span class='ocrx_word' id='word_1_312' title='bbox 1238 4384 1294 4441; x_wconf 74' lang='lat' dir='ltr'><strong>et</strong></span> <span class='ocrx_word' id='word_1_313' title='bbox 1339 4377 1605 4464; x_wconf 64' lang='lat' dir='ltr'><strong>supplex.</strong></span> 
     </span>
    </p>
   </div>
  </div>
 </body>
</html>
