3150 5000
1212 317 1534 368 nonanus.
2430 293 2562 363 209

227 493 522 560 Hectorem
561 492 1054 557 obtruncaturus
1096 488 1344 552 hastam
1392 485 1611 551 dextra
1651 483 1845 550 librat
1864 535 1881 558 ‚
1924 481 2127 550 oculis
2166 484 2330 570 petit
2350 481 2565 548 locum

220 603 276 666 in
317 600 634 666 adversarii
683 615 938 680 corpore
989 614 1179 678 quem
1229 611 1350 656 non
1400 596 1741 678 protegant
1784 610 1991 656 arma:

378 711 474 771 τοῦ
519 704 582 769 δὲ
629 704 734 767 καὶ
785 699 945 766 ἄλλο
993 699 1166 764 τόσον
1217 699 1330 774 μὲν
1380 695 1496 778 ἔχε
1543 695 1711 778 χρόαι
1756 696 2015 776 χάλκεοι
2062 696 2261 778 τεύχη

373 809 575 889 καλά,
624 809 710 874 τὰ
760 806 1138 888 Πατρόκλοιο
1183 805 1330 882 βίην
1382 801 1612 882 ἐνάριξε
1664 801 2029 875 κατακτάς·

372 917 624 993 Φαίνετο
673 913 748 991 δ’,
799 909 836 993 ᾖ
882 913 1127 987 κληῗδες
1177 912 1290 975 ἀπ’
1341 909 1513 988 ὤμων
1559 909 1779 990 αὐχέν’
1827 907 2038 991 ἔχουσι
2086 914 2204 976 etc.

221 1023 367 1098 Quid
408 1026 488 1088 sit
525 1023 632 1088 καὶ
665 1021 825 1085 ἄλλο
850 1019 1022 1085 τόσον
1045 1067 1062 1096 ,
1088 1017 1258 1083 haud
1283 1015 1470 1082 facile
1494 1018 1831 1101 quisquam
1859 1014 2272 1102 explicaverit
2287 1037 2305 1095 3
2339 1017 2573 1100 „verba

224 1129 464 1196 vitiosa”
499 1149 650 1194 vere
689 1134 905 1192 monet
927 1125 1002 1191 ,Ν
1005 1123 1293 1190 auckius.
1342 1123 1425 1187 Et
1470 1129 1684 1187 tamen
1726 1120 1890 1187 nihil
1928 1123 2209 1188 abundat
2246 1127 2359 1188 nec
2398 1123 2575 1189 deest

226 1239 528 1320 quiequam
549 1281 568 1311 ,
609 1234 715 1299 sed
759 1231 980 1298 literae
1001 1229 1246 1314 aliquot
1271 1228 1406 1295 loco
1429 1236 1643 1294 motae
1668 1234 1837 1293 sunt.
1862 1227 2061 1294 Poeta
2085 1229 2251 1294 enim
2279 1229 2573 1296 dederat:

377 1347 478 1406 τοῦ
525 1339 582 1405 δ’
635 1337 939 1403 ἓκτοσθ’
986 1334 1244 1401 ἄλλον
1291 1335 1404 1412 μὲν
1459 1334 1572 1414 ἔχε
1621 1333 1781 1415 χρόα
1830 1333 2090 1413 χάλκεοι
2138 1336 2377 1416 τεῦχη,

225 1447 385 1532 plane
425 1455 498 1513 ut
547 1457 596 1512 K
648 1445 779 1510 334
826 1443 1144 1531 legimus:

379 1552 632 1620 νέσσατο
677 1553 729 1616 δ’
780 1547 1162 1614 ἔκτοσθεν
1208 1547 1378 1629 ῥινόν.

299 1663 568 1746 Apparet
611 1661 852 1746 igitur,
901 1656 1116 1722 literas
1160 1661 1933 1720 ΔΕΚΤΟΟΘΕΑΛΛΟΝ
1983 1675 2131 1720 casu
2168 1658 2260 1721 ita
2296 1657 2582 1722 turbatas

575 1766 805 1852 fuiss02
849 1769 924 1830 ut
971 1761 1118 1827 inde
1158 1769 1932 1827 ASKeAAAoToceN
1981 1759 2193 1839 fieret,

301 1873 456 1957 quod
501 1876 872 1956 corruptum
911 1880 1008 1934 est
1044 1870 1110 1933 in
1154 1849 1995 1933 AeKAIAAAOTOCON.

303 2089 470 2156 Duae
535 2089 758 2155 literae
817 2088 1066 2153 vicinae
1127 2084 1340 2150 locum
1405 2087 1574 2150 inter
1638 2105 1703 2149 se
1752 2089 2277 2169 permutaverunt
2324 2094 2377 2150 H
2429 2083 2581 2154 447.

231 2193 540 2279 Neptunus
584 2194 952 2260 hominibus
998 2199 1253 2277 propter
1297 2193 1566 2256 nimiam
1615 2189 1965 2256 sollertiam
2008 2212 2377 2258 succensens
2418 2193 2586 2279 apud

229 2299 418 2367 lovem
467 2301 731 2368 fratrem
777 2299 1211 2383 conqueritur:

391 2413 511 2474 Ζεῦ
559 2407 792 2486 ποὶτερ,
843 2399 879 2478 ἦ
925 2402 1002 2485 ῥά
1050 2404 1142 2476 τίς
1192 2405 1322 2469 ἐστι
1367 2403 1598 2482 βροτῶν
1649 2402 1747 2466 ἐπ’
1796 2401 2329 2484 &vespm->earm

387 2513 446 2588 ὅς
497 2539 591 2586 τις
641 2512 728 2578 ἐτ’
775 2512 1132 2578 ἀθανάτοισι
1184 2510 1306 2575 νόον
1355 2510 1459 2576 καὶ
1509 2517 1695 2587 μῆτιν
1745 2510 1971 2588 ἐνίψει;

303 2621 470 2689 Haec
517 2620 774 2687 nullum
813 2638 1069 2685 sensnm
1105 2617 1406 2703 praebent
1441 2617 1773 2693 idoneum;
1805 2617 2099 2682 futurum
2125 2621 2295 2684 enim
2323 2600 2585 2705 ἐν’ίψειν,

231 2750 260 2793 a
287 2732 464 2795 verbo
502 2728 724 2792 ἐνίπτω
765 2725 900 2791 sive
940 2723 1150 2789 ἐνίσσω
1189 2729 1558 2807 vituperare,
1600 2724 1668 2787 in
1693 2723 1855 2788 hanc
1881 2726 2262 2790 sententiam
2287 2746 2411 2791 non
2437 2745 2591 2810 qua-

231 2836 367 2903 drat.
413 2836 791 2921 Requiritur
829 2832 1096 2898 verbum
1138 2829 1424 2895 dicendi:
1465 2834 1659 2913 ecquis
1696 2829 2037 2893 mortalium
2070 2832 2313 2912 posthac
2340 2831 2591 2895 consilia
2704 2895 2711 2901 ,

229 2964 322 3004 m
375 2965 504 3007 eum
565 2940 688 3004 diis
731 2945 816 3003 esi
861 2932 1430 3003 communicaturus?
1475 2935 1543 3000 id
1591 2942 1723 3011 est,
1772 2955 1877 2999 eos
1923 2935 2327 3002 consulturus
2372 2942 2468 3002 est
2513 2937 2593 3003 de

230 3057 438 3115 eventu
475 3066 828 3130 eorumque
865 3064 1052 3129 opem
1091 3048 1188 3107 est
1230 3037 1735 3126 imploraturus?
1798 3038 1981 3120 Quod
2020 3044 2217 3107 sensit
2254 3042 2597 3109 scholiasta

233 3174 356 3219 cum
393 3155 762 3219 adnotaret:
799 3149 1025 3233 ἐνίψει]
1064 3148 1272 3227 κυρίως
1320 3148 1432 3223 μὲν
1472 3146 1801 3223 ἐπιπλήξει
1842 3146 1945 3211 διὰ
1984 3146 2203 3224 λόγων,
2245 3152 2344 3213 νῦν
2369 3148 2430 3214 δὲ
2455 3148 2593 3214 ἀντὶ

234 3266 324 3324 τοῦ
362 3262 484 3341 ἐρεῖ
519 3260 626 3325 καὶ
669 3255 850 3331 λέξει.
901 3254 1086 3321 Hanc
1125 3274 1275 3320 vero
1316 3250 1847 3341 significationem
1888 3258 1965 3317 ut
2004 3254 2385 3320 vocabulum
2428 3254 2597 3321 male

235 3366 574 3433 mulcatum
613 3370 974 3447 recuperet,
1019 3360 1480 3426 restituendum
1520 3366 1617 3424 est
1657 3360 1771 3425 ἐνί
1784 3383 1958 3440 σπψ.
1993 3358 2492 3428 Subiunctivum
2517 3364 2597 3427 ab

233 3472 497 3539 Homero
529 3472 652 3537 hoc
692 3469 828 3535 loco
869 3467 1190 3551 adhiberi,
1229 3486 1418 3532 nemo
1457 3466 1834 3542 mirabitur;
1868 3469 2239 3532 notissimus
2263 3473 2477 3532 autem
2504 3472 2599 3533 est

235 3582 396 3647 verbi
413 3579 636 3645 ἐννέπω
656 3579 926 3643 aoristus
944 3575 1196 3651 ἐνίσπον,
1227 3574 1410 3639 cuius
1423 3574 1870 3637 subiunctivus
1887 3575 2079 3637 etiam
2100 3582 2160 3638 Λ
2180 3570 2311 3637 839
2327 3573 2598 3659 legitur:

583 3683 882 3762 ἔρχομαι.
933 3678 1069 3761 ὄφρ’
1119 3681 1377 3760 Ἀχιλῆι
1426 3677 1935 3765 δαΐφρονιμῢθον
1984 3678 2240 3755 ἐνίσπω,

232 3798 288 3856 et
327 3792 418 3857 ibi
466 3809 751 3877 quoque,
797 3787 966 3873 quod
1014 3784 1295 3851 sufficere
1341 3790 1498 3871 puto
1539 3783 1619 3848 ad
1659 3782 2107 3849 stabiliendam
2151 3786 2602 3849 correctionem

233 3918 436 3983 quam.
473 3898 812 3985 proposui,
867 3894 932 3958 in
979 3892 1273 3958 lectionis
1319 3892 1630 3956 varietate
1680 3889 1861 3969 ἐνίψω
1912 3892 2204 3957 occurrit.
2276 3889 2605 3957 Confiden-

233 4010 318 4070 ter
359 4006 566 4092 igitur
611 4002 859 4068 scribo:

588 4106 647 4180 ὅς
697 4132 789 4175 τιτ,Ι
839 4104 926 4171 ἐτ’
975 4104 1332 4170 ἀθανάτοισι
1382 4103 1506 4169 νόον
1559 4105 1663 4167 καὶ
1714 4111 1901 4180 μῆτιν
1952 4101 2187 4184 ἐνίσπῃ.

319 4216 386 4281 In
427 4216 710 4303 Odyssea
751 4233 1000 4298 quoque
1043 4218 1315 4297 quatuor
1351 4210 1507 4276 loeis
1548 4209 1789 4296 legitur
1829 4209 2081 4291 ἐνίσπῃε
2125 4236 2169 4289 y
2213 4208 2366 4293 327,
2394 4212 2422 4274 θ
2455 4209 2603 4295 101,

245 4320 402 4397 251,
470 4347 499 4402 ρ
565 4319 732 4405 529,
796 4326 860 4384 et
921 4320 1130 4403 prima
1190 4310 1454 4401 persona
1515 4316 1735 4380 ἐνίσπω
1799 4341 1818 4380 ι
1870 4312 1989 4393 37,
2040 4336 2187 4381 cum
2236 4318 2415 4381 varia
2462 4314 2609 4380 lect.

248 4430 437 4509 ἐνίψω.
509 4429 716 4504 Quam
789 4446 936 4493 vero
999 4426 1446 4491 correctionem
1503 4424 1718 4489 versui
1764 4430 1819 4487 H
1872 4420 2003 4489 447
2052 4422 2427 4488 afferendam
2477 4440 2611 4487 esse
