3150 5000
524 241 655 309 402
1549 258 1871 312 nonanus.

519 426 600 493 de
645 428 940 493 omnibus
983 405 1189 515 procis
1207 476 1223 505 ,
1270 430 1366 493 ita
1409 436 1485 493 ut
1531 434 1829 514 appareat
1873 426 2067 493 illum
2085 476 2103 506 ,
2152 448 2191 494 a
2230 448 2359 513 quo
2396 432 2645 513 septem
2664 426 2733 493 hi
2753 446 2872 495 ver·

519 555 628 601 sus
687 540 800 599 aut
860 532 1014 600 facti
1075 543 1188 599 aut
1241 537 1478 601 mutati
1525 544 1675 601 sunt
1692 584 1709 613 ,
1759 556 1872 621 pro
1920 537 2303 601 accusativis
2337 536 2588 601 numeri
2633 532 2909 620 pluralis·

515 639 665 707 illas
727 643 958 706 formas
1017 639 1336 707 habuisse.
1407 639 1533 707 Sed
1594 643 1750 707 satis
1807 647 1985 727 patet
2044 640 2267 727 opinor
2311 662 2391 707 ex
2436 642 2697 707 caeteris
2739 639 2876 705 locis

518 767 675 832 quos
721 745 1060 813 attulimus
1081 795 1098 825 ‚
1147 746 1304 812 olim
1352 758 1568 833 poetas
1616 748 1837 813 eodem
1886 768 2103 825 sensu,
2154 768 2278 833 quo
2323 749 2559 833 posteri
2596 748 2758 811 αὐτώ
2795 744 2875 809 di·

400 892 412 899 ·
517 854 776 938 cebant,
838 857 965 934 σφε
1029 852 1297 937 dixisse,
1343 861 1407 919 et
1457 853 1639 933 ἄμμε
1686 855 1859 933 ὔμμε
1908 853 2246 940 aliquando
2290 854 2467 921 idem
2512 852 2877 941 significasse

515 960 684 1047 quod
745 966 842 1026 νῶι
889 964 1051 1041 σφῶι
1069 1008 1087 1035 ,
1149 980 1352 1045 neque
1415 960 1639 1027 dubito
1696 963 1905 1048 igitur
1971 964 2125 1046 quin
2172 962 2538 1027 recentioris
2584 961 2722 1025 aevi
2764 958 2877 1023 sint

513 1088 736 1135 versus
779 1065 1098 1154 Odysseae
1141 1066 1304 1133 hanc
1346 1066 1559 1155 legem
1608 1070 1979 1156 migrantes.

601 1174 846 1259 Atqui,
893 1194 1044 1239 cum
1091 1181 1342 1239 mature
1388 1176 1455 1238 in
1502 1173 1585 1238 iis
1629 1174 1853 1239 formis
1898 1177 2093 1239 errari
2140 1180 2434 1257 coeptum
2474 1174 2597 1255 sit,
2622 1172 2879 1257 suspicio

514 1283 742 1357 oritur,
797 1280 904 1345 hic
947 1278 1086 1345 illic
1131 1277 1498 1345 obliteratas
1545 1300 1696 1346 esse.
1762 1278 2109 1347 Videamus
2149 1288 2200 1343 Κ
2242 1278 2396 1345 281.

603 1386 729 1452 Pro
769 1406 836 1451 se
873 1387 1165 1470 socioque
1203 1384 1513 1452 Diomede
1530 1435 1545 1463 ,
1581 1424 1663 1437 —
1686 1406 1837 1452 nam
1870 1407 1982 1472 pro
2022 1406 2089 1452 se
2112 1385 2247 1452 solo
2269 1407 2417 1451 eum
2440 1386 2637 1451 verba
2658 1385 2879 1467 facere,

511 1513 638 1560 non
679 1494 993 1579 persuasit
1037 1491 1098 1558 N
1101 1493 1326 1559 aberus
1373 1494 1440 1557 in
1483 1492 1737 1573 Quaest.
1788 1493 2011 1567 Hom..
2042 1530 2127 1543 —-
2152 1513 2265 1579 pro
2288 1512 2355 1558 se
2378 1494 2673 1577 socioque
2694 1493 2883 1579 igitur

511 1598 760 1688 Ulyxes
803 1601 894 1666 sic
940 1606 1265 1685 precatur:

941 1706 1038 1778 δὸς
1087 1706 1148 1773 δὲ
1197 1706 1392 1772 πάλιν
1439 1706 1538 1771 ἐπὶ
1588 1714 1736 1781 νῆας
1787 1708 2083 1779 ἔΰκλεὲαις
2126 1707 2487 1790 ἀφικέσθαι.

513 1810 788 1880 Omnino
831 1812 1177 1901 legendum
1225 1832 1360 1878 esse
1409 1814 1716 1880 arbitror:

943 1918 1040 1992 δὸς
1088 1918 1152 1983 δὲ
1197 1918 1390 1983 πάλιν
1436 1918 1537 1983 ἐπὶ
1588 1926 1737 1992 νῆας
1786 1920 2021 1985 eonas?
2066 1918 2239 1999 ἄμμ’
2284 1919 2649 2003 ἀφικέσθαι.

511 2026 612 2094 Ex
653 2026 874 2094 literae
918 2027 1105 2109 eiqma
1149 2026 1356 2092 forma
1402 2024 1706 2092 reclinata
1720 2076 1740 2111 ,
1792 2026 1999 2113 qualis
2043 2030 2111 2093 in
2158 2029 2626 2113 antiquissimis
2676 2048 2883 2093 monu-

511 2136 748 2199 mentis
809 2135 1120 2210 cernitur,
1183 2131 1538 2197 consimilis
1598 2131 1823 2207 literae
1875 2143 1942 2199 M
1965 2182 1981 2210 ,
2046 2136 2227 2221 origo
2274 2134 2467 2199 huius
2516 2136 2667 2201 vitii
2714 2132 2891 2201 facile

511 2240 815 2326 explicari
858 2246 1085 2326 potest.
1135 2238 1373 2304 Eadem
1423 2240 1707 2305 confusio
1754 2243 1973 2306 nocuit
2022 2240 2309 2307 versibus
2350 2240 2541 2307 0340
2578 2248 2647 2307 et
2691 2239 2887 2316 2520,

513 2350 588 2412 ut
633 2346 790 2413 alibi
835 2346 1121 2412 vidimus
1171 2344 1352 2430 (Cap.
1400 2344 1464 2423 1,
1513 2346 1552 2429 ᾗ
1606 2346 1691 2431 1).

601 2452 768 2520 Aliis
830 2460 1048 2519 autem
1109 2451 1264 2519 locis
1282 2501 1303 2538 ,
1366 2450 1480 2518 ubi
1531 2451 1819 2519 excidere
1865 2472 1989 2521 non
2034 2460 2283 2540 poterat
2328 2472 2680 2540 pronomen
2726 2444 2895 2522 salvo

511 2573 717 2628 metro
737 2608 754 2638 ,
820 2561 1058 2626 formas
1118 2565 1216 2624 νῶι
1282 2557 1388 2625 vel
1447 2558 1555 2642 νῴ,
1623 2565 1784 2638 σφῶι
1835 2560 1941 2632 vel
1987 2558 2126 2642 σφῴ
2146 2610 2162 2638 ,
2229 2580 2389 2647 quae
2441 2561 2897 2626 recentioribus

511 2666 745 2734 melius
789 2671 976 2732 notae
1024 2672 1265 2748 essent,
1327 2667 1396 2730 in
1448 2672 1703 2734 textum
1749 2668 2075 2752 irrepsisse
2092 2713 2109 2744 ,
2160 2687 2308 2732 cum
2355 2665 2510 2732 olim
2562 2665 2752 2744 ἄμμε
2796 2665 2893 2734 vel

512 2777 685 2854 ὔμμε
745 2775 1157 2849 recitaretur,
1221 2779 1286 2838 et
1352 2792 1463 2857 per
1506 2792 1574 2837 se
1616 2775 1772 2838 satis
1819 2781 1917 2838 est
1962 2773 2311 2840 verisimile
2328 2821 2347 2856 ,
2395 2779 2459 2838 et
2508 2771 2677 2838 effici
2723 2791 2893 2860 posse

509 2888 668 2968 puto
712 2902 790 2949 ex
837 2899 1057 2947 versus
1103 2888 1157 2944 Θ
1185 2876 1318 2942 428
1367 2880 1553 2943 initio
1602 2899 1829 2964 parum
1875 2877 2239 2946 modulato:
2290 2885 2387 2944 νῶι
2440 2879 2512 2944 ἐῶ
2554 2889 2681 2944 etc.
2732 2883 2895 2946 Ante

510 2987 956 3054 Aristarchum
1023 2987 1195 3050 enim
1255 2984 1321 3050 h.
1367 2981 1414 3048 1.
1477 2991 1607 3049 νῶιν
1669 2984 2037 3072 legebatur,
2109 2993 2184 3051 ut
2246 2993 2560 3050 testantur
2622 2985 2899 3060 scholia;

511 3093 679 3180 quod
727 3113 805 3158 ex
853 3091 1074 3157 eodem
1121 3090 1294 3155 fonte
1340 3096 1436 3155 est
1481 3093 1589 3156 cui
1634 3095 1687 3170 ψ
1734 3090 1819 3154 52
1868 3099 2064 3172 σφῶιν
2109 3112 2223 3178 pro
2270 3097 2433 3172 σφῶε
2482 3091 2797 3178 debetur,
2840 3101 2901 3160 et

509 3203 578 3265 in
638 3217 828 3264 versu
888 3198 1102 3282 spurio
1163 3205 1218 3260 Π
1263 3193 1347 3259 99
1413 3194 1761 3261 mirificum
1810 3195 1976 3263 illud
2026 3204 2156 3263 νῶιν
2206 3197 2263 3263 δ’
2314 3195 2577 3274 ἐκδῦμεν
2624 3197 2899 3281 &Asopon

511 3303 754 3371 scilicet
806 3302 964 3370 olim
1009 3305 1459 3390 grammatici,
1510 3305 1678 3369 inter
1724 3323 1881 3388 quos
1927 3303 2317 3370 Zenodotum
2368 3305 2562 3370 fuisse
2606 3309 2901 3380 mireris,

509 3413 672 3480 serio
717 3410 1028 3497 putabant
1074 3411 1205 3474 νῶιν
1253 3414 1448 3490 σφῶιν
1496 3413 1697 3474 etiam
1746 3412 1815 3474 in
1858 3412 2256 3476 nominativo
2294 3419 2359 3476 et
2381 3413 2757 3480 accusativo
2782 3413 2904 3480 dici

511 3537 706 3604 posse.
753 3515 1167 3584 Aristarchus
1213 3521 1430 3580 autem
1469 3515 1639 3600 quod
1674 3517 1915 3601 respuit
1954 3529 2089 3581 tam
2129 3523 2565 3601 portentosum
2591 3537 2901 3596 errorem,

509 3645 712 3710 neque
772 3633 826 3689 Θ
870 3621 1004 3688 428
1061 3621 1361 3688 toleravit
1405 3625 1771 3709 genitivum
1818 3625 2165 3689 accusativi
2212 3623 2351 3690 loco
2368 3673 2387 3709 ‚
2435 3625 2683 3708 optime
2730 3631 2869 3714 egit
2882 3647 2899 3704 3

508 3729 860 3798 videndum
925 3736 1143 3795 tamen
1161 3775 1180 3807 ,
1241 3729 1516 3794 fueritne
1577 3749 1727 3795 vera
1779 3728 1968 3795 lectio
2014 3727 2181 3807 ἄμμ·
2232 3731 2352 3796 εἰέω
2374 3777 2391 3807 ,
2438 3749 2585 3796 nam
2633 3733 2708 3795 in
2758 3733 2903 3800 vul-

511 3844 662 3924 gata
709 3835 1058 3902 admodum
1108 3833 1403 3920 displicet
1449 3842 1721 3920 quatuor
1760 3835 2083 3902 vocalium
2122 3859 2271 3902 ωιεω
2306 3857 2685 3922 concursus;
2726 3859 2903 3925 prae-

513 3949 686 4008 terea
728 3941 934 4007 forma
979 3948 1300 4008 contracta
1347 3942 1420 4006 ἐῶ
1467 3943 1779 4007 recentior
1817 3949 1913 4009 est
1951 3949 2015 4006 et
2038 3963 2264 4026 parum
2290 3941 2632 4008 Homerica
2648 3991 2667 4021 ,
2694 3945 2905 4012 forma

511 4047 848 4136 trisyllaba
907 4047 1027 4113 ἐσίω
1092 4050 1410 4135 antiquior
1472 4055 1537 4112 et
1598 4053 1911 4131 quatenus
1972 4046 2109 4113 fieri
2169 4051 2369 4133 possit
2414 4059 2635 4134 poetae
2684 4049 2903 4118 vindi-

512 4155 726 4223 canda.

602 4260 728 4327 Sed
771 4252 960 4327 hanc'
981 4263 1413 4347 quaestionem
1454 4263 1522 4326 in
1562 4263 1920 4346 praesentia
1941 4262 2311 4346 mittamus3
2336 4259 2696 4346 complures
2722 4265 2903 4330 enim

511 4367 681 4434 locos
698 4415 714 4445 ,
765 4369 878 4432 ubi
921 4370 1356 4433 accusativum
1403 4365 1585 4444 ἄμμε
1635 4365 1741 4433 vel
1782 4367 1953 4444 ὔμμε
1990 4367 2095 4434 vel
2117 4374 2243 4448 σφε
2264 4367 2735 4434 restituendum
2763 4390 2902 4438 esse
