3150 5000
509 163 643 232 272
1543 181 1884 234 amma

606 347 712 416 16.
764 347 825 413 6.
895 350 1275 437 „Aegyptus
1320 351 1485 434 ipsa,
1536 371 1698 436 quae
1742 352 1876 416 iam
1924 350 2102 427 inde,
2151 352 2250 416 uti
2293 348 2581 415 Romano
2625 349 2901 434 imperio

506 458 725 521 iuncta
771 460 867 521 est
912 459 1184 543 regio,
1234 458 1543 544 regitur
1589 477 1626 522 a
1670 458 2063 542 praefectis’'‚
2117 462 2265 523 cett.
2395 543 2407 552 ἱ

598 560 746 628 Vox
793 563 1058 649 regio,
1111 567 1188 627 ut
1233 583 1346 650 per
1392 563 1899 651 dittographiam
1945 569 2121 648 orta,
2166 562 2433 629 delenda
2476 562 2753 629 uidetur.

604 803 706 869 16.
778 803 885 869 16.
961 803 1325 892 „Didymus
1396 803 1852 872 Chalcenterus
1912 807 1981 871 in
2040 804 2174 871 illis
2230 826 2340 871 sex
2382 804 2568 871 libris
2611 806 2727 871 ubi
2773 826 2904 871 non

507 931 862 998 numquam
922 911 1397 998 inperfecte
1460 910 1753 977 Tullium
1814 913 2218 998 reprehendit
2279 911 2706 999 sillographos
2749 915 2904 976 imi-

508 1025 681 1085 tatus
748 1019 1091 1104 [scriptores
1146 1018 1485 1110 maledicos]
1504 1067 1521 1102 ,
1569 1018 1809 1084 iudicio
1852 1020 2198 1085 doctaru
2217 1040 2285 1084 m
2335 1039 2430 1084 au
2449 1021 2668 1084 rium
2715 1021 2906 1084 incu-

508 1131 684 1191 satur
747 1129 820 1190 ut
877 1123 1163 1189 inmania
1210 1123 1590 1190 frementem
1637 1125 1884 1192 leonem
1933 1123 2366 1211 putidulis
2414 1127 2680 1192 uocibus
2727 1129 2906 1191 canis

506 1231 759 1298 catulus
804 1231 1060 1318 longius
1110 1231 1664 1296 circumlatrans.”

597 1336 742 1403 Non
810 1358 936 1403 uno
1006 1337 1237 1403 mendo
1307 1338 1462 1402 haec
1530 1337 1838 1405 laborant.
1908 1337 2034 1404 Pro
2102 1339 2424 1425 imperf
2431 1344 2655 1412 ecte.
2729 1338 2907 1424 quod

506 1452 755 1532 praeter
815 1445 879 1509 h.
907 1443 951 1511 l.
1016 1464 1333 1529 nusquam
1378 1443 1641 1532 legitur,
1691 1447 1819 1509 nisi
1863 1443 2065 1510 semel
2109 1445 2278 1530 apud
2326 1443 2617 1511 Gellium
2637 1493 2653 1520 ,
2705 1446 2904 1510 corri-

504 1552 789 1640 gendum
837 1557 994 1637 puto
1035 1553 1554 1636 importune,
1608 1551 1775 1636 quod
1813 1553 2159 1617 sententiae
2197 1554 2410 1637 aptius
2448 1553 2767 1617 conuenit.
2817 1589 2904 1600 -—

504 1657 757 1739 Verba,
819 1678 981 1743 quae
1041 1659 1223 1723 uncis
1284 1655 1555 1735 inclusi,
1616 1657 1850 1722 melius
1897 1656 2181 1723 aberunt.
2237 1695 2320 1706 —
2371 1655 2444 1722 Si
2490 1679 2719 1724 uerum
2761 1667 2905 1742 est,

506 1764 674 1851 quod
744 1763 1019 1830 affirmat
1086 1763 1556 1850 Eyssenhardt,
1623 1765 1691 1829 in
1754 1762 1897 1829 Vat.
1960 1761 2092 1852 legi
2155 1764 2620 1849 doctorum,
2685 1763 2909 1853 legere

505 1869 737 1936 malim
810 1870 1088 1950 „iudicio
1164 1870 1598 1936 doctorum
1668 1869 1947 1936 acrius
2017 1868 2409 1936 incusatur.'’
2461 1908 2543 1919 -
2593 1870 2672 1938 V.
2743 1893 2908 1958 „pu-

510 1976 777 2042 tidulis’'
826 1973 1131 2043 Gelenius
1179 1977 1590 2063 excogitauit.
1637 1974 1789 2041 Vat.
1837 1976 2030 2042 habet
2075 1978 2298 2063 pitre
2316 1976 2569 2043 dulis.
2639 1975 2906 2044 conicio

508 2080 917 2150 stridulis
966 2081 1106 2149 coll.
1162 2080 1309 2148 Seu.
1360 2083 1477 2169 Ep.
1528 2080 1645 2148 56:
1703 2085 1958 2160 „tenuis
2003 2087 2070 2149 et
2117 2081 2388 2149 stridula
2429 2083 2623 2149 uox.'’
2881 2065 2886 2072 ¹

605 2325 705 2395 16.
762 2325 869 2392 18.
923 2325 1323 2410 „Medicinae
1372 2376 1387 2393 .
1416 2373 1433 2390 .
1464 2374 1479 2392 .
1527 2327 1621 2390 ita
1669 2325 1883 2392 studia
1931 2331 2249 2415 augentur
2293 2329 2363 2392 in
2411 2327 2546 2394 dies
2589 2333 2700 2407 ut,
2746 2327 2908 2396 licet

506 2455 663 2520 opus
716 2433 929 2520 ipsum
995 2432 1417 2517 redoleat,
1478 2452 1592 2519 pro
1646 2434 1822 2497 omni
1882 2437 2098 2498 tamen
2145 2436 2578 2520 experimento
2627 2435 2906 2503 sufficiat

505 2539 753 2607 medico
819 2540 897 2606 ad
959 2540 1528 2607 commendandam
1587 2542 1742 2605 artis
1805 2542 2291 2625 auctoritatem,
2355 2544 2409 2605 si
2475 2542 2903 2609 Alexandriae

507 2668 574 2713 se
625 2646 861 2712 dixerit
908 2647 1300 2713 eruditum.’'

596 2752 894 2839 Suspicor
934 2755 1071 2819 red
1088 2775 1124 2820 0
1141 2753 1165 2819 1
1182 2775 1214 2819 e
1234 2759 1315 2819 at
1352 2752 1759 2820 librariorum
1785 2773 1919 2819 esse
1944 2758 2380 2819 commentum
2399 2802 2416 2831 ,
2445 2756 2902 2821 Ammianum‘·

506 2881 627 2947 que
667 2863 988 2946 scripsisse
1032 2858 1223 2938 „licet
1263 2880 1422 2945 opus
1460 2863 1674 2946 ipsum
1717 2859 1807 2926 ed
1826 2880 1910 2925 oc
1929 2862 2104 2926 eat'’
2151 2862 2194 2927 i.
2223 2880 2276 2927 e.
2319 2860 2475 2927 licet
2499 2881 2658 2947 opus
2682 2865 2904 2948 ipsum

507 2969 663 3032 satis
725 2966 945 3052 probet
1004 2964 1433 3032 Alexandriae
1480 2966 1804 3033 eruditum
1854 2987 1988 3032 esse
2035 2966 2382 3033 medicum.
2434 2966 2516 3017 -’-
2567 2967 2904 3056 Hauptius

506 3073 776 3140 coniecit
819 3070 1197 3137 refellat.

601 3314 706 3383 16.
772 3313 881 3383 22.
956 3315 1407 3401 „Anaxagoras
1473 3315 1716 3402 lapides
1784 3336 1818 3380 e
1878 3313 2049 3381 caelo
2108 3316 2396 3401 lapsuros
2459 3324 2523 3383 et
2572 3316 2901 3402 putealem

504 3422 717 3488 limu
737 3442 803 3487 m
854 3426 1246 3487 contrectans
1292 3426 1598 3487 tremores
1643 3422 1890 3487 futuros
1935 3422 2332 3506 praedixerat
2378 3426 2648 3489 terrae.'’

596 3528 769 3595 Nota
839 3534 935 3593 est
996 3531 1275 3593 narratio
1322 3528 1399 3593 de
1449 3530 1826 3614 Anaxagora
1872 3528 2151 3613 lapidem
2201 3528 2308 3595 uel
2352 3527 2596 3614 lapides
2644 3552 2679 3596 e
2726 3530 2903 3597 caelo

504 3635 792 3720 lapsuros
832 3633 1249 3719 praedicente.
1301 3632 1482 3714 Quod
1523 3653 1674 3698 uero
1715 3634 1791 3700 de
1841 3635 2222 3700 tremoribus
2268 3640 2470 3700 terrae
2518 3636 2582 3699 h.
2607 3636 2653 3701 1.
2704 3636 2902 3702 tradi-

506 3746 630 3826 tur,
684 3761 760 3805 ex
808 3760 973 3825 aqua
1018 3738 1283 3824 puteali·
1306 3739 1686 3825 praedictis,
1734 3740 1811 3804 ab
1859 3742 2221 3807 auctoribus
2261 3743 2560 3807 omnibus
2601 3746 2899 3808 unanimi

506 3868 812 3914 consensu
882 3866 1007 3911 non
1077 3849 1523 3934 Anaxagorae,
1600 3846 1707 3912 sed
1779 3846 2133 3933 Pherecydi
2195 3848 2524 3932 tribuitur,
2589 3848 2798 3914 ueluti
2860 3870 2900 3915 a

507 3953 840 4030 Cicerone,
912 3952 988 4017 de
1059 3951 1345 4018 Diuinat.
1413 3954 1467 4017 Ι.
1534 3952 1639 4018 50.
1706 3952 1837 4018 112
1901 3961 1964 4017 et
2023 3952 2105 4019 11.
2176 3952 2278 4018 13.
2332 3953 2414 4019 31
2465 3960 2530 4020 et
2577 3977 2615 4021 a
2663 3954 2896 4022 Plinio·

507 4062 596 4128 Η.
656 4060 736 4127 N.
802 4058 883 4127 ΙΙ.
952 4057 1103 4123 191.
1161 4059 1307 4124 Non
1351 4061 1556 4147 igitur
1603 4058 1827 4124 dubito
1874 4061 2027 4143 quin
2073 4065 2222 4125 ante
2271 4059 2682 4147 „putealem”
2731 4064 2896 4128 exci-

508 4168 672 4235 derit
717 4165 1268 4252 Pherecydes.
1343 4161 1510 4231 Cum
1560 4169 1777 4229 autem
1826 4164 1994 4249 apud
2035 4185 2254 4231 omnes
2302 4166 2380 4232 de
2427 4187 2588 4253 aqua
2649 4167 2894 4254 puteali

508 4295 714 4341 sermo
762 4276 887 4351 sit,
930 4292 1056 4339 non
1102 4269 1393 4336 limum
1433 4273 1652 4336 Amm.
1692 4273 2015 4357 scripsisse
2052 4277 2310 4357 apparet
2334 4272 2444 4338 sed
2482 4273 2892 4359 limpham

3107 383 3109 430 1
