3150 5000
1201 253 1669 359 monim-s.
2490 289 2623 355 265

335 473 393 540 6.
453 475 514 541 3.
590 476 831 556 „Ludis
901 474 1304 546 Circensibus
1375 476 1867 563 Amphilochius
1939 481 2228 562 spectans
2300 479 2628 562 repentino

246 579 512 648 clamore
583 583 834 650 sublato
896 605 1044 650 cum
1104 589 1422 650 certamen
1484 587 1816 672 opinatum
1866 584 2275 649 emittere
2298 588 2464 661 tur,
2516 582 2633 648 dif-

242 687 452 755 fractis
500 689 796 757 cancellis
846 736 862 758 .
892 740 907 756 .
935 739 950 756 .
983 741 1002 760 .
1049 689 1291 757 efflasse
1336 693 1639 776 spiritum
1686 693 1973 776 repertus
2018 689 2180 756 est.”

327 794 471 863 Non
530 796 837 886 intellego
905 803 1267 876 „certamen
1311 795 1673 864 emittere?
1723 796 2094 863 Latinitatis
2139 798 2303 862 ratio
2346 793 2631 896 postulat

242 902 550 968 nimirum
598 905 1302 970 committeretur.

323 1086 440 1156 -11,
491 1089 624 1168 2.’,
623 1087 818 1169 ,Cum
866 1090 1229 1177 Aquileiam
1279 1094 1715 1176 peruenissent
1761 1092 2090 1157 uberem
2136 1093 2267 1157 situ
2308 1095 2373 1157 et
2408 1092 2634 1176 opibus

243 1199 565 1282 murisque
627 1197 1085 1262 circumdatam
1148 1197 1416 1282 ualidis,
1477 1218 1617 1263 eam
1684 1197 2005 1264 hostiliter
2048 1203 2307 1284 repente
2354 1197 2634 1264 clausere

237 1301 499 1369 iuuante
541 1303 844 1392 indigena
891 1304 1072 1390 plebe
1111 1303 1434 1370 tumultus
1473 1305 1839 1381 horrorem,
1885 1306 1989 1370 cni
2026 1303 2359 1370 Constanti
2404 1323 2636 1369 nomen

242 1413 375 1473 erat
423 1415 566 1474 tum
616 1413 816 1475 etiam
865 1410 1281 1476 amicumss’

327 1511 673 1581 Reicienda
741 1520 840 1583 est
907 1513 1379 1584 Gardthauseni
1447 1521 1811 1583 coniectura
1872 1517 2071 1584 uber
2090 1539 2124 1582 e
2143 1538 2245 1581 m·
2228 1567 2245 1594 ,
2315 1516 2632 1602 quomodo

241 1620 411 1686 enim
462 1623 614 1688 urbs
659 1623 796 1688 situ
838 1623 998 1689 uber
1041 1623 1170 1690 dici
1209 1627 1409 1710 possit
1445 1626 1559 1690 uix
1598 1623 1925 1711 intellego,
1974 1623 2053 1688 In
2090 1622 2173 1688 V.
2200 1626 2411 1709 prima
2438 1641 2637 1690 manu

239 1729 552 1820 scriptum
621 1734 717 1794 est
781 1729 1017 1795 ubem
1077 1733 1123 1794 i.
1150 1752 1202 1796 e.
1269 1729 1595 1796 utilem.
1649 1767 1734 1780 —
1794 1729 1921 1796 Pro
1993 1733 2397 1808 amicum,
2468 1729 2637 1816 quod

241 1831 418 1900 dedit
467 1831 807 1920 Gelenius,
856 1839 1215 1923 scripserim
1249 1837 1733 1905 iucundum.
1778 1875 1861 1886 —
1911 1836 1995 1902 V.
2021 1836 2216 1903 habet
2253 1839 2637 1905 initium.

334 2039 444 2106 12.
492 2039 556 2106 8.
630 2041 1032 2119 „Munitores
1091 2040 1244 2109 licet
1306 2061 1539 2129 pauore
1600 2043 2050 2108 discriminum
2118 2044 2293 2108 anxii
2316 2090 2332 2121 ‚
2398 2041 2638 2128 pudore

241 2149 458 2212 tamen
519 2169 601 2214 ne
661 2149 950 2215 socordes
1006 2148 1376 2215 uiderentur
1421 2155 1484 2216 et
1529 2168 1756 2236 segnes
1774 2195 1790 2224 ,
1841 2148 1955 2213 ubi
2000 2168 2228 2233 parum
2278 2151 2381 2214 uis
2426 2170 2641 2235 proce-

239 2249 430 2318 debat
499 2253 713 2322 Marte
781 2261 997 2341 aperto
1064 2260 1380 2340 temptata
1401 2303 1417 2334 ,
1490 2254 1570 2322 ad
1642 2257 2067 2319 instrumenta
2140 2253 2634 2321 obsidionalium

240 2361 478 2426 artium
526 2360 1244 2428 transtulerunt.”

331 2462 600 2555 Corrige
658 2467 1244 2535 transiluerun
1262 2473 1309 2534 t.
1359 2466 1706 2534 Liuianum
1757 2473 1855 2534 est
1906 2469 2027 2547 „ab
2074 2467 2201 2535 alio
2251 2467 2515 2535 consilio
2562 2469 2643 2535 ad

241 2572 412 2638 aliud
463 2574 848 2641 transilii-e.”
896 2573 988 2642 Of.
1039 2575 1210 2641 Plin.
1259 2574 1342 2642 N.
1389 2575 1477 2640 H.
1527 2573 1834 2639 XXXIII.
1876 2573 1941 2640 2.
1981 2574 2057 2639 8:
2109 2575 2228 2659 „ad
2268 2584 2641 2642 ornamenta

239 2696 314 2743 ea
389 2680 464 2765 [i.
492 2701 545 2747 e.
608 2681 686 2746 ad
735 2702 924 2748 usum
971 2680 1306 2748 anulorum
1356 2684 1723 2765 aureorum]
1762 2676 1968 2747 'etiam
2023 2683 2335 2747 seruitute
2380 2680 2639 2749 liberati

241 2784 676 2853 transiliunt.”

333 2972 442 3041 12.
494 2970 558 3038 8.
636 2972 840 3057 „Quia
907 2994 1022 3040 nec
1084 2975 1390 3040 arietibus
1452 2972 1867 3039 admonendis
1927 2994 2042 3040 nec
2111 2974 2189 3039 ad
2236 2974 2639 3041 intentandas

241 3080 572 3146 machinas
634 3080 741 3147 uel
788 3086 877 3146 ut
918 3102 959 3167 p
978 3083 1256 3147 oesint
1302 3080 1494 3147 forari
1540 3079 1829 3146 cuniculi
1874 3080 2319 3147 inueniebatur
2364 3102 2637 3167 usquam

240 3183 482 3252 habilis
528 3185 751 3254 locus”
802 3192 952 3253 cett.
1117 3178 1120 3181 ⁴
1694 3208 1701 3215 ·

329 3291 712 3381 Legendum
765 3292 916 3372 „uel
961 3293 1104 3360 ubi
1152 3292 1566 3380 possent.”

338 3478 447 3547 12.
500 3479 606 3546 12.
657 3480 1103 3559 „Munitorum
1149 3500 1464 3547 maerores
1510 3480 1935 3566 prohibitores
1980 3502 2089 3567 spe
2130 3483 2263 3546 iam
2298 3483 2637 3567 superandi

243 3582 622 3665 firmabant,
669 3586 824 3653 licet
867 3590 990 3674 ipsi
1037 3608 1286 3673 quoque
1333 3606 1567 3673 paucos
1614 3588 1960 3675 gemebant
2007 3586 2339 3654 amissos.”

333 3692 546 3761 Immo
592 3697 806 3781 potius
856 3715 1055 3774 „non
1099 3693 1400 3780 paucos.’'

337 3881 445 3947 13.
513 3883 571 3947 1.
646 3879 1104 3959 „Constantius
1165 3884 1234 3946 in
1283 3884 1557 3949 rationes
1607 3879 2025 3947 diducebatur
2072 3883 2380 3967 ancipites
2398 3929 2415 3960 ,
2466 3904 2633 3949 nunc

244 3986 322 4051 ad
393 3990 886 4055 concursatorias
953 4008 1200 4076 pugnae
1269 3987 1548 4054 militem
1621 4009 1652 4053 s
1670 3996 1697 4053 t
1716 4009 1749 4052 r
1765 4009 1808 4052 ιι
1825 4008 1859 4053 e
1874 4010 1915 4051 n
1935 4008 1965 4051 s
1984 4033 2001 4067 ‚
2074 4008 2240 4053 nunc
2258 4034 2275 4065 ,
2342 3990 2396 4052 si
2456 3991 2637 4074 copia

246 4112 287 4177 p
304 4097 483 4161 atui
502 4116 532 4162 s
547 4116 578 4161 s
595 4116 630 4161 e
647 4101 675 4159 t
694 4142 709 4173 ‚
759 4094 1084 4160 obsidione
1128 4096 1391 4182 gemina
1433 4092 1765 4161 Bezabden
1814 4092 2297 4181 aggressuru8.'’

335 4198 481 4266 Non
523 4202 774 4286 scripsit
823 4202 1208 4267 Ammianus
1229 4248 1245 4279 ,
1293 4201 1478 4267 credo
1494 4250 1508 4277 ,
1569 4198 1891 4278 „militem
1944 4205 2017 4265 st
2038 4220 2069 4265 r
2084 4221 2129 4265 u
2148 4221 2183 4265 e
2198 4223 2241 4265 n
2258 4198 2323 4264 δ”
2369 4200 2479 4265 sed
2526 4202 2638 4266 in-

247 4310 619 4389 struens,
679 4328 881 4394 neque
931 4310 1031 4386 „si
1084 4310 1266 4395 copia
1326 4329 1367 4393 p
1386 4305 1846 4391 atuisset,”
1906 4298 2017 4374 sed
2065 4310 2165 4387 „si
2212 4308 2394 4393 copia
2440 4306 2641 4374 data

249 4430 284 4477 e
301 4432 332 4477 s
347 4433 432 4480 se
449 4414 530 4480 t.”

2332 4534 2397 4583 18
