3150 5000
624 279 755 346 110

703 464 846 531 Iam
891 468 1135 530 constat
1181 469 1324 550 post
1369 484 1611 529 annum
1658 462 1755 529 01.
1790 463 1960 559 ἱ89,2
2008 464 2287 531 adfuisse
2330 467 2397 531 in
2438 462 2715 531 Deorum
2740 462 2975 528 aerariis

613 570 820 637 multo
867 574 1114 649 minus,
1175 592 1367 657 quam
1417 570 1661 637 talenta
1706 572 1958 637 circiter
2008 570 2221 650 6542,
2278 610 2359 621 —
2408 581 2477 637 et.
2524 570 2779 657 quidem
2824 574 2975 633 tanto

616 680 832 743 minus
854 724 869 755 ,
928 684 1163 763 quanto
1211 679 1403 743 annui
1452 677 1695 743 reditus
1744 682 2019 744 minores
2066 680 2302 745 fuerint
2322 726 2337 756 ‚
2388 698 2581 763 quam
2630 675 2765 741 200
2812 674 2981 739 talen-

617 791 828 849 torum
878 787 942 848 et
981 790 1290 869 quantum
1340 784 1420 849 ad
1465 782 1822 869 Propylaea
1870 788 2314 871 consumptum
2366 787 2451 850 eit
2500 804 2661 849 anno
2710 778 2979 863 01.83,3.

614 888 876 955 Praeter
921 890 1075 955 haec
1121 890 1384 955 fortasse
1435 892 1630 956 etiam
1681 897 1858 956 tanto
1907 894 2157 975 minus,
2207 906 2521 976 quantum
2571 891 2833 955 caeteris
2855 906 2984 971 quo-

617 1017 741 1083 que
804 1000 984 1062 annis
1045 996 1124 1063 ad
1179 995 1645 1063 aedificationes
1688 1019 2094 1083 quascunque
2140 1019 2490 1083 expensum
2537 999 2642 1063 sit.
2718 995 2787 1061 Si
2834 995 2985 1058 enim

619 1125 770 1170 vera
813 1110 999 1181 sunt,
1048 1124 1208 1189 quae
1253 1104 1373 1169 hac
1421 1104 1498 1169 de
1541 1126 1609 1168 re
1656 1105 2013 1191 disputavit
2060 1104 2496 1171 Kirchhovius
2542 1102 2611 1188 (1.
2652 1124 2708 1168 c.
2760 1122 2822 1187 p.
2866 1097 2984 1183 37),

533 1218 542 1234 '
619 1231 840 1276 earum
904 1212 1316 1296 pecuniarum
1337 1258 1352 1288 ,
1420 1231 1581 1296 quae
1645 1212 1725 1277 ad
1786 1209 2251 1277 aedificandum
2313 1210 2815 1286 adhibebantur,
2882 1226 2988 1271 non

618 1316 1011 1383 debebantur
1072 1337 1319 1383 usurae.
1399 1317 1707 1397 Quocirca
1780 1339 1927 1382 cum
2007 1339 2083 1384 ex
2146 1316 2365 1383 tabula
2434 1315 2550 1382 illa
2622 1316 2987 1403 logistarum

618 1426 1108 1511 cognoverimus
1171 1430 1420 1489 tantum
1445 1470 1460 1501 ‚
1526 1428 1800 1509 quantae
1861 1427 2165 1509 pecuniae
2227 1428 2639 1507 consumptae
2688 1424 2851 1503 sint,
2892 1437 2987 1503 pro

620 1530 852 1617 quibus
895 1550 1122 1595 usurae
1171 1528 1583 1614 deberentur,
1630 1530 2043 1596 manifestum
2093 1536 2221 1603 est,
2272 1532 2327 1595 si
2367 1536 2538 1595 recte
2578 1531 2670 1595 sic
2712 1527 2989 1593 iudicarit

617 1635 1090 1710 Kirchhovius,
1153 1635 1366 1721 plures
1427 1658 1504 1702 ex
1567 1640 1827 1702 aerariis
1888 1636 2162 1702 Deorum
2226 1642 2517 1721 sumptas
2580 1656 2718 1701 esse
2736 1682 2753 1713 ‚
2822 1652 2989 1718 quam

619 1739 878 1807 tabulae
923 1740 1074 1808 illae
1121 1742 1491 1817 exhibeant;
1542 1750 1732 1827 atque
1777 1742 1948 1808 haud
1997 1745 2089 1807 ita
2135 1763 2330 1829 parvo
2374 1742 2623 1828 plures,
2674 1764 2827 1807 cum
2868 1759 2989 1805 con-

619 1854 746 1915 stet
791 1848 1052 1916 illorum
1103 1869 1410 1914 annorum
1458 1848 1775 1934 prioribus
1822 1849 1901 1914 ad
1940 1848 2296 1937 Propylaea
2338 1849 2493 1915 satis
2532 1869 2807 1937 magnas
2828 1866 2989 1933 pecu-

618 1958 760 2021 nias
822 1976 1124 2040 expensas
1185 1976 1316 2021 esse
1338 2003 1353 2033 ,
1433 1976 1823 2041 quamquam
1886 1956 2041 2040 hae,
2106 1956 2273 2041 quod
2337 1957 2555 2021 statim
2621 1952 2987 2021 intellexeri-

620 2082 802 2141 mus,
849 2082 974 2127 non
1014 2082 1232 2127 omnes
1279 2060 1537 2127 fuerunt
1585 2082 1815 2128 sacrae.
1890 2062 2211 2148 Quidquid
2253 2070 2385 2145 est,
2430 2098 2513 2110 —
2540 2080 2689 2125 nam
2746 2060 2823 2126 de
2867 2078 2987 2123 sen·

620 2171 824 2233 tentia
891 2166 1273 2233 Kirchhovii
1293 2217 1310 2251 ,
1375 2172 1448 2231 ut
1509 2167 1734 2233 deinde
1797 2168 2162 2234 videbimus
2182 2216 2197 2246 ,
2266 2168 2537 2234 minime
2598 2172 2873 2243 constat,
2920 2199 2985 2211 -

620 2275 787 2360 quod
836 2274 1114 2340 adfuisse
1160 2274 1613 2339 constituimus
1656 2281 1799 2359 post
1840 2296 2075 2340 annum
2120 2274 2216 2340 01.
2256 2272 2412 2353 89,3
2460 2277 2527 2339 in
2568 2276 2832 2341 aerariis
2854 2270 2989 2337 Deo-

619 2402 766 2445 rum
827 2378 973 2465 plus
1035 2400 1228 2465 quam
1293 2378 1405 2445 tal.
1476 2378 1688 2458 5342,
1754 2383 1969 2446 minus
2032 2402 2225 2467 quam
2273 2380 2384 2447 tal.
2436 2379 2651 2459 6542,
2724 2380 2843 2445 hoc
2886 2396 2988 2441 non

619 2492 859 2553 temere
915 2490 1149 2554 arctius
1209 2489 1300 2552 sic
1355 2484 1684 2564 definitur,
1740 2494 1813 2553 ut
1860 2488 2138 2555 adfuisse
2184 2488 2631 2573 perhibeamus
2686 2487 2987 2574 aliquanto

619 2596 835 2658 minus
897 2614 1088 2679 quam
1150 2593 1392 2660 talenta
1454 2592 1652 2659 6000.
1718 2594 1981 2679 Insuper
2042 2595 2227 2660 valde
2294 2594 2620 2680 probabile
2674 2601 2775 2662 est
2820 2611 2987 2661 anno·

618 2722 762 2766 rum
810 2699 1073 2766 illorum
1121 2706 1392 2785 quatuor
1435 2702 1775 2785 postremis
1822 2707 2306 2787 quantocunque
2358 2701 2501 2788 plus
2556 2707 2985 2786 consumptum

621 2828 788 2886 esse,
850 2828 1042 2893 quam
1105 2807 1383 2874 redierit.
1467 2805 2027 2873 verisimillimum
2092 2810 2263 2874 enim
2322 2829 2459 2874 esse
2506 2807 2789 2896 sing-ulis
2836 2805 2985 2872 annis

619 2916 834 2979 minus
904 2913 1162 2979 rediisse
1231 2935 1422 3000 quam
1495 2913 1607 2980 tal.
1680 2913 1848 2993 200,
1897 2951 1987 2964 —
2034 2937 2145 3001 per
2206 2935 2401 2982 annos
2464 2923 2739 3001 quatuor
2801 2915 2985 2979 minus

619 3021 878 3087 rediisse
940 3041 1130 3105 quam
1195 3019 1306 3086 tal.
1355 3019 1488 3086 800
1539 3020 1729 3108 (803)
1753 3071 1767 3098 .
1830 3061 1899 3071 -
1942 3021 2540 3088 demonstravimus.
2614 3024 2819 3088 Annis
2866 3033 2983 3084 vero

621 3127 899 3212 quinque
946 3132 1058 3192 aut
1105 3133 1409 3212 quatuor,
1458 3131 1570 3213 qui
1617 3128 1733 3193 hos
1772 3128 2189 3205 antecedunt,
2240 3148 2467 3214 parum
2494 3133 2779 3202 constat,
2822 3143 2983 3210 quan·

619 3240 760 3299 tum
825 3241 1278 3319 consumptum
1328 3233 1432 3298 sit.
1505 3233 1764 3312 Potest,
1813 3242 1887 3299 ut
1936 3236 2052 3300 hoc
2099 3234 2291 3320 paulo
2336 3237 2593 3310 minus,
2641 3241 2889 3320 potest,
2930 3234 2985 3293 nt

618 3339 809 3425 paulo
858 3339 1004 3425 plus
1047 3340 1276 3417 fuerit,
1326 3359 1520 3425 quam
1561 3340 1842 3405 redierit.
1892 3339 1981 3404 Ut
2016 3342 2223 3428 igitur
2265 3339 2344 3407 ad
2383 3340 2599 3406 locum
2622 3340 2818 3406 illum
2842 3337 2985 3404 'Phu-

619 3446 904 3533 cydidis,
955 3445 1122 3511 unde
1169 3451 1306 3512 tota
1353 3446 1638 3534 dig-ressa
1685 3453 1781 3513 est
1828 3446 2210 3532 disputatio,
2262 3455 2692 3530 revertamur,
2735 3451 2867 3514 iam
2904 3463 2986 3527 ap·

617 3559 829 3639 paret,
897 3573 1086 3638 quam
1152 3558 1320 3618 recte
1368 3554 1678 3634 χρήματα
1733 3554 2219 3629 ὑπαναλωθῆναι
2271 3553 2387 3620 illa
2434 3555 2525 3619 ibi
2574 3554 2902 3628 dicantur,
2944 3547 2985 3610 Si

617 3661 703 3724 sit
750 3659 1075 3744 aliquanto
1125 3658 1270 3744 plus
1315 3659 1464 3724 inde
1511 3657 1907 3737 delibatum,
1959 3681 2149 3745 quam
2194 3659 2471 3746 singulis
2510 3661 2690 3727 annis
2732 3657 2982 3727 redierit

617 3763 766 3835 Huc
827 3764 958 3830 fere
1019 3765 1187 3829 redit
1247 3767 1524 3830 auctoris
1586 3769 1934 3848 sententia,
1998 3773 2071 3832 ut
2136 3763 2313 3832 6000
2359 3766 2475 3832 illa
2524 3765 2766 3832 talenta
2789 3813 2804 3844 ,
2851 3779 2983 3850 quae

617 3890 780 3936 anno
830 3869 932 3936 01.
979 3868 1135 3949 873
1183 3872 1462 3937 adfuisse
1510 3871 1578 3937 in
1628 3893 1768 3938 arce
1817 3875 2168 3938 monuisset
2217 3873 2532 3951 Pericles,
2600 3875 2880 3958 primum
2924 3885 2981 3931 ex

502 4030 515 4038 .
617 3997 815 4062 parva
882 3983 1061 4062 parte
1123 3980 1414 4042 consumi
1477 3984 1698 4063 coepta
1760 3998 1893 4044 esse
1956 3978 2126 4045 dicat
2186 3980 2555 4064 stipendiis,
2632 4001 2793 4066 quae
2854 3995 2983 4062 pen-

619 4083 919 4149 derentur
979 4081 1334 4168 militibus,
1399 4086 1509 4168 qui
1569 4083 1911 4152 Potidaeae
1971 4089 2034 4151 in
2100 4087 2412 4171 praesidio
2471 4093 2714 4165 essent,
2779 4092 2843 4152 et
2896 4100 2985 4158 ec,

619 4189 786 4277 quod
831 4192 899 4254 in
946 4191 1307 4255 maximum
1354 4187 1586 4269 illum,
1634 4211 1820 4276 quem
1872 4213 2152 4278 unquam
2192 4193 2580 4270 habuerunt,
2608 4194 2871 4258 navium
2892 4206 2983 4252 nu·

617 4317 906 4380 merum,
973 4295 1389 4363 Athenienses
1449 4298 1913 4383 impenderint;
1979 4320 2102 4384 quo
2162 4301 2521 4384 indicatur,
2587 4307 2660 4365 ut
2717 4301 2981 4385 apparet,

619 4406 919 4472 continua
965 4402 1276 4488 quaedam
1323 4424 1434 4489 per
1481 4403 1695 4489 plures
1742 4425 1969 4483 annos,
2020 4425 2412 4494 quamquam
2460 4405 2643 4474 tarda
2662 4454 2680 4485 ,
2720 4403 2983 4492 pecunia·
