<?xml version="1.0" encoding="UTF-8"?>
<!DOCTYPE html PUBLIC "-//W3C//DTD XHTML 1.0 Transitional//EN"
    "http://www.w3.org/TR/xhtml1/DTD/xhtml1-transitional.dtd">
<html xmlns="http://www.w3.org/1999/xhtml" xml:lang="en" lang="en">
 <head>
  <title>
</title>
<meta http-equiv="Content-Type" content="text/html;charset=utf-8" />
  <meta name='ocr-system' content='tesseract 3.04.00' />
  <meta name='ocr-capabilities' content='ocr_page ocr_carea ocr_par ocr_line ocrx_word'/>
</head>
<body>
  <div class='ocr_page' id='page_1' title='image "./mnemosyne06servgoog_0809.png"; bbox 0 0 3150 5000; ppageno 0'>
   <div class='ocr_carea' id='block_1_1' title="bbox 1194 222 2610 329">
    <p class='ocr_par' dir='ltr' id='par_1_1' title="bbox 1194 222 2610 329">
     <span class='ocr_line' id='line_1_1' title="bbox 1194 222 2610 329; baseline 0 -1"><span class='ocrx_word' id='word_1_1' title='bbox 1194 279 1630 329; x_wconf 62' lang='lat' dir='ltr'><strong>morumne.</strong></span> <span class='ocrx_word' id='word_1_2' title='bbox 2423 229 2433 241; x_wconf 31' lang='lat'>⁸</span> <span class='ocrx_word' id='word_1_3' title='bbox 2485 222 2610 328; x_wconf 79' lang='lat' dir='ltr'><strong>33i</strong></span> 
     </span>
    </p>
   </div>
   <div class='ocr_carea' id='block_1_2' title="bbox 204 445 2620 4477">
    <p class='ocr_par' dir='ltr' id='par_1_2' title="bbox 204 445 2620 4477">
     <span class='ocr_line' id='line_1_2' title="bbox 230 445 2604 533; baseline -0.001 -21"><span class='ocrx_word' id='word_1_4' title='bbox 230 445 554 512; x_wconf 75' lang='lat' dir='ltr'><strong>Deceleam</strong></span> <span class='ocrx_word' id='word_1_5' title='bbox 601 452 943 533; x_wconf 86' lang='lat' dir='ltr'><strong>occupent:</strong></span> <span class='ocrx_word' id='word_1_6' title='bbox 989 447 1173 526; x_wconf 76' lang='grc' dir='ltr'><strong><em>μόνου</em></strong></span> <span class='ocrx_word' id='word_1_7' title='bbox 1218 450 1410 512; x_wconf 78' lang='grc' dir='ltr'><strong><em>αὐτοῦ</em></strong></span> <span class='ocrx_word' id='word_1_8' title='bbox 1459 447 1763 530; x_wconf 72' lang='grc' dir='ltr'><strong><em>νομίζουσι</em></strong></span> <span class='ocrx_word' id='word_1_9' title='bbox 1810 451 1928 512; x_wconf 82' lang='grc' dir='ltr'><strong>τῶν</strong></span> <span class='ocrx_word' id='word_1_10' title='bbox 1969 447 2031 511; x_wconf 84' lang='grc' dir='ltr'><strong>ἐν</strong></span> <span class='ocrx_word' id='word_1_11' title='bbox 2081 450 2168 527; x_wconf 77' lang='grc' dir='ltr'><strong>τῷ</strong></span> <span class='ocrx_word' id='word_1_12' title='bbox 2218 446 2468 526; x_wconf 76' lang='grc' dir='ltr'><strong><em>πολέμῳ</em></strong></span> <span class='ocrx_word' id='word_1_13' title='bbox 2522 469 2550 510; x_wconf 90' lang='grc' dir='ltr'><strong><em>ο</em></strong></span> <span class='ocrx_word' id='word_1_14' title='bbox 2571 448 2604 510; x_wconf 81' lang='grc' dir='ltr'><em>ὑ</em></span> 
     </span>
     <span class='ocr_line' id='line_1_3' title="bbox 230 552 2608 642; baseline 0.001 -27"><span class='ocrx_word' id='word_1_15' title='bbox 230 552 948 632; x_wconf 73' lang='grc' dir='ltr'><strong><em>διαπεπειρᾶσόαι·</em></strong></span> <span class='ocrx_word' id='word_1_16' title='bbox 1022 555 1128 619; x_wconf 88' lang='lat' dir='ltr'><strong>hic</strong></span> <span class='ocrx_word' id='word_1_17' title='bbox 1198 555 1557 620; x_wconf 83' lang='lat' dir='ltr'><strong>Meinekius</strong></span> <span class='ocrx_word' id='word_1_18' title='bbox 1620 557 1888 642; x_wconf 83' lang='lat' dir='ltr'><strong>conjecit</strong></span> <span class='ocrx_word' id='word_1_19' title='bbox 1945 553 2094 635; x_wconf 73' lang='grc' dir='ltr'><strong><em>οὐχ)</em></strong></span> <span class='ocrx_word' id='word_1_20' title='bbox 2164 554 2608 635; x_wconf 70' lang='grc' dir='ltr'><strong>πεπειρᾶσθαι,</strong></span> 
     </span>
     <span class='ocr_line' id='line_1_4' title="bbox 228 649 2616 744; baseline 0.002 -24"><span class='ocrx_word' id='word_1_21' title='bbox 228 657 681 726; x_wconf 82' lang='lat' dir='ltr'><strong>Herwerdenus</strong></span> <span class='ocrx_word' id='word_1_22' title='bbox 744 663 809 725; x_wconf 83' lang='grc' dir='ltr'><strong><em>οὐ</em></strong></span> <span class='ocrx_word' id='word_1_23' title='bbox 874 659 943 736; x_wconf 68' lang='grc' dir='ltr'><strong>δὴ</strong></span> <span class='ocrx_word' id='word_1_24' title='bbox 1002 649 1405 744; x_wconf 62' lang='grc' dir='ltr'><strong>’πεπειρᾶσθαι</strong></span> <span class='ocrx_word' id='word_1_25' title='bbox 1427 709 1443 739; x_wconf 89' lang='grc'><em>,</em></span> <span class='ocrx_word' id='word_1_26' title='bbox 1494 661 1661 725; x_wconf 91' lang='lat' dir='ltr'><strong>mihi</strong></span> <span class='ocrx_word' id='word_1_27' title='bbox 1706 664 1772 726; x_wconf 91' lang='lat' dir='ltr'><strong>in</strong></span> <span class='ocrx_word' id='word_1_28' title='bbox 1822 675 2106 726; x_wconf 86' lang='lat' dir='ltr'><strong>mentem</strong></span> <span class='ocrx_word' id='word_1_29' title='bbox 2155 670 2448 726; x_wconf 82' lang='lat' dir='ltr'><strong>venerat:</strong></span> <span class='ocrx_word' id='word_1_30' title='bbox 2501 683 2528 723; x_wconf 90' lang='grc' dir='ltr'><strong><em>ο</em></strong></span> <span class='ocrx_word' id='word_1_31' title='bbox 2552 661 2616 724; x_wconf 83' lang='grc' dir='ltr'><strong>ὐ-</strong></span> 
     </span>
     <span class='ocr_line' id='line_1_5' title="bbox 226 763 2612 852; baseline 0.002 -25"><span class='ocrx_word' id='word_1_32' title='bbox 226 763 423 829; x_wconf 71' lang='grc' dir='ltr'><strong>δέπω</strong></span> <span class='ocrx_word' id='word_1_33' title='bbox 490 768 1058 845; x_wconf 75' lang='grc' dir='ltr'><strong><em>πεπειρᾶσθαι.</em></strong></span> <span class='ocrx_word' id='word_1_34' title='bbox 1131 767 1385 832; x_wconf 70' lang='lat' dir='ltr'><strong>Sed‘in</strong></span> <span class='ocrx_word' id='word_1_35' title='bbox 1445 775 1730 834; x_wconf 77' lang='lat' dir='ltr'><strong>extremo</strong></span> <span class='ocrx_word' id='word_1_36' title='bbox 1793 769 1998 852; x_wconf 81' lang='lat' dir='ltr'><strong>capite</strong></span> <span class='ocrx_word' id='word_1_37' title='bbox 2067 770 2354 852; x_wconf 80' lang='lat' dir='ltr'><strong>sequitur</strong></span> <span class='ocrx_word' id='word_1_38' title='bbox 2400 765 2612 843; x_wconf 72' lang='lat' dir='ltr'><strong>locun,</strong></span> 
     </span>
     <span class='ocr_line' id='line_1_6' title="bbox 225 869 2610 958; baseline 0 -22"><span class='ocrx_word' id='word_1_39' title='bbox 225 870 299 936; x_wconf 88' lang='lat' dir='ltr'><strong>de</strong></span> <span class='ocrx_word' id='word_1_40' title='bbox 354 893 478 958; x_wconf 88' lang='lat' dir='ltr'><strong>quo</strong></span> <span class='ocrx_word' id='word_1_41' title='bbox 532 873 825 958; x_wconf 88' lang='lat' dir='ltr'><strong>pluribus</strong></span> <span class='ocrx_word' id='word_1_42' title='bbox 871 874 1221 940; x_wconf 80' lang='lat' dir='ltr'><strong>videndum</strong></span> <span class='ocrx_word' id='word_1_43' title='bbox 1270 875 1415 940; x_wconf 81' lang='lat' dir='ltr'><strong>erit.</strong></span> <span class='ocrx_word' id='word_1_44' title='bbox 1464 873 1734 940; x_wconf 89' lang='lat' dir='ltr'><strong>Decelea</strong></span> <span class='ocrx_word' id='word_1_45' title='bbox 1780 872 2181 939; x_wconf 81' lang='lat' dir='ltr'><strong>communita</strong></span> <span class='ocrx_word' id='word_1_46' title='bbox 2227 876 2480 958; x_wconf 86' lang='lat' dir='ltr'><strong>inquit,</strong></span> <span class='ocrx_word' id='word_1_47' title='bbox 2527 869 2610 946; x_wconf 83' lang='grc' dir='ltr'><strong><em>οἷς</em></strong></span> 
     </span>
     <span class='ocr_line' id='line_1_7' title="bbox 224 978 2611 1061; baseline 0.001 -20"><span class='ocrx_word' id='word_1_48' title='bbox 224 979 257 1052; x_wconf 79' lang='grc' dir='ltr'><strong><em>ἦ</em></strong></span> <span class='ocrx_word' id='word_1_49' title='bbox 303 978 478 1057; x_wconf 77' lang='grc' dir='ltr'><strong><em>χώρα</em></strong></span> <span class='ocrx_word' id='word_1_50' title='bbox 526 980 989 1048; x_wconf 80' lang='grc' dir='ltr'><strong><em>κατεσκεύαςαι</em></strong></span> <span class='ocrx_word' id='word_1_51' title='bbox 1037 981 1122 1044; x_wconf 73' lang='grc' dir='ltr'><strong><em>τοὶ</em></strong></span> <span class='ocrx_word' id='word_1_52' title='bbox 1169 983 1381 1045; x_wconf 76' lang='grc' dir='ltr'><strong><em>πολλοὶ</em></strong></span> <span class='ocrx_word' id='word_1_53' title='bbox 1429 981 1575 1059; x_wconf 78' lang='grc' dir='ltr'><strong>πρὸς</strong></span> <span class='ocrx_word' id='word_1_54' title='bbox 1627 982 1793 1053; x_wconf 69' lang='grc' dir='ltr'><strong><em>ὑμᾶς</em></strong></span> <span class='ocrx_word' id='word_1_55' title='bbox 1842 981 1927 1044; x_wconf 74' lang='grc' dir='ltr'><strong><em>τοὶ</em></strong></span> <span class='ocrx_word' id='word_1_56' title='bbox 1969 980 2082 1058; x_wconf 73' lang='grc' dir='ltr'><strong>μὲν</strong></span> <span class='ocrx_word' id='word_1_57' title='bbox 2122 979 2482 1061; x_wconf 74' lang='grc' dir='ltr'><strong><em>ληφθέντα,</em></strong></span> <span class='ocrx_word' id='word_1_58' title='bbox 2527 981 2611 1044; x_wconf 75' lang='grc' dir='ltr'><strong>τὰ</strong></span> 
     </span>
     <span class='ocr_line' id='line_1_8' title="bbox 222 1083 2616 1167; baseline 0 -20"><span class='ocrx_word' id='word_1_59' title='bbox 222 1083 283 1147; x_wconf 78' lang='grc' dir='ltr'><strong>δὲ</strong></span> <span class='ocrx_word' id='word_1_60' title='bbox 330 1084 668 1162; x_wconf 75' lang='grc' dir='ltr'><strong><em>αὐτόματα</em></strong></span> <span class='ocrx_word' id='word_1_61' title='bbox 716 1084 873 1162; x_wconf 75' lang='grc' dir='ltr'><strong><em>ἥξει·</em></strong></span> <span class='ocrx_word' id='word_1_62' title='bbox 926 1087 1031 1151; x_wconf 74' lang='grc' dir='ltr'><strong>καὶ</strong></span> <span class='ocrx_word' id='word_1_63' title='bbox 1082 1087 1202 1159; x_wconf 76' lang='grc' dir='ltr'><strong><em>τοὶς</em></strong></span> <span class='ocrx_word' id='word_1_64' title='bbox 1250 1091 1356 1151; x_wconf 83' lang='grc' dir='ltr'><strong><em>τοῦ</em></strong></span> <span class='ocrx_word' id='word_1_65' title='bbox 1397 1086 1700 1167; x_wconf 78' lang='grc' dir='ltr'><strong><em>Λαυρείου</em></strong></span> <span class='ocrx_word' id='word_1_66' title='bbox 1742 1091 1858 1150; x_wconf 81' lang='grc' dir='ltr'><strong>τῶν</strong></span> <span class='ocrx_word' id='word_1_67' title='bbox 1902 1086 2231 1167; x_wconf 69' lang='grc' dir='ltr'><strong><em>ἀργυρείων</em></strong></span> <span class='ocrx_word' id='word_1_68' title='bbox 2275 1085 2616 1163; x_wconf 70' lang='grc' dir='ltr'><strong><em>μετάλλων</em></strong></span> 
     </span>
     <span class='ocr_line' id='line_1_9' title="bbox 220 1191 2611 1275; baseline 0.001 -22"><span class='ocrx_word' id='word_1_69' title='bbox 220 1191 532 1270; x_wconf 80' lang='grc' dir='ltr'><strong><em>προσόδους</em></strong></span> <span class='ocrx_word' id='word_1_70' title='bbox 598 1192 702 1257; x_wconf 76' lang='grc' dir='ltr'><strong>καὶ</strong></span> <span class='ocrx_word' id='word_1_71' title='bbox 774 1191 869 1257; x_wconf 72' lang='grc' dir='ltr'><strong>ὅτ’</strong></span> <span class='ocrx_word' id='word_1_72' title='bbox 936 1194 1063 1258; x_wconf 66' lang='grc' dir='ltr'><strong>ἀπὸ</strong></span> <span class='ocrx_word' id='word_1_73' title='bbox 1133 1202 1252 1271; x_wconf 72' lang='grc' dir='ltr'><strong>γῆς</strong></span> <span class='ocrx_word' id='word_1_74' title='bbox 1326 1193 1433 1274; x_wconf 67' lang='grc' dir='ltr'><strong>καὶ</strong></span> <span class='ocrx_word' id='word_1_75' title='bbox 1499 1193 1792 1270; x_wconf 56' lang='lat' dir='ltr'><strong>haeae-n</strong></span> <span class='ocrx_word' id='word_1_76' title='bbox 1809 1193 1882 1273; x_wconf 83' lang='grc' dir='ltr'><strong>ρι’</strong></span> <span class='ocrx_word' id='word_1_77' title='bbox 1900 1217 1992 1256; x_wconf 84' lang='grc' dir='ltr'><strong>ων</strong></span> <span class='ocrx_word' id='word_1_78' title='bbox 2057 1198 2160 1257; x_wconf 82' lang='grc' dir='ltr'><strong>νῦν</strong></span> <span class='ocrx_word' id='word_1_79' title='bbox 2221 1196 2611 1275; x_wconf 78' lang='grc' dir='ltr'><strong><em>ὠφελοῦνται</em></strong></span> 
     </span>
     <span class='ocr_line' id='line_1_10' title="bbox 220 1289 2602 1382; baseline 0.001 -22"><span class='ocrx_word' id='word_1_80' title='bbox 220 1297 385 1370; x_wconf 77' lang='grc' dir='ltr'><em>εὐθὺς</em></span> <span class='ocrx_word' id='word_1_81' title='bbox 426 1298 945 1382; x_wconf 72' lang='grc' dir='ltr'><strong><em>ὦποςερήσονται,</em></strong></span> <span class='ocrx_word' id='word_1_82' title='bbox 986 1300 1277 1377; x_wconf 69' lang='grc' dir='ltr'><strong><em>μάλιστα</em></strong></span> <span class='ocrx_word' id='word_1_83' title='bbox 1318 1300 1383 1366; x_wconf 72' lang='grc' dir='ltr'><strong>δὲ</strong></span> <span class='ocrx_word' id='word_1_84' title='bbox 1417 1289 1693 1379; x_wconf 65' lang='grc' dir='ltr'><strong><em>τῆς’.οὶπ·ῥ</em></strong></span> <span class='ocrx_word' id='word_1_85' title='bbox 1734 1306 1850 1364; x_wconf 82' lang='grc' dir='ltr'><strong>τῶν</strong></span> <span class='ocrx_word' id='word_1_86' title='bbox 1892 1299 2251 1379; x_wconf 66' lang='grc' dir='ltr'><strong>ξυμμάχων</strong></span> <span class='ocrx_word' id='word_1_87' title='bbox 2294 1299 2602 1380; x_wconf 79' lang='grc' dir='ltr'><strong><em>προσόδου,</em></strong></span> 
     </span>
     <span class='ocr_line' id='line_1_11' title="bbox 221 1398 2611 1502; baseline 0.002 -35"><span class='ocrx_word' id='word_1_88' title='bbox 221 1398 271 1467; x_wconf 80' lang='grc' dir='ltr'><strong><em>οἳ</em></strong></span> <span class='ocrx_word' id='word_1_89' title='bbox 331 1403 417 1469; x_wconf 79' lang='grc' dir='ltr'><strong>τα</strong></span> <span class='ocrx_word' id='word_1_90' title='bbox 467 1408 612 1486; x_wconf 75' lang='grc' dir='ltr'><strong>παρ’</strong></span> <span class='ocrx_word' id='word_1_91' title='bbox 664 1406 828 1483; x_wconf 78' lang='grc' dir='ltr'><strong><em>ὑμῶν</em></strong></span> <span class='ocrx_word' id='word_1_92' title='bbox 874 1407 1235 1483; x_wconf 75' lang='grc' dir='ltr'><strong><em>νομίσαντες</em></strong></span> <span class='ocrx_word' id='word_1_93' title='bbox 1284 1406 1392 1484; x_wconf 74' lang='grc' dir='ltr'><strong>ἤδη</strong></span> <span class='ocrx_word' id='word_1_94' title='bbox 1445 1408 1617 1472; x_wconf 79' lang='grc' dir='ltr'><strong><em>κατα</em></strong></span> <span class='ocrx_word' id='word_1_95' title='bbox 1661 1406 1884 1487; x_wconf 74' lang='grc' dir='ltr'><strong><em>κράτος</em></strong></span> <span class='ocrx_word' id='word_1_96' title='bbox 1935 1405 2342 1502; x_wconf 55' lang='grc' dir='ltr'><strong><em>πολεμεῖσθαι</em></strong></span> <span class='ocrx_word' id='word_1_97' title='bbox 2391 1407 2611 1485; x_wconf 59' lang='lat' dir='ltr'><em>&amp;Myco-</em></span> 
     </span>
     <span class='ocr_line' id='line_1_12' title="bbox 222 1509 2614 1599; baseline 0.001 -25"><span class='ocrx_word' id='word_1_98' title='bbox 222 1509 508 1587; x_wconf 71' lang='grc' dir='ltr'><strong><em>ρήσουσιν.</em></strong></span> <span class='ocrx_word' id='word_1_99' title='bbox 600 1511 859 1599; x_wconf 79' lang='lat' dir='ltr'>Triplex</span> <span class='ocrx_word' id='word_1_100' title='bbox 932 1516 1055 1579; x_wconf 88' lang='lat' dir='ltr'><strong>erit</strong></span> <span class='ocrx_word' id='word_1_101' title='bbox 1123 1513 1646 1582; x_wconf 88' lang='lat' dir='ltr'><strong>incommodum:</strong></span> <span class='ocrx_word' id='word_1_102' title='bbox 1721 1534 1797 1579; x_wconf 85' lang='lat' dir='ltr'><strong>ex</strong></span> <span class='ocrx_word' id='word_1_103' title='bbox 1869 1513 2150 1579; x_wconf 80' lang='lat' dir='ltr'>metallis</span> <span class='ocrx_word' id='word_1_104' title='bbox 2221 1513 2614 1579; x_wconf 85' lang='lat' dir='ltr'><strong>Laureoticis</strong></span> 
     </span>
     <span class='ocr_line' id='line_1_13' title="bbox 216 1619 2612 1707; baseline 0.001 -26"><span class='ocrx_word' id='word_1_105' title='bbox 216 1621 486 1700; x_wconf 87' lang='lat' dir='ltr'><strong>pecunia</strong></span> <span class='ocrx_word' id='word_1_106' title='bbox 545 1639 671 1684; x_wconf 88' lang='lat' dir='ltr'><strong>non</strong></span> <span class='ocrx_word' id='word_1_107' title='bbox 733 1619 967 1684; x_wconf 86' lang='lat' dir='ltr'><strong>redibit</strong></span> <span class='ocrx_word' id='word_1_108' title='bbox 1019 1623 1085 1684; x_wconf 91' lang='lat' dir='ltr'><strong>in</strong></span> <span class='ocrx_word' id='word_1_109' title='bbox 1138 1624 1450 1686; x_wconf 86' lang='lat' dir='ltr'><strong>aerarium</strong></span> <span class='ocrx_word' id='word_1_110' title='bbox 1472 1669 1487 1696; x_wconf 92' lang='lat'><strong>‚</strong></span> <span class='ocrx_word' id='word_1_111' title='bbox 1540 1621 1846 1686; x_wconf 87' lang='lat' dir='ltr'><strong>carebunt</strong></span> <span class='ocrx_word' id='word_1_112' title='bbox 1893 1621 2068 1687; x_wconf 82' lang='lat' dir='ltr'><strong>cives</strong></span> <span class='ocrx_word' id='word_1_113' title='bbox 2115 1641 2413 1707; x_wconf 83' lang='lat' dir='ltr'><strong>agrorum</strong></span> <span class='ocrx_word' id='word_1_114' title='bbox 2465 1639 2612 1705; x_wconf 88' lang='lat' dir='ltr'><strong>pro-</strong></span> 
     </span>
     <span class='ocr_line' id='line_1_14' title="bbox 218 1725 2610 1815; baseline 0.001 -28"><span class='ocrx_word' id='word_1_115' title='bbox 218 1729 413 1788; x_wconf 83' lang='lat' dir='ltr'><strong>ventu</strong></span> <span class='ocrx_word' id='word_1_116' title='bbox 476 1729 541 1789; x_wconf 88' lang='lat' dir='ltr'><strong>et</strong></span> <span class='ocrx_word' id='word_1_117' title='bbox 600 1725 754 1790; x_wconf 87' lang='lat' dir='ltr'><strong>socii</strong></span> <span class='ocrx_word' id='word_1_118' title='bbox 822 1725 1131 1812; x_wconf 89' lang='lat' dir='ltr'><strong>populum</strong></span> <span class='ocrx_word' id='word_1_119' title='bbox 1197 1726 1636 1815; x_wconf 87' lang='lat' dir='ltr'><strong>negligentius</strong></span> <span class='ocrx_word' id='word_1_120' title='bbox 1701 1726 1929 1792; x_wconf 86' lang='lat' dir='ltr'><strong>colent.</strong></span> <span class='ocrx_word' id='word_1_121' title='bbox 1990 1725 2174 1790; x_wconf 89' lang='lat' dir='ltr'><strong>Nihil</strong></span> <span class='ocrx_word' id='word_1_122' title='bbox 2221 1732 2430 1810; x_wconf 82' lang='lat' dir='ltr'><strong>potest</strong></span> <span class='ocrx_word' id='word_1_123' title='bbox 2475 1747 2610 1790; x_wconf 88' lang='lat' dir='ltr'><strong>esse</strong></span> 
     </span>
     <span class='ocr_line' id='line_1_15' title="bbox 220 1827 2611 1920; baseline 0.001 -27"><span class='ocrx_word' id='word_1_124' title='bbox 220 1827 471 1895; x_wconf 86' lang='lat' dir='ltr'><strong>facilius</strong></span> <span class='ocrx_word' id='word_1_125' title='bbox 527 1830 896 1917; x_wconf 80' lang='lat' dir='ltr'><strong>intellectu,</strong></span> <span class='ocrx_word' id='word_1_126' title='bbox 944 1833 1053 1898; x_wconf 86' lang='lat' dir='ltr'><strong>sed</strong></span> <span class='ocrx_word' id='word_1_127' title='bbox 1100 1832 1464 1898; x_wconf 84' lang='lat' dir='ltr'><strong>incredibili</strong></span> <span class='ocrx_word' id='word_1_128' title='bbox 1513 1833 1704 1899; x_wconf 90' lang='lat' dir='ltr'><strong>modo</strong></span> <span class='ocrx_word' id='word_1_129' title='bbox 1754 1854 1903 1898; x_wconf 92' lang='lat' dir='ltr'><strong>cum</strong></span> <span class='ocrx_word' id='word_1_130' title='bbox 1951 1851 2270 1920; x_wconf 81' lang='lat' dir='ltr'><strong>agrorum-</strong></span> <span class='ocrx_word' id='word_1_131' title='bbox 2303 1838 2611 1917; x_wconf 83' lang='lat' dir='ltr'><strong>proventu</strong></span> 
     </span>
     <span class='ocr_line' id='line_1_16' title="bbox 219 1937 2613 2022; baseline 0.001 -23"><span class='ocrx_word' id='word_1_132' title='bbox 219 1938 629 2022; x_wconf 85' lang='lat' dir='ltr'><strong>conjungitur</strong></span> <span class='ocrx_word' id='word_1_133' title='bbox 690 1937 1045 2017; x_wconf 76' lang='grc' dir='ltr'><strong><em>δικαςηρίων</em></strong></span> <span class='ocrx_word' id='word_1_134' title='bbox 1106 1942 1371 2006; x_wconf 86' lang='lat' dir='ltr'><strong>mentio.</strong></span> <span class='ocrx_word' id='word_1_135' title='bbox 1432 1939 1638 2005; x_wconf 83' lang='lat' dir='ltr'><strong>Multi</strong></span> <span class='ocrx_word' id='word_1_136' title='bbox 1685 1939 1805 2004; x_wconf 88' lang='lat' dir='ltr'><strong>hoc</strong></span> <span class='ocrx_word' id='word_1_137' title='bbox 1851 1959 1976 2005; x_wconf 89' lang='lat' dir='ltr'><strong>non</strong></span> <span class='ocrx_word' id='word_1_138' title='bbox 2025 1938 2312 2006; x_wconf 84' lang='lat' dir='ltr'><strong>tulerunt</strong></span> <span class='ocrx_word' id='word_1_139' title='bbox 2356 1945 2420 2004; x_wconf 88' lang='lat' dir='ltr'><strong>et</strong></span> <span class='ocrx_word' id='word_1_140' title='bbox 2469 1959 2613 2004; x_wconf 89' lang='lat' dir='ltr'><strong>con-</strong></span> 
     </span>
     <span class='ocr_line' id='line_1_17' title="bbox 212 2043 2616 2130; baseline 0.002 -25"><span class='ocrx_word' id='word_1_141' title='bbox 212 2043 498 2125; x_wconf 87' lang='lat' dir='ltr'><strong>jecerunt</strong></span> <span class='ocrx_word' id='word_1_142' title='bbox 540 2043 646 2109; x_wconf 89' lang='lat' dir='ltr'><strong>vel</strong></span> <span class='ocrx_word' id='word_1_143' title='bbox 698 2043 1179 2124; x_wconf 77' lang='grc' dir='ltr'><strong><em>δεκατευτηρίων</em></strong></span> <span class='ocrx_word' id='word_1_144' title='bbox 1229 2045 1331 2112; x_wconf 86' lang='lat' dir='ltr'><strong>vel</strong></span> <span class='ocrx_word' id='word_1_145' title='bbox 1378 2048 1770 2125; x_wconf 73' lang='grc' dir='ltr'><strong><em>ἑργαςηρίων.</em></strong></span> <span class='ocrx_word' id='word_1_146' title='bbox 1823 2047 2057 2112; x_wconf 83' lang='lat' dir='ltr'><strong>Contra</strong></span> <span class='ocrx_word' id='word_1_147' title='bbox 2103 2046 2390 2130; x_wconf 86' lang='lat' dir='ltr'><strong>disputat</strong></span> <span class='ocrx_word' id='word_1_148' title='bbox 2437 2043 2616 2112; x_wconf 85' lang='lat' dir='ltr'><strong>Clas·</strong></span> 
     </span>
     <span class='ocr_line' id='line_1_18' title="bbox 219 2149 2613 2238; baseline 0.003 -28"><span class='ocrx_word' id='word_1_149' title='bbox 219 2149 431 2214; x_wconf 87' lang='lat' dir='ltr'><strong>senius</strong></span> <span class='ocrx_word' id='word_1_150' title='bbox 492 2155 557 2214; x_wconf 89' lang='lat' dir='ltr'><strong>et</strong></span> <span class='ocrx_word' id='word_1_151' title='bbox 618 2150 975 2220; x_wconf 80' lang='lat' dir='ltr'><strong>luculenter</strong></span> <span class='ocrx_word' id='word_1_152' title='bbox 1022 2155 1263 2218; x_wconf 84' lang='lat' dir='ltr'><strong>evincit</strong></span> <span class='ocrx_word' id='word_1_153' title='bbox 1308 2173 1511 2238; x_wconf 87' lang='lat' dir='ltr'><strong>neque</strong></span> <span class='ocrx_word' id='word_1_154' title='bbox 1557 2155 1678 2218; x_wconf 86' lang='lat' dir='ltr'><strong>hoc</strong></span> <span class='ocrx_word' id='word_1_155' title='bbox 1727 2173 1944 2237; x_wconf 85' lang='lat' dir='ltr'><strong>neque·</strong></span> <span class='ocrx_word' id='word_1_156' title='bbox 1976 2151 2141 2218; x_wconf 89' lang='lat' dir='ltr'><strong>illud</strong></span> <span class='ocrx_word' id='word_1_157' title='bbox 2187 2153 2338 2216; x_wconf 88' lang='lat' dir='ltr'><strong>ferri</strong></span> <span class='ocrx_word' id='word_1_158' title='bbox 2386 2152 2613 2218; x_wconf 86' lang='lat' dir='ltr'><strong>debere</strong></span> 
     </span>
     <span class='ocr_line' id='line_1_19' title="bbox 218 2244 2617 2346; baseline 0.002 -29"><span class='ocrx_word' id='word_1_159' title='bbox 218 2273 329 2318; x_wconf 90' lang='lat' dir='ltr'><strong>nec</strong></span> <span class='ocrx_word' id='word_1_160' title='bbox 394 2255 747 2322; x_wconf 80' lang='lat' dir='ltr'><strong>describam</strong></span> <span class='ocrx_word' id='word_1_161' title='bbox 813 2280 973 2343; x_wconf 86' lang='lat' dir='ltr'><strong>quae</strong></span> <span class='ocrx_word' id='word_1_162' title='bbox 1043 2244 1393 2326; x_wconf 77' lang='lat' dir='ltr'><strong>rectissime</strong></span> <span class='ocrx_word' id='word_1_163' title='bbox 1440 2261 1726 2344; x_wconf 81' lang='lat' dir='ltr'><strong>exposita</strong></span> <span class='ocrx_word' id='word_1_164' title='bbox 1775 2263 1944 2325; x_wconf 78' lang='lat' dir='ltr'><strong>sunt.</strong></span> <span class='ocrx_word' id='word_1_165' title='bbox 2019 2258 2145 2324; x_wconf 87' lang='lat' dir='ltr'><strong>Sed</strong></span> <span class='ocrx_word' id='word_1_166' title='bbox 2191 2259 2347 2346; x_wconf 86' lang='lat' dir='ltr'><strong>quid</strong></span> <span class='ocrx_word' id='word_1_167' title='bbox 2385 2266 2482 2324; x_wconf 86' lang='lat' dir='ltr'><strong>est</strong></span> <span class='ocrx_word' id='word_1_168' title='bbox 2531 2259 2617 2323; x_wconf 71' lang='lat'><strong>31-</strong></span> 
     </span>
     <span class='ocr_line' id='line_1_20' title="bbox 218 2351 2614 2451; baseline 0.002 -27"><span class='ocrx_word' id='word_1_169' title='bbox 218 2359 561 2443; x_wconf 67' lang='grc' dir='ltr'><strong><em>καςηρίωνῗ</em></strong></span> <span class='ocrx_word' id='word_1_170' title='bbox 616 2363 741 2444; x_wconf 83' lang='lat' dir='ltr'><strong>Qui</strong></span> <span class='ocrx_word' id='word_1_171' title='bbox 799 2365 921 2431; x_wconf 89' lang='lat' dir='ltr'><strong>hoc</strong></span> <span class='ocrx_word' id='word_1_172' title='bbox 968 2351 1265 2442; x_wconf 81' lang='lat' dir='ltr'><strong>tuentur,</strong></span> <span class='ocrx_word' id='word_1_173' title='bbox 1317 2373 1664 2451; x_wconf 83' lang='lat' dir='ltr'><strong>provocant</strong></span> <span class='ocrx_word' id='word_1_174' title='bbox 1711 2367 1838 2432; x_wconf 84' lang='lat' dir='ltr'><strong>fere</strong></span> <span class='ocrx_word' id='word_1_175' title='bbox 1886 2366 1965 2432; x_wconf 86' lang='lat' dir='ltr'><strong>ad</strong></span> <span class='ocrx_word' id='word_1_176' title='bbox 2017 2365 2409 2431; x_wconf 87' lang='lat' dir='ltr'><strong>Boeckhium</strong></span> <span class='ocrx_word' id='word_1_177' title='bbox 2434 2413 2450 2442; x_wconf 90' lang='lat'><strong>,</strong></span> <span class='ocrx_word' id='word_1_178' title='bbox 2503 2366 2614 2450; x_wconf 88' lang='lat' dir='ltr'><strong>qui</strong></span> 
     </span>
     <span class='ocr_line' id='line_1_21' title="bbox 218 2465 2617 2555; baseline 0.002 -23"><span class='ocrx_word' id='word_1_179' title='bbox 218 2465 445 2536; x_wconf 86' lang='lat' dir='ltr'><strong>Oecon.</strong></span> <span class='ocrx_word' id='word_1_180' title='bbox 508 2465 651 2537; x_wconf 80' lang='lat' dir='ltr'><strong>civ.</strong></span> <span class='ocrx_word' id='word_1_181' title='bbox 714 2470 769 2536; x_wconf 92' lang='grc' dir='ltr'><strong>Ι.</strong></span> <span class='ocrx_word' id='word_1_182' title='bbox 834 2471 959 2537; x_wconf 86' lang='grc'><strong>461</strong></span> <span class='ocrx_word' id='word_1_183' title='bbox 1031 2481 1363 2539; x_wconf 77' lang='lat' dir='ltr'><strong>enumerat</strong></span> <span class='ocrx_word' id='word_1_184' title='bbox 1410 2474 1509 2537; x_wconf 82' lang='lat' dir='ltr'><strong>die</strong></span> <span class='ocrx_word' id='word_1_185' title='bbox 1560 2473 1828 2541; x_wconf 64' lang='lat' dir='ltr'><strong>Ger-icht-</strong></span> <span class='ocrx_word' id='word_1_186' title='bbox 1877 2474 2008 2537; x_wconf 78' lang='lat' dir='ltr'><strong>und</strong></span> <span class='ocrx_word' id='word_1_187' title='bbox 2049 2473 2448 2555; x_wconf 68' lang='lat' dir='ltr'><strong>Strafyelder.</strong></span> <span class='ocrx_word' id='word_1_188' title='bbox 2498 2473 2617 2537; x_wconf 76' lang='lat' dir='ltr'><strong>Rei</strong></span> 
     </span>
     <span class='ocr_line' id='line_1_22' title="bbox 218 2576 2617 2667; baseline 0.003 -28"><span class='ocrx_word' id='word_1_189' title='bbox 218 2576 400 2640; x_wconf 74' lang='lat' dir='ltr'><strong>ciuem</strong></span> <span class='ocrx_word' id='word_1_190' title='bbox 456 2578 907 2643; x_wconf 74' lang='lat' dir='ltr'><strong>einheimisclaen</strong></span> <span class='ocrx_word' id='word_1_191' title='bbox 954 2580 1175 2661; x_wconf 71' lang='lat' dir='ltr'><strong>Krieye</strong></span> <span class='ocrx_word' id='word_1_192' title='bbox 1222 2581 1357 2643; x_wconf 73' lang='lat' dir='ltr'><strong>tritt</strong></span> <span class='ocrx_word' id='word_1_193' title='bbox 1403 2581 1500 2643; x_wconf 77' lang='lat' dir='ltr'><strong>ein</strong></span> <span class='ocrx_word' id='word_1_194' title='bbox 1552 2581 2112 2645; x_wconf 71' lang='lat' dir='ltr'><strong>Gerichtstillstand</strong></span> <span class='ocrx_word' id='word_1_195' title='bbox 2155 2581 2290 2645; x_wconf 82' lang='lat' dir='ltr'><strong>ein.-</strong></span> <span class='ocrx_word' id='word_1_196' title='bbox 2333 2578 2470 2646; x_wconf 82' lang='lat' dir='ltr'><strong>fieri</strong></span> <span class='ocrx_word' id='word_1_197' title='bbox 2510 2601 2617 2667; x_wconf 88' lang='lat' dir='ltr'><strong>po-</strong></span> 
     </span>
     <span class='ocr_line' id='line_1_23' title="bbox 217 2684 2615 2773; baseline 0.002 -27"><span class='ocrx_word' id='word_1_198' title='bbox 217 2690 377 2760; x_wconf 88' lang='lat' dir='ltr'><strong>test,</strong></span> <span class='ocrx_word' id='word_1_199' title='bbox 426 2705 541 2749; x_wconf 88' lang='lat' dir='ltr'><strong>nec</strong></span> <span class='ocrx_word' id='word_1_200' title='bbox 595 2690 811 2750; x_wconf 84' lang='lat' dir='ltr'><strong>tamen</strong></span> <span class='ocrx_word' id='word_1_201' title='bbox 858 2686 1139 2773; x_wconf 80' lang='lat' dir='ltr'><strong>legimus</strong></span> <span class='ocrx_word' id='word_1_202' title='bbox 1184 2688 1409 2771; x_wconf 84' lang='lat' dir='ltr'><strong>primis</strong></span> <span class='ocrx_word' id='word_1_203' title='bbox 1457 2686 1638 2753; x_wconf 87' lang='lat' dir='ltr'><strong>annis</strong></span> <span class='ocrx_word' id='word_1_204' title='bbox 1691 2684 1881 2769; x_wconf 86' lang='lat' dir='ltr'><strong>belli,</strong></span> <span class='ocrx_word' id='word_1_205' title='bbox 1932 2707 2056 2771; x_wconf 91' lang='lat' dir='ltr'><strong>quo</strong></span> <span class='ocrx_word' id='word_1_206' title='bbox 2107 2693 2394 2771; x_wconf 83' lang='lat' dir='ltr'><strong>tempore</strong></span> <span class='ocrx_word' id='word_1_207' title='bbox 2443 2688 2615 2752; x_wconf 86' lang='lat' dir='ltr'><strong>cives</strong></span> 
     </span>
     <span class='ocr_line' id='line_1_24' title="bbox 212 2788 2616 2878; baseline 0.002 -26"><span class='ocrx_word' id='word_1_208' title='bbox 212 2788 279 2852; x_wconf 92' lang='lat' dir='ltr'><strong>in</strong></span> <span class='ocrx_word' id='word_1_209' title='bbox 340 2791 565 2856; x_wconf 89' lang='lat' dir='ltr'><strong>urbem</strong></span> <span class='ocrx_word' id='word_1_210' title='bbox 628 2799 837 2857; x_wconf 82' lang='lat' dir='ltr'><strong>essent</strong></span> <span class='ocrx_word' id='word_1_211' title='bbox 881 2792 1223 2878; x_wconf 87' lang='lat' dir='ltr'><strong>compulsi,</strong></span> <span class='ocrx_word' id='word_1_212' title='bbox 1282 2793 1436 2858; x_wconf 90' lang='lat' dir='ltr'><strong>dum</strong></span> <span class='ocrx_word' id='word_1_213' title='bbox 1488 2794 1926 2859; x_wconf 84' lang='lat' dir='ltr'><strong>Archidamus</strong></span> <span class='ocrx_word' id='word_1_214' title='bbox 1977 2791 2130 2859; x_wconf 86' lang='lat' dir='ltr'><strong>fines</strong></span> <span class='ocrx_word' id='word_1_215' title='bbox 2177 2797 2486 2877; x_wconf 81' lang='lat' dir='ltr'><strong>vastaret,</strong></span> <span class='ocrx_word' id='word_1_216' title='bbox 2537 2814 2616 2857; x_wconf 84' lang='lat' dir='ltr'><strong>ex</strong></span> 
     </span>
     <span class='ocr_line' id='line_1_25' title="bbox 212 2893 2616 2986; baseline 0.002 -28"><span class='ocrx_word' id='word_1_217' title='bbox 212 2893 323 2961; x_wconf 92' lang='lat' dir='ltr'><strong>illo</strong></span> <span class='ocrx_word' id='word_1_218' title='bbox 362 2898 621 2981; x_wconf 86' lang='lat' dir='ltr'><strong>justitio</strong></span> <span class='ocrx_word' id='word_1_219' title='bbox 666 2899 916 2986; x_wconf 86' lang='lat' dir='ltr'><strong>insigne</strong></span> <span class='ocrx_word' id='word_1_220' title='bbox 956 2899 1210 2986; x_wconf 77' lang='lat' dir='ltr'><strong>aliquod</strong></span> <span class='ocrx_word' id='word_1_221' title='bbox 1254 2900 1722 2965; x_wconf 83' lang='lat' dir='ltr'><strong>detrimentum</strong></span> <span class='ocrx_word' id='word_1_222' title='bbox 1769 2899 1966 2964; x_wconf 86' lang='lat' dir='ltr'><strong>fuisse</strong></span> <span class='ocrx_word' id='word_1_223' title='bbox 1991 2904 2344 2985; x_wconf 86' lang='lat' dir='ltr'><strong>acceptum.</strong></span> <span class='ocrx_word' id='word_1_224' title='bbox 2372 2898 2616 2963; x_wconf 89' lang='lat' dir='ltr'><strong>Deinde</strong></span> 
     </span>
     <span class='ocr_line' id='line_1_26' title="bbox 216 3004 2615 3092; baseline 0.001 -25"><span class='ocrx_word' id='word_1_225' title='bbox 216 3022 413 3085; x_wconf 87' lang='lat' dir='ltr'><strong>poena</strong></span> <span class='ocrx_word' id='word_1_226' title='bbox 478 3008 714 3069; x_wconf 88' lang='lat' dir='ltr'><strong>temere</strong></span> <span class='ocrx_word' id='word_1_227' title='bbox 772 3004 1175 3092; x_wconf 78' lang='lat' dir='ltr'><strong>litigantium</strong></span> <span class='ocrx_word' id='word_1_228' title='bbox 1238 3026 1379 3071; x_wconf 89' lang='lat' dir='ltr'><strong>raro</strong></span> <span class='ocrx_word' id='word_1_229' title='bbox 1455 3006 1710 3091; x_wconf 81' lang='lat' dir='ltr'><strong>prodest</strong></span> <span class='ocrx_word' id='word_1_230' title='bbox 1754 3004 2170 3071; x_wconf 86' lang='lat' dir='ltr'><strong>facultatibus</strong></span> <span class='ocrx_word' id='word_1_231' title='bbox 2215 3007 2615 3089; x_wconf 83' lang='lat' dir='ltr'><strong>privatorum</strong></span> 
     </span>
     <span class='ocr_line' id='line_1_27' title="bbox 216 3108 2618 3196; baseline 0.002 -25"><span class='ocrx_word' id='word_1_232' title='bbox 216 3108 454 3173; x_wconf 83' lang='lat' dir='ltr'><strong>civium</strong></span> <span class='ocrx_word' id='word_1_233' title='bbox 522 3114 587 3175; x_wconf 87' lang='lat' dir='ltr'><strong>et</strong></span> <span class='ocrx_word' id='word_1_234' title='bbox 650 3112 971 3194; x_wconf 81' lang='lat' dir='ltr'><strong>justitium</strong></span> <span class='ocrx_word' id='word_1_235' title='bbox 1045 3115 1282 3178; x_wconf 88' lang='lat' dir='ltr'><strong>aerario</strong></span> <span class='ocrx_word' id='word_1_236' title='bbox 1350 3113 1548 3177; x_wconf 78' lang='lat' dir='ltr'><strong>etiam</strong></span> <span class='ocrx_word' id='word_1_237' title='bbox 1615 3112 1778 3177; x_wconf 86' lang='lat' dir='ltr'><strong>utile</strong></span> <span class='ocrx_word' id='word_1_238' title='bbox 1837 3113 1994 3189; x_wconf 86' lang='lat' dir='ltr'><strong>erit,</strong></span> <span class='ocrx_word' id='word_1_239' title='bbox 2046 3131 2243 3196; x_wconf 90' lang='lat' dir='ltr'><strong>quum</strong></span> <span class='ocrx_word' id='word_1_240' title='bbox 2289 3112 2618 3196; x_wconf 88' lang='lat' dir='ltr'><strong>judicibus</strong></span> 
     </span>
     <span class='ocr_line' id='line_1_28' title="bbox 215 3212 2618 3302; baseline 0.003 -26"><span class='ocrx_word' id='word_1_241' title='bbox 215 3212 395 3279; x_wconf 90' lang='lat' dir='ltr'><strong>nulla</strong></span> <span class='ocrx_word' id='word_1_242' title='bbox 442 3236 682 3279; x_wconf 87' lang='lat' dir='ltr'><strong>merces</strong></span> <span class='ocrx_word' id='word_1_243' title='bbox 732 3218 1143 3302; x_wconf 85' lang='lat' dir='ltr'><strong>persolvenda</strong></span> <span class='ocrx_word' id='word_1_244' title='bbox 1190 3222 1294 3283; x_wconf 88' lang='lat' dir='ltr'><strong>sit.</strong></span> <span class='ocrx_word' id='word_1_245' title='bbox 1364 3218 1542 3283; x_wconf 73' lang='lat' dir='ltr'><strong>Wa&#39;re</strong></span> <span class='ocrx_word' id='word_1_246' title='bbox 1581 3220 1714 3283; x_wconf 69' lang='lat' dir='ltr'><strong>hier</strong></span> <span class='ocrx_word' id='word_1_247' title='bbox 1753 3241 1866 3282; x_wconf 78' lang='lat' dir='ltr'><strong>von</strong></span> <span class='ocrx_word' id='word_1_248' title='bbox 1906 3220 2070 3283; x_wconf 76' lang='lat' dir='ltr'><strong>einer</strong></span> <span class='ocrx_word' id='word_1_249' title='bbox 2108 3218 2480 3301; x_wconf 74' lang='lat' dir='ltr'><strong>Kleiniqkeit</strong></span> <span class='ocrx_word' id='word_1_250' title='bbox 2518 3219 2618 3283; x_wconf 80' lang='lat' dir='ltr'><strong>die</strong></span> 
     </span>
     <span class='ocr_line' id='line_1_29' title="bbox 216 3319 2618 3399; baseline 0.003 -16"><span class='ocrx_word' id='word_1_251' title='bbox 216 3319 413 3399; x_wconf 60' lang='lat' dir='ltr'><strong>Reda»,</strong></span> <span class='ocrx_word' id='word_1_252' title='bbox 485 3344 549 3385; x_wconf 73' lang='lat' dir='ltr'><strong>so</strong></span> <span class='ocrx_word' id='word_1_253' title='bbox 610 3324 776 3388; x_wconf 60' lang='lat' dir='ltr'><strong>hatte</strong></span> <span class='ocrx_word' id='word_1_254' title='bbox 838 3325 1197 3389; x_wconf 70' lang='lat' dir='ltr'><strong>Alkibiades</strong></span> <span class='ocrx_word' id='word_1_255' title='bbox 1257 3327 1460 3390; x_wconf 70' lang='lat' dir='ltr'><strong>seinen</strong></span> <span class='ocrx_word' id='word_1_256' title='bbox 1526 3327 1686 3390; x_wconf 79' lang='lat' dir='ltr'><strong>Plan</strong></span> <span class='ocrx_word' id='word_1_257' title='bbox 1749 3326 2005 3391; x_wconf 73' lang='lat' dir='ltr'><strong>schlecht</strong></span> <span class='ocrx_word' id='word_1_258' title='bbox 2067 3332 2456 3389; x_wconf 62' lang='lat' dir='ltr'><strong>anter-stillet.-</strong></span> <span class='ocrx_word' id='word_1_259' title='bbox 2519 3332 2618 3391; x_wconf 82' lang='lat' dir='ltr'><strong>est</strong></span> 
     </span>
     <span class='ocr_line' id='line_1_30' title="bbox 214 3425 2613 3517; baseline 0.003 -28"><span class='ocrx_word' id='word_1_260' title='bbox 214 3425 367 3491; x_wconf 87' lang='lat' dir='ltr'><strong>haec</strong></span> <span class='ocrx_word' id='word_1_261' title='bbox 434 3446 627 3513; x_wconf 82' lang='lat' dir='ltr'><strong>quam</strong></span> <span class='ocrx_word' id='word_1_262' title='bbox 676 3430 1075 3515; x_wconf 84' lang='lat' dir='ltr'><strong>appellamus</strong></span> <span class='ocrx_word' id='word_1_263' title='bbox 1126 3435 1351 3516; x_wconf 87' lang='lat' dir='ltr'><strong>petitio</strong></span> <span class='ocrx_word' id='word_1_264' title='bbox 1400 3434 1736 3517; x_wconf 84' lang='lat' dir='ltr'><strong>principii,</strong></span> <span class='ocrx_word' id='word_1_265' title='bbox 1789 3452 1938 3497; x_wconf 89' lang='lat' dir='ltr'><strong>nam</strong></span> <span class='ocrx_word' id='word_1_266' title='bbox 1987 3432 2106 3496; x_wconf 89' lang='lat' dir='ltr'><strong>hoc</strong></span> <span class='ocrx_word' id='word_1_267' title='bbox 2154 3434 2370 3516; x_wconf 88' lang='lat' dir='ltr'><strong>ipsum</strong></span> <span class='ocrx_word' id='word_1_268' title='bbox 2419 3453 2613 3516; x_wconf 84' lang='lat' dir='ltr'><strong>quae-</strong></span> 
     </span>
     <span class='ocr_line' id='line_1_31' title="bbox 212 3532 2615 3623; baseline 0.004 -30"><span class='ocrx_word' id='word_1_269' title='bbox 212 3532 411 3610; x_wconf 85' lang='lat' dir='ltr'><strong>ritur,</strong></span> <span class='ocrx_word' id='word_1_270' title='bbox 460 3535 691 3618; x_wconf 85' lang='lat' dir='ltr'><strong>quibus</strong></span> <span class='ocrx_word' id='word_1_271' title='bbox 745 3540 1145 3623; x_wconf 81' lang='lat' dir='ltr'><strong>argumentis</strong></span> <span class='ocrx_word' id='word_1_272' title='bbox 1194 3537 1559 3603; x_wconf 87' lang='lat' dir='ltr'><strong>Alcibiades</strong></span> <span class='ocrx_word' id='word_1_273' title='bbox 1617 3536 1920 3604; x_wconf 73' lang='lat' dir='ltr'><strong>Deceleae</strong></span> <span class='ocrx_word' id='word_1_274' title='bbox 1969 3539 2394 3603; x_wconf 82' lang='lat' dir='ltr'><strong>munitionem</strong></span> <span class='ocrx_word' id='word_1_275' title='bbox 2445 3558 2615 3603; x_wconf 86' lang='lat' dir='ltr'><strong>com-</strong></span> 
     </span>
     <span class='ocr_line' id='line_1_32' title="bbox 214 3639 2614 3724; baseline 0.003 -23"><span class='ocrx_word' id='word_1_276' title='bbox 214 3639 625 3705; x_wconf 83' lang='lat' dir='ltr'><strong>mendaverit.</strong></span> <span class='ocrx_word' id='word_1_277' title='bbox 698 3642 818 3706; x_wconf 82' lang='lat' dir='ltr'><strong>Die</strong></span> <span class='ocrx_word' id='word_1_278' title='bbox 861 3644 1369 3724; x_wconf 67' lang='lat' dir='ltr'><strong>Eintrdqliehkeit</strong></span> <span class='ocrx_word' id='word_1_279' title='bbox 1417 3645 1613 3707; x_wconf 74' lang='lat' dir='ltr'><strong>dieser</strong></span> <span class='ocrx_word' id='word_1_280' title='bbox 1665 3646 1884 3708; x_wconf 82' lang='lat' dir='ltr'><strong>Gelder</strong></span> <span class='ocrx_word' id='word_1_281' title='bbox 1931 3649 2126 3708; x_wconf 82' lang='lat' dir='ltr'><strong>wurde</strong></span> <span class='ocrx_word' id='word_1_282' title='bbox 2174 3644 2380 3707; x_wconf 71' lang='lat' dir='ltr'><strong>erlab&#39;hc</strong></span> <span class='ocrx_word' id='word_1_283' title='bbox 2426 3646 2614 3707; x_wconf 75' lang='lat' dir='ltr'><strong>durch</strong></span> 
     </span>
     <span class='ocr_line' id='line_1_33' title="bbox 210 3744 2615 3832; baseline 0.004 -26"><span class='ocrx_word' id='word_1_284' title='bbox 210 3744 309 3808; x_wconf 78' lang='lat' dir='ltr'><strong>die</strong></span> <span class='ocrx_word' id='word_1_285' title='bbox 382 3745 823 3830; x_wconf 73' lang='lat' dir='ltr'><strong>Verpflichtunq</strong></span> <span class='ocrx_word' id='word_1_286' title='bbox 887 3750 996 3813; x_wconf 80' lang='lat' dir='ltr'><strong>der</strong></span> <span class='ocrx_word' id='word_1_287' title='bbox 1059 3751 1588 3832; x_wconf 69' lang='lat' dir='ltr'><strong>Bundeeyenoeecn</strong></span> <span class='ocrx_word' id='word_1_288' title='bbox 1637 3753 1703 3813; x_wconf 77' lang='lat' dir='ltr'><strong>in</strong></span> <span class='ocrx_word' id='word_1_289' title='bbox 1752 3752 1946 3814; x_wconf 74' lang='lat' dir='ltr'><strong>Athen</strong></span> <span class='ocrx_word' id='word_1_290' title='bbox 2001 3750 2186 3815; x_wconf 66' lang='lat' dir='ltr'><strong>Hecu</strong></span> <span class='ocrx_word' id='word_1_291' title='bbox 2231 3774 2307 3813; x_wconf 83' lang='lat' dir='ltr'><strong>zu</strong></span> <span class='ocrx_word' id='word_1_292' title='bbox 2353 3754 2571 3815; x_wconf 65' lang='lat' dir='ltr'><strong>cuchen</strong></span> <span class='ocrx_word' id='word_1_293' title='bbox 2587 3780 2615 3828; x_wconf 90' lang='lat'><em>;</em></span> 
     </span>
     <span class='ocr_line' id='line_1_34' title="bbox 214 3853 2620 3939; baseline 0.003 -27"><span class='ocrx_word' id='word_1_294' title='bbox 214 3853 340 3913; x_wconf 79' lang='lat' dir='ltr'><strong>und</strong></span> <span class='ocrx_word' id='word_1_295' title='bbox 400 3854 561 3916; x_wconf 64' lang='lat' dir='ltr'><strong>diere</strong></span> <span class='ocrx_word' id='word_1_296' title='bbox 622 3854 954 3919; x_wconf 73' lang='lat' dir='ltr'><strong>Einnahme</strong></span> <span class='ocrx_word' id='word_1_297' title='bbox 1008 3880 1134 3919; x_wconf 80' lang='lat' dir='ltr'><strong>war</strong></span> <span class='ocrx_word' id='word_1_298' title='bbox 1193 3879 1386 3938; x_wconf 73' lang='lat' dir='ltr'><strong>weqen</strong></span> <span class='ocrx_word' id='word_1_299' title='bbox 1449 3858 1557 3921; x_wconf 84' lang='lat' dir='ltr'><strong>der</strong></span> <span class='ocrx_word' id='word_1_300' title='bbox 1611 3856 1668 3920; x_wconf 89' lang='lat' dir='ltr'><em>V</em></span> <span class='ocrx_word' id='word_1_301' title='bbox 1661 3858 2010 3939; x_wconf 75' lang='lat' dir='ltr'><strong>erwendunq</strong></span> <span class='ocrx_word' id='word_1_302' title='bbox 2056 3880 2184 3919; x_wconf 79' lang='lat' dir='ltr'><strong>zum</strong></span> <span class='ocrx_word' id='word_1_303' title='bbox 2235 3857 2620 3921; x_wconf 67' lang='lat' dir='ltr'><strong>Richter-sold</strong></span> 
     </span>
     <span class='ocr_line' id='line_1_35' title="bbox 216 3958 2618 4029; baseline 0 -6"><span class='ocrx_word' id='word_1_304' title='bbox 216 3958 323 4023; x_wconf 70' lang='lat' dir='ltr'><strong>fiir</strong></span> <span class='ocrx_word' id='word_1_305' title='bbox 386 3960 485 4023; x_wconf 78' lang='lat' dir='ltr'><strong>die</strong></span> <span class='ocrx_word' id='word_1_306' title='bbox 540 3961 871 4025; x_wconf 80' lang='lat' dir='ltr'><strong>Einzelnen</strong></span> <span class='ocrx_word' id='word_1_307' title='bbox 932 3964 1027 4026; x_wconf 73' lang='lat' dir='ltr'><strong>als</strong></span> <span class='ocrx_word' id='word_1_308' title='bbox 1089 3964 1381 4029; x_wconf 67' lang='lat' dir='ltr'><strong>Zucchuoc</strong></span> <span class='ocrx_word' id='word_1_309' title='bbox 1454 3986 1531 4026; x_wconf 74' lang='lat' dir='ltr'><strong>zu</strong></span> <span class='ocrx_word' id='word_1_310' title='bbox 1611 3963 1797 4027; x_wconf 73' lang='lat' dir='ltr'><strong>ihrem</strong></span> <span class='ocrx_word' id='word_1_311' title='bbox 1873 3963 2404 4027; x_wconf 67' lang='lat' dir='ltr'><strong>Lebencunterhalt</strong></span> <span class='ocrx_word' id='word_1_312' title='bbox 2482 3965 2618 4027; x_wconf 71' lang='lat' dir='ltr'><strong>sehr</strong></span> 
     </span>
     <span class='ocr_line' id='line_1_36' title="bbox 210 4064 2609 4157; baseline 0.003 -32"><span class='ocrx_word' id='word_1_313' title='bbox 210 4064 460 4146; x_wconf 72' lang='lat' dir='ltr'><strong>wiektiq.</strong></span> <span class='ocrx_word' id='word_1_314' title='bbox 526 4066 650 4132; x_wconf 78' lang='lat' dir='ltr'><strong>Sed</strong></span> <span class='ocrx_word' id='word_1_315' title='bbox 714 4067 791 4133; x_wconf 90' lang='lat' dir='ltr'><strong>de</strong></span> <span class='ocrx_word' id='word_1_316' title='bbox 840 4071 1026 4134; x_wconf 88' lang='lat' dir='ltr'><strong>sociis</strong></span> <span class='ocrx_word' id='word_1_317' title='bbox 1072 4069 1175 4134; x_wconf 89' lang='lat' dir='ltr'><strong>hic</strong></span> <span class='ocrx_word' id='word_1_318' title='bbox 1226 4090 1351 4135; x_wconf 92' lang='lat' dir='ltr'><strong>non</strong></span> <span class='ocrx_word' id='word_1_319' title='bbox 1404 4069 1822 4157; x_wconf 86' lang='lat' dir='ltr'><strong>cogitandum</strong></span> <span class='ocrx_word' id='word_1_320' title='bbox 1871 4076 1998 4143; x_wconf 85' lang='lat' dir='ltr'><strong>est.</strong></span> <span class='ocrx_word' id='word_1_321' title='bbox 2047 4090 2197 4135; x_wconf 87' lang='lat' dir='ltr'><strong>nam</strong></span> <span class='ocrx_word' id='word_1_322' title='bbox 2247 4070 2488 4134; x_wconf 86' lang='lat' dir='ltr'><strong>dicitur</strong></span> <span class='ocrx_word' id='word_1_323' title='bbox 2533 4068 2609 4133; x_wconf 89' lang='lat' dir='ltr'><strong>de</strong></span> 
     </span>
     <span class='ocr_line' id='line_1_37' title="bbox 208 4172 2600 4262; baseline 0.003 -31"><span class='ocrx_word' id='word_1_324' title='bbox 208 4172 319 4251; x_wconf 86' lang='lat' dir='ltr'><strong>iis,</strong></span> <span class='ocrx_word' id='word_1_325' title='bbox 381 4173 479 4238; x_wconf 87' lang='lat' dir='ltr'><strong>uti</strong></span> <span class='ocrx_word' id='word_1_326' title='bbox 541 4173 859 4251; x_wconf 83' lang='lat' dir='ltr'><strong>vidimus,</strong></span> <span class='ocrx_word' id='word_1_327' title='bbox 932 4178 1119 4241; x_wconf 85' lang='lat' dir='ltr'><strong>tertio</strong></span> <span class='ocrx_word' id='word_1_328' title='bbox 1182 4173 1321 4241; x_wconf 92' lang='lat' dir='ltr'><strong>loco</strong></span> <span class='ocrx_word' id='word_1_329' title='bbox 1368 4182 1432 4241; x_wconf 83' lang='lat' dir='ltr'><strong>et</strong></span> <span class='ocrx_word' id='word_1_330' title='bbox 1484 4182 1841 4261; x_wconf 84' lang='lat' dir='ltr'><strong>praeterea,</strong></span> <span class='ocrx_word' id='word_1_331' title='bbox 1894 4176 2202 4262; x_wconf 86' lang='lat' dir='ltr'><strong>quamdiu</strong></span> <span class='ocrx_word' id='word_1_332' title='bbox 2253 4176 2600 4239; x_wconf 86' lang='lat' dir='ltr'><strong>Athenien-</strong></span> 
     </span>
     <span class='ocr_line' id='line_1_38' title="bbox 212 4281 2606 4366; baseline 0.002 -27"><span class='ocrx_word' id='word_1_333' title='bbox 212 4295 305 4340; x_wconf 83' lang='lat' dir='ltr'><strong>ses</strong></span> <span class='ocrx_word' id='word_1_334' title='bbox 354 4281 517 4343; x_wconf 84' lang='lat' dir='ltr'><strong>mari</strong></span> <span class='ocrx_word' id='word_1_335' title='bbox 562 4281 911 4364; x_wconf 88' lang='lat' dir='ltr'><strong>imperium</strong></span> <span class='ocrx_word' id='word_1_336' title='bbox 959 4283 1295 4363; x_wconf 86' lang='lat' dir='ltr'><strong>tenebant,</strong></span> <span class='ocrx_word' id='word_1_337' title='bbox 1346 4284 1604 4348; x_wconf 83' lang='lat' dir='ltr'><strong>etiamsi</strong></span> <span class='ocrx_word' id='word_1_338' title='bbox 1652 4282 1918 4349; x_wconf 87' lang='lat' dir='ltr'><strong>Decelea</strong></span> <span class='ocrx_word' id='word_1_339' title='bbox 1970 4284 2367 4348; x_wconf 87' lang='lat' dir='ltr'><strong>communita</strong></span> <span class='ocrx_word' id='word_1_340' title='bbox 2406 4282 2606 4366; x_wconf 88' lang='lat' dir='ltr'><strong>foret,</strong></span> 
     </span>
     <span class='ocr_line' id='line_1_39' title="bbox 204 4382 2614 4477; baseline 0.003 -32"><span class='ocrx_word' id='word_1_341' title='bbox 204 4382 404 4449; x_wconf 89' lang='lat' dir='ltr'><strong>nihilo</strong></span> <span class='ocrx_word' id='word_1_342' title='bbox 468 4390 687 4451; x_wconf 81' lang='lat' dir='ltr'><strong>tamen</strong></span> <span class='ocrx_word' id='word_1_343' title='bbox 759 4388 966 4451; x_wconf 89' lang='lat' dir='ltr'><strong>secius</strong></span> <span class='ocrx_word' id='word_1_344' title='bbox 1039 4390 1229 4453; x_wconf 87' lang='lat' dir='ltr'><strong>sicuti</strong></span> <span class='ocrx_word' id='word_1_345' title='bbox 1298 4394 1483 4455; x_wconf 86' lang='lat' dir='ltr'><strong>antea</strong></span> <span class='ocrx_word' id='word_1_346' title='bbox 1560 4410 1732 4455; x_wconf 89' lang='lat' dir='ltr'><strong>nunc</strong></span> <span class='ocrx_word' id='word_1_347' title='bbox 1788 4409 2037 4477; x_wconf 84' lang='lat' dir='ltr'><strong>quoque</strong></span> <span class='ocrx_word' id='word_1_348' title='bbox 2098 4387 2381 4453; x_wconf 84' lang='lat' dir='ltr'><strong>Athenas</strong></span> <span class='ocrx_word' id='word_1_349' title='bbox 2439 4407 2614 4453; x_wconf 92' lang='lat' dir='ltr'><strong>com-</strong></span> 
     </span>
    </p>
   </div>
  </div>
 </body>
</html>
