3150 5000
548 237 679 306 300
1564 255 1894 302 amative

540 425 874 511 paginarat
940 427 1086 488 ante
1152 423 1489 488 necessitas
1554 422 1638 485 in
1655 420 1916 486 uaden
1937 441 1966 484 s
2036 426 2233 486 terras
2300 418 2604 495 hostiles,
2674 422 2748 482 ut
2807 462 2824 477 .
2853 461 2874 480 .
2891 461 2912 477 .

543 529 964 596 Merobaudes
1008 531 1297 614 protinus
1344 526 1719 594 acciretur.'’

631 635 1004 724 Legendum
1050 635 1308 700 uidetur
1354 636 1736 714 „necessitas
1784 635 1868 698 in
1886 655 1932 698 u
1950 653 1987 698 a
2004 632 2047 698 d
2063 653 2098 698 e
2113 654 2156 697 n
2175 633 2216 698 d
2231 632 2321 699 i.”

634 839 738 904 10.
790 837 852 903 3.
917 838 1181 924 Hocque
1244 836 1355 904 ille
1375 884 1391 915 ‚
1456 845 1529 902 ut
1576 843 1712 904 erat
1759 835 2040 908 sollertis
2075 837 2322 924 ingenii
2341 883 2360 914 ‚
2407 835 2576 922 quod
2625 841 2917 899 euenerat

536 953 801 1031 ratus,
877 950 990 1010 aut
1058 945 1240 1011 forte
1309 944 1608 1010 doctus
1678 944 1757 1009 ab
1819 964 1928 1028 eo,
1987 965 2101 1029 per
2160 963 2353 1029 quem
2417 941 2771 1008 uocabatur

540 1055 805 1118 missam
852 1053 931 1118 ad
978 1073 1043 1117 se
1088 1058 1394 1117 tesseram
1440 1049 1691 1116 finxit.’'

627 1157 1049 1224 Emendatius
1105 1160 1195 1223 sic
1239 1157 1416 1246 leges
1466 1155 1675 1241 „quod
1725 1161 2021 1222 euenerat
2069 1156 2508 1237 <odo>ratu
2525 1176 2556 1220 s
2605 1159 2722 1220 aut
2764 1152 2926 1217 forte

541 1264 951 1331 edoctuffl”

629 1479 735 1547 10.
786 1479 846 1546 6.
914 1476 1302 1557 „Gratianus
1363 1482 1438 1542 ut
1483 1483 1618 1543 erat
1665 1476 2000 1543 beniuolus
2047 1482 2111 1544 et
2159 1476 2500 1563 peritus
2545 1466 2930 1560 consangui-

538 1608 731 1652 neum
780 1587 1016 1671 pietate
1061 1586 1267 1649 nimia
1312 1583 1539 1650 dilexit
1587 1589 1652 1649 et
1697 1583 2062 1675 educauit.”

627 1692 753 1757 Vix
792 1691 1015 1757 dubito
1059 1694 1215 1776 quin
1260 1692 1490 1756 uitiose
1536 1689 1783 1755 editum
1825 1692 1912 1755 sit
1948 1690 2315 1775 peritus,
2357 1689 2525 1775 quod
2566 1710 2605 1755 a
2643 1688 2770 1755 loci
2793 1707 2936 1752 sen·

537 1801 739 1864 tentia
783 1818 1039 1884 prorsus
1084 1796 1367 1863 alienum
1414 1801 1527 1862 est.
1578 1797 1867 1863 Fortasse
1913 1796 2315 1862 scribendum
2359 1801 2457 1862 est
2501 1817 2596 1881 pe
2617 1797 2942 1861 rmitis·

1487 2260 1692 2327 an
1737 2261 1978 2329 XXXI.

628 2445 689 2512 2.
741 2443 803 2512 2.
856 2443 1123 2523 „Hunni
1168 2449 1317 2510 sunt
1358 2465 1399 2531 p
1421 2444 1917 2533 rodigiosae
1979 2446 2298 2512 formae
2346 2449 2474 2510 set
2520 2445 2804 2530 parui,
2859 2449 2936 2509 ut

534 2553 793 2639 bipedes
838 2553 1164 2617 existimes
1212 2551 1445 2617 bestias
1492 2551 1602 2618 uel
1642 2553 1860 2639 quales
1900 2555 1967 2618 in
2007 2552 2590 2640 commarginandis
2623 2553 2936 2638 pontibus

514 2659 801 2747 ‚effigiati
848 2660 1098 2742 stipites
1146 2655 1443 2723 dolantur
1487 2658 1877 2745 incompte.”

623 2765 753 2833 Vv.
802 2787 831 2829 s
848 2770 925 2829 et
973 2783 1014 2848 p
1032 2784 1069 2828 a
1084 2784 1116 2827 r
1131 2766 1216 2827 ui
1257 2766 1650 2852 excogitauit
1689 2764 2142 2852 Eyssenhardt.
2190 2764 2406 2830 Multo
2431 2764 2666 2831 melius
2691 2762 2932 2831 Gardt-

532 2874 808 2938 hausen:
857 2875 937 2936 et
982 2868 1367 2955 pauendi.
1418 2868 1603 2935 sire
1651 2892 1802 2937 uera
1847 2874 1914 2937 in
1963 2871 2036 2934 V.
2079 2870 2322 2959 legitur
2368 2871 2934 2957 prodigiosae

534 2980 839 3045 formes
908 2984 989 3041 et
1058 2974 1342 3060 pandi,
1413 2976 1581 3061 quod
1620 2976 1916 3043 affirmat
1977 2975 2077 3053 E„
2148 2976 2372 3042 malim
2423 2974 2929 3063 prodigiose

533 3083 948 3150 deformes
988 3085 1068 3145 et
1111 3079 1501 3165 pauendi.

623 3288 686 3353 2.
736 3287 845 3352 21.
915 3286 1209 3365 „Proceri
1256 3289 1473 3351 autem
1522 3286 1760 3351 Halani
1811 3306 2008 3373 paene
2055 3306 2276 3351 omnes
2323 3292 2474 3351 sunt
2518 3290 2582 3349 et
2629 3285 2890 3369 pulchri
2911 3333 2926 3363 ‚

531 3393 811 3458 crinibus
880 3392 1283 3459 mediocriter
1348 3392 1533 3458 flauis
1551 3441 1569 3472 ,
1643 3392 1902 3458 oculoru
1929 3414 1996 3457 m
2075 3399 2103 3456 t
2119 3413 2154 3457 e
2170 3413 2235 3456 m
2250 3413 2293 3477 p
2311 3413 2346 3458 e
2362 3414 2393 3456 r
2411 3412 2446 3457 a
2464 3397 2492 3456 t
2509 3412 2545 3456 a
2617 3396 2929 3459 toruitate

532 3498 919 3565 terribiles.”

622 3604 831 3670 Immo
878 3606 1093 3691 potius
1143 3606 1207 3682 „i
1223 3608 1357 3669 nte
1374 3624 1440 3667 m
1459 3625 1499 3689 p
1518 3625 1551 3669 e
1570 3626 1602 3667 r
1619 3624 1656 3669 a
1671 3609 1700 3668 t
1719 3624 1757 3669 a
1803 3604 2172 3671 toruitate.”

622 3826 681 3888 5.
740 3826 796 3887 1.
873 3822 1267 3911 „Theruingi
1328 3824 1459 3889 iam
1523 3823 1770 3888 dudum
1843 3828 2108 3890 transire
2170 3828 2465 3911 permissi
2509 3846 2704 3911 prope
2749 3828 2920 3910 ripas

526 3931 723 3997 etiam
771 3934 913 3993 tum
963 3930 1385 4016 uagabantur,
1434 3928 1676 4015 duplici
1723 3930 2160 4016 inpedimento
2210 3932 2532 4009 adstricti,
2578 3931 2749 4017 quod
2795 3932 2916 3997 du·

527 4058 673 4103 cum
736 4034 1246 4100 dissimulatione
1307 4037 1655 4119 perniciosa
1717 4058 1830 4102 nec
1897 4040 2102 4103 uictui
2165 4041 2463 4125 congruis
2509 4048 2660 4103 sunt
2710 4037 2916 4104 adiuti

524 4150 590 4210 et
638 4142 1015 4209 tenebantur
1064 4140 1351 4206 consulto
1398 4141 1788 4209 nefandis
1833 4143 2230 4209 nundinandi
2281 4144 2748 4211 commerciis.”

616 4250 742 4331 Qui
788 4249 943 4314 haec
989 4247 1095 4313 uel
1138 4246 1333 4313 semel
1378 4246 1647 4335 legerit,
1700 4248 1887 4316 facile
1935 4250 2186 4315 uidebit
2230 4250 2575 4336 legendum
2617 4272 2752 4317 esse
2795 4272 2912 4315 ne·

524 4357 856 4448 gaudis,
905 4374 1054 4419 nam
1096 4353 1497 4420 nefandis
1542 4356 1720 4421 omni
1767 4376 1958 4421 sensu
2005 4358 2386 4422 destitutum
2435 4362 2549 4423 est.
