3150 5000
1291 222 1714 273 mawornmss.
2610 196 2695 265 89

295 386 534 455 decore
582 391 680 453 usi
727 395 893 453 sunt.
968 387 1266 458 Ceterum
1315 395 1412 454 est
1457 388 1763 474 quaedam
1818 386 2131 451 dubitatio
2182 385 2259 451 de
2310 386 2499 451 verbo
2545 409 2696 458 σκη-

296 497 530 560 νᾶσθαι
597 501 663 560 et
707 499 760 560 si
806 495 1182 583 Madvigius
1229 502 1396 561 recte
1445 497 1712 561 coniecit
1757 494 2257 579 σκευασαμένου,
2307 491 2696 559 emendatio—

290 624 460 668 nem
507 624 672 668 nunc
716 600 1010 688 perficere
1047 605 1397 688 poterimus
1434 600 1863 667 rescribendo:
1892 598 2689 675 κατασκευασάμενοι.

292 708 434 775 Sed
483 716 559 774 ut
601 709 720 773 hoc
768 711 1079 773 incertum
1129 709 1250 786 sit,
1302 708 1544 794 reliqua
1592 714 1806 774 tamen
1856 712 2069 792 aperta
2116 708 2281 771 mihi
2329 705 2645 771 videntur.

398 924 586 1005 Quod
649 923 892 1011 legitur
936 926 1270 989 notissimo
1316 922 1454 990 loco
1499 925 1566 991 in
1615 921 2064 990 Themistoclis
2110 922 2376 988 historia
2420 918 2471 983 Ι.
2528 915 2692 984 13¹7:

291 1032 408 1096 καὶ
475 1030 734 1108 μέγιςον
799 1024 864 1103 ἦν
928 1031 1230 1109 ἱκέτευμα
1280 1036 1496 1117 τοῦτο,
1547 1051 1771 1117 operae
1818 1032 2095 1116 pretium
2146 1034 2242 1094 est
2290 1026 2693 1093 animadver-

291 1143 440 1203 tere
459 1186 476 1213 ‚
543 1137 853 1224 quomodo
916 1136 1036 1203 Dio
1099 1134 1353 1204 Cassius
1415 1158 1487 1204 ea
1551 1138 1745 1204 verba
1791 1138 2101 1222 acceperit
2147 1130 2440 1199 LXVIII.
2492 1130 2611 1195 10:
2663 1130 2692 1195 ὃ

292 1245 435 1323 γὰρ
487 1250 637 1314 παῖς
688 1243 975 1322 λαμπρόν
1023 1246 1074 1309 οἱ
1121 1244 1418 1321 ἱκέτευμα
1471 1239 1556 1316 ἦν.
1608 1243 1779 1309 Huic
1824 1245 2029 1331 igitur
2068 1240 2368 1314 ἱκέτευμα
2409 1259 2532 1304 non
2554 1259 2696 1321 eup-

282 1352 556 1433 plz‘catio
619 1350 778 1433 fuit,
843 1351 948 1417 sed
1009 1353 1146 1436 ipse
1207 1353 1471 1435 supplex.
1543 1350 1813 1417 Deinde:
1880 1358 2005 1421 τοῖς
2054 1346 2389 1421 Ἀθηναίοις
2455 1346 2691 1411 ἐλθοῦσι

291 1457 406 1522 καὶ
487 1457 698 1521 πολλοὶ
771 1458 1144 1521 εἰποῦσιν
1213 1435 1727 1535 σῦκ’ἑκδίδωσιν,
1803 1458 2125 1542 imprimis
2198 1452 2439 1539 placet:
2507 1450 2692 1515 πόλλ’

290 1564 812 1628 ἀπειλοῦσιν.
885 1563 1062 1628 Facit
1109 1570 1182 1629 ut
1231 1585 1452 1629 verum
1505 1563 1623 1629 hoc
1672 1583 1803 1628 esse
1840 1562 2125 1644 credam,
2165 1558 2479 1625 Diodorus
2510 1556 2690 1622 Sicu-

287 1669 402 1735 lus
453 1668 578 1735 XI.
631 1666 748 1755 56,
817 1672 926 1754 qui
985 1690 1132 1735 cum
1181 1672 1451 1737 scribat:
1497 1672 1550 1734 οἱ
1602 1666 2075 1745 Λακεδαιμόνιοι
2125 1668 2213 1744 μὴ
2262 1664 2693 1745 παραδιδόντος

293 1778 498 1841 αὐτὸν
565 1778 936 1852 πολεμήσειν
999 1776 1250 1858 ἔφασαν
1313 1777 1482 1851 μετὰ
1534 1775 1782 1841 πάντων
1832 1772 1949 1840 τῶν
1999 1774 2308 1848 Ἐλλήνων
2355 1778 2421 1837 et
2466 1770 2691 1836 deinde

293 1884 652 1949 Admetum
707 1884 1052 1963 Φοβηθῆναι
1102 1882 1220 1956 τὰς
1268 1883 1572 1961 ἀπειλάς,
1628 1882 1747 1947 hoc
1783 1884 1999 1968 ipsum
2041 1882 2397 1945 ἀπειλοῦσιν
2422 1880 2491 1942 in
2515 1876 2686 1946 'Phu-

291 1990 558 2077 cydidis
605 1988 834 2056 Codice
882 1990 1134 2056 videtur
1179 1990 1514 2055 invenisse.

389 2202 569 2279 Rex,
621 2223 670 2266 c.
728 2200 889 2279 138,
942 2201 1389 2268 Themistoclis
1437 2203 1789 2269 admiratus
1836 2207 1932 2268 est
1976 2204 2085 2277 τὴν
2126 2201 2529 2267 διάνοιαν·
2564 2221 2690 2267 non

293 2308 469 2374 mihi
506 2308 624 2374 hoc
657 2310 809 2373 satis
842 2308 1097 2373 videtur
1131 2330 1263 2374 esse
1298 2316 1362 2375 et
1396 2311 1438 2374 οἱ
1458 2334 1504 2388 γ
1522 2311 1614 2388 xi
1632 2333 1801 2374 νοια
1822 2335 1849 2373 ν
1884 2307 2201 2395 appellare
2228 2307 2418 2373 ma10.
2446 2305 2689 2374 Deinde

293 2417 362 2481 in
414 2418 706 2479 extremo
752 2417 957 2500 capite
1004 2420 1310 2500 quantum
1368 2416 1587 2494 video,
1638 2415 1978 2481 absurdum
2030 2420 2125 2480 est
2164 2414 2327 2500 quod
2370 2414 2447 2479 de
2480 2412 2691 2500 sepul·

293 2531 446 2587 tura
495 2526 804 2586 narratur.
856 2520 1143 2586 Tradunt
1187 2521 1637 2588 Themistoclis
1682 2524 2059 2609 propinqui,
2100 2541 2253 2595 ossa,
2276 2524 2341 2586 in
2366 2521 2690 2607 Europam

293 2631 732 2713 transportata
778 2627 970 2692 fuisse
1018 2627 1124 2693 καὶ
1171 2631 1501 2702 τεθῆναι
1555 2630 1764 2709 κρύφα
1818 2627 2149 2702 Ἀθηναίων
2194 2627 2253 2691 έν
2291 2630 2688 2710 τῇἈττικῇ·

295 2735 359 2798 οὖ
413 2732 548 2814 γὰρ
597 2731 735 2808 ἐξῆν
781 2733 1124 2798 θάπτειν
1168 2737 1246 2806 ὥς
1299 2733 1398 2798 ἐπὶ
1445 2734 1731 2817 προδοσίᾳ
1784 2733 2147 2814 Φεύγοντος.
2219 2733 2375 2810 Hic,
2429 2736 2687 2819 opinor,

293 2861 528 2926 parum
577 2839 827 2924 prodest
877 2859 1021 2905 cum
1073 2839 1496 2906 Herwerdeno
1544 2843 1859 2928 corrigere
1906 2839 2223 2906 ένθοξπτειν
2247 2862 2261 2880 ·
2314 2841 2465 2926 quid
2514 2842 2687 2906 enim

295 2947 561 3012 tandem
609 2946 686 3010 de
730 2943 866 3010 illis
914 2947 1160 3011 ossibus
1208 2946 1443 3012 factum
1497 2944 1633 3012 est?
1682 2946 2025 3033 Sepultane
2065 2953 2215 3012 sunt
2251 2968 2329 3013 an
2353 2967 2475 3012 non
2500 2943 2688 3012 sunt?

297 3050 468 3132 Quid
535 3053 793 3116 interest
857 3053 1023 3116 inter
1079 3054 1317 3117 ossium
1384 3051 1538 3116 θέσιν
1598 3057 1661 3118 et
1708 3055 1942 3118 iustam
1993 3049 2437 3138 sepulturam?
2504 3051 2683 3120 Num

296 3154 460 3222 forte
526 3176 672 3221 cum
738 3157 1126 3223 contumelia
1186 3161 1464 3243 proiecta
1508 3157 1810 3224 fuerunt?
1881 3157 2143 3225 Scilicet
2188 3165 2261 3223 ut
2307 3158 2427 3224 hoc
2475 3157 2686 3244 fieret,

295 3263 653 3330 infaustum
703 3265 826 3328 iter
871 3270 1232 3348 susceptum
1285 3265 1505 3331 fuerat.
1582 3265 1725 3331 Non
1789 3265 1974 3331 video
2021 3265 2337 3352 quomodo
2386 3265 2535 3329 hinc
2581 3285 2686 3330 me

297 3371 602 3435 extrioem
627 3416 644 3447 ‚
707 3371 827 3434 nisi
891 3370 1142 3435 credam
1205 3391 1344 3437 ossa
1409 3377 1780 3452 ταφῆναι
1843 3373 2055 3452 κρύφα
2105 3371 2441 3446 Ἀθηναίων
2502 3373 2561 3436 ἐν
2606 3381 2683 3453 τῇ

296 3475 597 3557 Ἀττικῇ·
663 3474 889 3541 deinde
947 3476 1124 3541 addit
1183 3475 1593 3564 Thucydides
1650 3499 1763 3543 cur
1810 3479 1927 3544 hoc
1972 3476 2137 3544 clam
2187 3478 2683 3544 Atheniensibus

297 3579 538 3646 factum
588 3583 706 3647 sit:
756 3585 821 3647 οὐ
869 3581 994 3661 γὰρ
1042 3581 1180 3658 ἐξῆν
1227 3586 1304 3654 ὥς
1353 3584 1454 3648 ἐπὶ
1505 3585 1793 3669 προδοσίᾳ
1841 3585 2220 3670 φεύγοντος,
2280 3605 2429 3650 nam
2476 3581 2685 3650 infini-

299 3687 473 3752 tivus
519 3686 775 3752 boin-rm
821 3688 1215 3754 inducendus
1261 3695 1375 3755 est.
1427 3729 1508 3740 —-
1555 3691 1663 3755 Τὰ
1710 3692 1825 3766 μὲν
1871 3689 2051 3778 (οὖν)
2099 3691 2269 3756 κατὰ
2298 3730 2380 3741 -
2418 3701 2683 3769 Θεμιςο-

300 3791 454 3858 κλέα
486 3832 568 3843 -
595 3790 780 3867 οὕτως
832 3795 1260 3872 ἐτελεύτησεν,
1311 3813 1460 3862 nam
1507 3801 1663 3864 satis
1709 3803 1968 3885 apparet
2014 3797 2393 3885 particulam
2441 3793 2540 3864 οὖν
2588 3802 2680 3864 in·

301 3901 623 3966 serendam
676 3921 827 3968 esse.

390 4113 699 4204 Legimus
742 4115 786 4180 1.
847 4115 974 4182 139
1014 4117 1116 4183 'de
1172 4119 1636 4205 psephismate,
1688 4120 1746 4183 ἕν
1794 4117 1837 4203 ᾧ
1885 4121 2153 4202 εἴρητο
2198 4123 2542 4204 Μεγαρέας
2590 4125 2678 4202 μὴ

306 4223 561 4296 χρῆσθαι
624 4231 750 4295 τοῖς
812 4223 1022 4301 λιμέσι
1085 4233 1209 4297 τοῖς
1270 4227 1332 4291 έν
1377 4236 1455 4308 τῇ
1503 4227 1835 4300 Ἀθηναίων
1882 4229 2083 4311 ἀρχῇ,
2132 4229 2241 4296 sed
2288 4232 2411 4295 nisi
2457 4228 2680 4309 fallor,

307 4319 614 4393 Graecum
681 4339 776 4395 est
837 4331 1254 4413 ἀπείρητο.
1353 4331 1519 4398 'I'um
1588 4334 1653 4397 in
1716 4333 1981 4400 Periclis
2048 4338 2328 4401 oratione
2392 4334 2442 4399 Ι.
2514 4335 2678 4402 14οε
