3150 5000
783 1189 790 1195 ·
921 1149 1066 1238 AD
1125 1149 1679 1239 CICERONIS
1740 1151 2557 1242 PALIMPSESTOS.

991 1637 1488 1723 (Continuantur
1533 1661 1609 1704 ex
1658 1641 1809 1704 Pom.
1862 1639 2039 1705 XIII.
2078 1663 2231 1728 paq.
2285 1639 2420 1727 54).

633 1849 849 1934 Codex
898 1851 1251 1917 Vaticanus
1298 1850 1752 1937 palimpsestus
1800 1851 2107 1917 librorum
2160 1854 2237 1918 de
2280 1853 2375 1918 Re
2422 1853 2680 1939 publica
2725 1873 2904 1937 nuper

543 1977 619 2023 ex
679 1963 860 2041 parte
909 1957 1111 2023 denuo
1162 1956 1431 2023 collatus
1477 1965 1574 2022 est
1621 1978 1658 2022 a
1703 1959 1843 2024 viro
1890 1957 2257 2024 doctissimo
2304 1961 2379 2024 A.
2430 1959 2627 2037 Man,
2676 1965 2899 2043 partem

540 2064 606 2127 in
657 2084 809 2128 usus
853 2062 1107 2127 Halmii
1155 2065 1285 2128 iam
1327 2073 1473 2128 ante
1521 2062 1959 2148 exploraverat
1999 2051 2469 2130 eruditissimus
2492 2064 2691 2130 Plinii
2718 2065 2901 2130 editor

541 2167 618 2233 D.
678 2167 1079 2234 Damnem.
1152 2167 1341 2234 Solus
1387 2168 1472 2233 du
1520 2169 1690 2234 Rieu
1732 2170 1871 2255 (aut
1909 2171 1965 2234 si
2004 2189 2235 2234 nomen
2274 2172 2367 2235 ori
2407 2170 2637 2235 Latino
2675 2189 2901 2235 accom-

543 2274 932 2340 modandum
1005 2281 1102 2339 est
1169 2274 1470 2362 Rmvms)
1541 2294 1762 2341 omnes
1832 2276 2092 2341 schedas
2161 2276 2465 2354 contulit,
2534 2277 2793 2344 Mevius
2857 2274 2898 2339 1.

541 2382 579 2466 ᾗ
645 2380 900 2458 1-19,
969 2380 1276 2465 41-46,
1337 2381 1418 2448 11.
1481 2383 1519 2467 ᾗ
1587 2380 1887 2458 11-31,
1950 2381 2351 2448 Detlefsenus
2408 2381 2490 2447 ΙΙ.
2546 2385 2585 2467 ᾖ
2635 2381 2899 2447 11-44.

541 2485 748 2553 Mavii
795 2507 984 2575 opera
1029 2493 1320 2573 suscepta
1367 2494 1501 2553 erat
1549 2493 1622 2553 ut
1668 2509 1795 2553 una
1843 2487 1945 2555 vel
1993 2488 2155 2553 duae
2200 2510 2429 2555 manus
2466 2487 2902 2554 emendatrices

539 2594 606 2657 in
651 2592 811 2659 locis
857 2596 1150 2661 correctis
1197 2616 1234 2659 a
1280 2594 1526 2659 librarii
1573 2594 1942 2680 principalis
1987 2595 2285 2659 ductibus
2341 2595 2901 2681 distinguerentur,

538 2720 732 2784 quam
796 2720 933 2765 rem
997 2721 1147 2766 cum
1211 2699 1568 2784 pulvisculo
1633 2699 2000 2787 profligavit
2063 2698 2366 2766 Canonus
2426 2698 2675 2777 Prm,
2739 2700 2903 2764 cuius

538 2812 766 2894 rogatu
830 2805 1027 2871 codex
1089 2806 1293 2871 denuo
1355 2825 1658 2871 excussus
1719 2812 1887 2883 erat;
1937 2808 2031 2869 ita
2077 2811 2293 2870 tamen
2343 2810 2415 2869 ut
2461 2810 2729 2871 eventus
2748 2852 2764 2883 ,
2812 2822 2901 2869 me

539 2912 798 2998 quidem
863 2912 1073 2976 iudice
1092 2958 1107 2988 ,
1166 2931 1392 2996 parum
1441 2913 1576 2996 spei
1624 2916 1950 2996 susceptae
1997 2910 2388 2995 responderit
2420 2911 2488 2996 ¹).
2559 2909 2905 2997 Distinguit

540 3018 971 3083 emendatores
1031 3020 1160 3100 sic,
1222 3024 1298 3082 ut
1351 3020 1521 3102 prior
1568 3019 1677 3101 (c),
1726 3037 1915 3101 quem
1964 3016 2235 3081 eundem
2286 3036 2421 3081 esse
2466 3034 2615 3081 cum
2660 3015 2903 3081 librario

537 3124 772 3189 codicis
838 3120 945 3208 (O)
1009 3144 1164 3209 „pro
1211 3130 1380 3189 certo
1427 3122 1731 3188 affirmari
1778 3122 2066 3208 nequit”,
2115 3122 2193 3187 ad
2239 3122 2433 3187 huius
2483 3127 2699 3187 tamen
2744 3122 2903 3185 simi-

535 3229 885 3294 litudinem
933 3231 1275 3293 atramenti
1321 3228 1524 3295 colore
1571 3234 1637 3294 et
1682 3228 2041 3293 litterarum
2092 3228 2389 3294 ductibus
2429 3230 2717 3313 proxime
2752 3245 2906 3291 acce·

537 3334 681 3409 dat,
745 3332 907 3397 alter
967 3329 1087 3419 (0¹)
1143 3332 1332 3418 paulo
1395 3337 1480 3399 sit
1541 3336 1870 3399 recentior.
1944 3333 2187 3399 Verum
2249 3333 2444 3399 huius
2504 3332 2566 3397 c1
2631 3339 2726 3398 tot
2768 3336 2906 3396 sunt

536 3439 1008 3505 emendationes
1028 3488 1045 3523 ,
1099 3444 1174 3504 ut
1227 3438 1389 3505 alter
1436 3442 1504 3504 in
1551 3438 1887 3505 collatione
1935 3441 2045 3506 vix
2092 3447 2410 3524 appareat.
2484 3438 2588 3504 Sic
2635 3459 2775 3525 pag.
2825 3434 2904 3497 15

537 3544 762 3631 (Pfaff)
809 3544 1086 3631 amplius
1127 3548 1462 3632 sexaginta
1508 3544 1979 3611 emendationes
2024 3544 2243 3610 littera
2280 3547 2337 3609 c¹
2381 3549 2714 3620 notantur,
2755 3542 2907 3606 duae

534 3657 753 3716 notam
808 3654 858 3717 Ο
895 3653 993 3716 vel
1025 3675 1056 3715 c
1101 3652 1172 3736 (i.
1201 3672 1254 3716 e.
1297 3650 1499 3736 ipsius
1536 3652 1775 3715 codicis
1815 3650 2115 3715 librarius
2153 3650 2257 3715 vel
2296 3651 2545 3734 primus
2582 3646 2905 3731 corrector)

539 3808 822 3876 additam
869 3808 1171 3875 habeant:
1222 3811 1260 3895 ᾗ
1311 3809 1389 3874 11
1442 3760 1840 3892 mammaea,
1880 3810 1916 3892 ἓ
1955 3807 2038 3873 16
2075 3766 2261 3873 mgna.
2310 3807 2382 3873 In
2421 3806 2645 3873 eadem
2686 3806 2905 3893 pagina

537 3915 574 3999 ξ
624 3915 708 3979 10
755 3915 834 3980 ad
881 3916 1088 3985 consul
1114 3916 1237 3999 fui
1281 3914 1485 4000 (prius
1507 3963 1525 3998 ,
1571 3934 1719 3979 nam
1774 3914 1871 3979 bie
1918 3913 2243 3998 scribitur)
2296 3912 2685 3999 adscriptum
2736 3916 2902 3978 inve·

535 4075 754 4137 nimus
793 4094 824 4135 c
871 4081 978 4137 auc
1021 4074 1074 4135 ο·
1121 4079 1186 4139 et
1224 4073 1304 4138 ad
1345 4072 1487 4159 §11
1533 4023 1796 4148 αυὲιῗῖιξι
1831 4078 1876 4111 ⁰¹
1917 4074 1927 4157 Ι
1969 4030 2215 4138 cauum·
2245 4071 2403 4138 haec
2444 4074 2675 4139 verba:
2721 4090 2899 4152 „num

603 4298 660 4362 1)
711 4299 810 4346 ‚De
853 4298 1051 4347 diversis
1095 4296 1336 4357 manibus,
1381 4298 1552 4362 quibus
1598 4298 1839 4348 Ciceronis
1883 4300 1939 4349 de
1986 4298 2227 4365 republica
2258 4298 2373 4349 libri
2406 4300 2458 4349 in
2490 4298 2651 4349 oodioo
2690 4299 2901 4348 vatieno

534 4380 738 4429 correcti
783 4384 894 4428 sunt
928 4380 1190 4445 disputavit
1223 4380 1422 4431 Carolus
1457 4381 1593 4431 Praff.
1650 4382 1842 4431 Accedit
1876 4380 2039 4431 tabula
2071 4381 2346 4447 heliotypa”
2382 4382 2432 4445 (e
2468 4379 2831 4445 Zangemeisteri
2862 4383 2903 4425 ot

535 4460 890 4511 Wattenbaehii
921 4461 1149 4527 exemplis
1182 4461 1439 4525 codicum).
1492 4463 1663 4525 Progr.
1699 4463 1779 4512 des
1816 4462 2159 4527 Heidelberger
2192 4463 2527 4527 Gymnasium
2563 4463 2712 4512 1888.
