3150 5000
1062 342 1338 400 ‚rmvms
1385 342 1721 393 sosarnus.
2450 327 2583 395 275

215 529 330 592 que
382 507 570 574 ‚Iesus
613 515 862 594 poterat
907 510 1288 574 nominatim
1336 509 1723 593 praedixisse
1770 508 1974 576 videri
2020 509 2257 576 Matth.
2310 509 2420 578 23.
2472 510 2580 577 35.

295 613 528 678 Verum
573 619 768 681 etiam
819 619 888 680 in
937 618 1416 700 Antiquitatum
1467 617 1781 701 excerptis
1828 616 2065 701 ubique
2104 617 2327 684 odoror
2362 617 2400 684 J
2405 618 2584 684 udai-

209 741 345 784 eum
407 720 728 786 foetorem.
804 719 1016 788 Codex
1079 728 1182 787 est
1240 719 1374 786 238
1394 768 1410 799 ,
1461 741 1851 807 quamquam
1901 726 2115 808 ecquis
2163 726 2325 790 serio
2373 723 2585 791 credet

210 825 636 892 Patriarcham
693 830 932 916 viginti
992 827 1188 893 libros
1251 829 1348 892 bis
1393 826 1629 914 legisse
1674 833 1739 892 et
1789 825 2215 914 excerpsisse?
2285 827 2411 896 Sed
2458 832 2583 915 pri-

213 953 376 996 mum
426 933 740 1019 quaedam
790 933 1152 999 delibantur
1198 933 1276 998 de
1323 936 1473 999 novi
1519 931 1750 1018 templi
1799 934 1967 1020 quod
2012 929 2300 1002 Herodes
2340 941 2583 1001 exstru-

211 1039 328 1116 xit,
389 1038 756 1104 incredibili
816 1037 1311 1128 magnificentia.
1409 1037 1651 1105 Deinde
1724 1039 2017 1104 additur:
2070 1037 2269 1112 Οὗτος
2317 1040 2580 1122 Ἡρώδης

213 1145 322 1211 ἐςὶν
365 1145 394 1208 ὅ
445 1146 862 1226 ’Λντιπατρου
910 1151 1018 1210 τοῦ
1067 1147 1410 1224 Ἰδουμαίαν
1459 1144 1564 1209 καὶ
1619 1154 1729 1220 τῆς
1780 1146 2167 1224 ’ΛραβΙσσης
2214 1146 2480 1233 (Κύπρος
2530 1147 2581 1213 δ’

209 1249 382 1326 ὄνομα
441 1254 640 1338 αὐτῇ)
705 1261 894 1336 παῖς,
961 1253 1066 1334 ἐφ’
1129 1247 1198 1316 οὗ
1259 1251 1362 1315 καὶ
1430 1251 1642 1331 Χριςὸς
1694 1251 1721 1316 ὃ
1772 1252 1899 1324 θεὸς
1949 1255 2116 1330 ἡμῶν
2166 1253 2264 1318 ἐπὶ
2314 1253 2581 1338 σωτηρίᾳ

209 1361 304 1420 τοῦ
365 1357 664 1438 ἡμετέρου
711 1357 924 1436 γένους
973 1357 1331 1438 παρθενικῆς
1380 1357 1793 1424 dorca-immae
1844 1357 2124 1443 μήτρας,
2172 1359 2311 1425 καθ’
2358 1357 2427 1425 οὗ
2473 1359 2580 1425 καὶ

209 1465 409 1540 μανεὶς
459 1465 729 1546 Ἡρώδης
776 1469 880 1529 τοῦ
927 1466 1042 1543 μὲν
1092 1463 1386 1529 δεσπότου
1433 1465 1769 1543 διήμαρτε,
1818 1465 2040 1546 Φονεὺς
2089 1466 2153 1530 δὲ
2199 1474 2445 1532 πολλῶν
2484 1493 2582 1543 νη-

209 1572 346 1632 πίων
391 1571 666 1648 γίνεται.
736 1571 880 1637 Non
921 1591 1073 1637 sane
1119 1572 1274 1637 haec
1323 1592 1358 1636 e
1403 1569 1679 1656 Josepho
1726 1573 1928 1656 petita
1966 1577 2117 1636 sunt
2154 1579 2219 1638 et
2258 1573 2445 1639 facile
2484 1577 2581 1640 est

205 1697 532 1763 agnoscere
596 1676 766 1743 male
828 1676 1118 1743 sedulam
1179 1696 1442 1742 manum
1507 1679 1677 1763 ejus,
1746 1679 1857 1762 qui
1920 1677 2387 1754 Bibliothecam
2436 1698 2581 1745 con-

207 1786 556 1850 sarciuavit.
630 1782 874 1848 Deinde
936 1785 1304 1868 exsequitur
1366 1785 1865 1870 grammaticus,
1916 1784 2151 1869 quibus
2194 1785 2582 1853 facinoribus

207 1886 476 1956 Herodes
523 1910 798 1977 regnum
849 1894 914 1955 et
960 1891 1280 1975 paraverit
1327 1895 1392 1954 et
1437 1910 1640 1974 usque
1682 1889 1759 1955 ad
1798 1900 2154 1956 extremum
2198 1893 2372 1958 vitae
2407 1892 2579 1960 diem

207 1997 699 2080 conservaverit,
749 1996 835 2068 εἰς
885 1995 1176 2074 ὠμότητα
1227 1993 1291 2058 δὲ
1338 1994 1444 2060 καὶ
1494 1995 1859 2077 μιαιφονίαν
1909 1995 2153 2068 πάντας
2202 1993 2323 2063 ὅσοι
2364 1996 2581 2078 τύραν-

207 2124 276 2163 νοι
342 2101 816 2182 ὑπερβαλέσθαι
879 2101 1189 2182 ἷςόρηται,
1257 2105 1376 2168 cet.
1463 2100 1647 2166 Unde
1707 2101 1888 2168 vides
1950 2101 2105 2168 olim
2167 2105 2235 2168 in
2292 2103 2375 2170 iis
2420 2124 2582 2189 quae

210 2211 586 2292 praecedunt
631 2230 754 2274 non
804 2208 1040 2275 factam
1088 2211 1479 2275 mentionem
1527 2207 1723 2274 fuisse
1770 2208 1849 2274 de
1886 2209 2074 2275 caede
2114 2209 2581 2277 Innocentium.

288 2315 510 2382 Multa
569 2317 1060 2401 interponuntur
1120 2316 1197 2381 de
1258 2322 1452 2402 patre·
1495 2315 1833 2401 Antipatro
1896 2322 1959 2381 et
2004 2315 2082 2381 de
2127 2315 2415 2404 maligna
2460 2317 2583 2383 for-

211 2423 378 2498 tuna,
454 2440 736 2506 quacum
800 2420 1086 2488 Herodes
1145 2423 1212 2485 in
1261 2420 1690 2486 adulescentia
1734 2421 2133 2488 conflictatus
2179 2430 2308 2501 est3
2356 2423 2583 2490 deinde

207 2530 504 2593 transitur
549 2528 632 2592 ad
677 2528 1063 2594 Archelaum
1109 2534 1176 2593 et
1221 2526 1540 2593 Herodem
1589 2528 1896 2615 Antipam
1911 2575 1929 2607 ‚
1980 2549 2252 2614 quorum
2298 2551 2398 2596 res
2446 2530 2581 2597 bre-

208 2633 356 2697 viter
417 2641 818 2700 enarrantur.
893 2634 1234 2699 Adduntur
1296 2639 1512 2700 tamen
1539 2654 1735 2720 *qnae
1788 2637 1925 2720 jam
1976 2635 2153 2702 vides
2201 2637 2369 2703 unde
2414 2639 2578 2703 sint:

209 2734 357 2812 οὗτος
427 2740 560 2809 ἐςὶν
621 2741 651 2805 ό
712 2741 816 2806 τὸν
875 2740 1086 2818 μέγαν
1149 2741 1380 2805 ἀνελὼν
1439 2737 1715 2816 Ἰωάννην
1780 2740 1883 2805 τὸν
1952 2740 2278 2823 πρόδρομον
2342 2742 2581 2827 δεδιώς,

211 2846 490 2923 Ἰώσηπός
534 2854 689 2929 φησι
717 2894 733 2925 ,
777 2848 868 2923 μὴ
917 2848 984 2912 τὸ
1036 2844 1192 2919 ἔθνος
1239 2849 1430 2912 αὐτοῦ
1479 2846 1776 2929 διας-ηση·
1825 2846 2071 2919 πάντας
2120 2850 2248 2929 γὰρ
2285 2847 2359 2913 δι’
2406 2848 2623 2929 ὑπερ-·

211 2950 384 3029 βολην
436 2956 660 3035 ἀρετῆς
707 2952 984 3019 Ἰωάννου
1033 2953 1243 3029 λόγοις
1289 2950 1548 3019 εἵποντο.
1622 2954 1807 3019 Κατὰ
1854 2958 2064 3019 τοῦτον
2114 2955 2219 3021 καὶ
2270 2955 2338 3020 τὸ
2387 2957 2583 3031 σωτή-

211 3082 308 3137 ριον
351 3060 635 3140 ἐγεγόνει
686 3058 897 3133 πάθος.
976 3081 989 3090 ·

287 3164 593 3252 Sequitur
651 3168 786 3233 vita
845 3166 1168 3254 Agrippae
1225 3166 1453 3254 Magni
1515 3174 1581 3232 et
1640 3168 1856 3233 omnia
1917 3188 2065 3232 cum
2111 3166 2150 3233 J
2154 3168 2385 3254 osepho
2432 3188 2581 3235 con-

213 3272 454 3351 cinunt,
506 3273 618 3338 sed
663 3272 834 3339 male
881 3272 1103 3339 sedula
1141 3293 1370 3338 manus
1405 3272 1689 3339 addidit:
1740 3270 1911 3347 οὖτος
1956 3274 2195 3353 ἐκείνοις
2223 3322 2239 3353 ,
2275 3277 2353 3347 ὥς
2392 3274 2584 3354 ἔοικε,

213 3377 603 3461 χαριζόμενος
667 3378 772 3443 καὶ
843 3378 1142 3457 Ἰάκωβον
1201 3381 1304 3445 τὸν
1367 3378 1643 3460 ἀδελφὸν
1708 3380 1983 3445 Ἰωάννου
2029 3384 2328 3464 μαχαίρᾳ
2374 3382 2581 3446 οὶνεῒλε

215 3484 304 3547 καὶ
369 3485 474 3551 τὸν
537 3492 866 3564 κορυφαῖον
918 3492 1036 3551 τῶν
1101 3488 1389 3563 μαθητῶν
1436 3486 1660 3564 Πέτρον
1708 3486 2150 3567 ἐπεχείρησεν,
2204 3488 2254 3550 εἰ
2304 3486 2407 3551 καὶ
2460 3488 2583 3562 3125-

212 3615 429 3669 μαρτεν
451 3639 468 3671 ,
532 3594 796 3657 ἀνελεῖν.
869 3590 944 3656 In
989 3591 1252 3677 reliquis
1297 3612 1554 3678 prorsus
1601 3592 1765 3657 nihil
1808 3596 1973 3659 inest
1994 3638 2011 3671 ‚
2058 3591 2226 3678 quod
2274 3593 2351 3658 ab
2400 3590 2583 3659 Chri-

213 3699 402 3763 stiano
465 3699 727 3764 homine
783 3700 984 3783 possis
1045 3700 1354 3782 suspicari
1421 3698 1776 3783 profectum
1838 3717 2008 3777 esse3
2059 3697 2262 3764 veluti
2309 3700 2585 3763 moritur

213 3822 310 3867 rex
365 3824 490 3869 non
556 3804 1108 3885 σκωληκόβρωτος,
1171 3806 1364 3869 sicuti
1425 3809 1524 3868 est
1590 3804 1657 3867 in
1722 3804 1901 3869 Actis
1960 3803 2413 3889 Apostolorum
2476 3802 2581 3869 12.

219 3907 328 3989 18,
385 3908 494 3975 sed
557 3910 940 3987 ἀλγήματος
1003 3911 1172 3991 αὐτῷ
1237 3910 1408 3975 κατὰ
1462 3910 1709 3989 γαςέρα
1754 3910 2015 3992 σφοδροῦ
2062 3909 2393 3989 γεγονότος
2442 3917 2587 3996 post

213 4018 478 4101 quinque
521 4018 658 4082 dies
703 4016 1086 4103 exspiravit,
1135 4015 1216 4081 cf.
1261 4015 1481 4101 Antiq.
1539 4015 1640 4081 19.
1694 4014 1757 4081 8.
1808 4016 1871 4082 2.

297 4120 385 4188 De
433 4125 718 4209 Agrippa
763 4122 1013 4188 Minore
1058 4142 1261 4209 pauca
1307 4128 1602 4207 excerpta
1646 4128 1796 4187 sunt
1838 4142 2041 4206 neque
2088 4125 2224 4208 ipse
2267 4121 2306 4188 J
2312 4124 2583 4210 osephus

221 4226 416 4293 multa
461 4228 538 4293 de
583 4248 657 4295 eo
699 4228 911 4293 habet.
977 4228 1164 4303 Quod
1202 4230 1268 4293 in
1310 4235 1596 4293 extrema
1635 4227 2029 4316 paragrapho
2063 4228 2341 4315 legitur:
2384 4225 2584 4301 Οὗτος

221 4330 334 4395 {clv
394 4334 792 4415 Ἀγρίππας,
860 4332 966 4415 ἐφ’
1031 4330 1098 4399 οὗ
1154 4335 1182 4398 ὃ
1245 4334 1392 4407 θεῖος
1459 4339 1748 4409 Παῦλος,
1816 4336 2016 4411 Φήςου
2075 4334 2583 4417 συνεδριάζοντος,
2666 4420 2672 4425 ,

222 4434 650 4519 ἐδημηγόρησεν
667 4486 684 4519 ,
735 4443 891 4506 satis
935 4440 1148 4527 prodit
1194 4443 1607 4507 recentiorem
1654 4436 1989 4529 originein.
