3150 5000
517 160 650 226 240
1545 183 1879 231 aumanvs

605 345 746 412 Etsi
807 346 1210 431 aliquantum
1269 346 1496 413 salutis
1557 348 1709 414 huic
1757 349 1896 416 loco
1941 348 2167 415 attulit
2210 346 2543 435 Kiessling
2560 397 2577 423 ‚
2628 348 2745 433 qui
2796 365 2901 433 pro

516 455 721 519 feris
765 453 941 519 dedit
988 455 1468 538 <mi>seris,
1509 458 1659 540 quia
1707 457 1774 521 in
1815 455 1867 520 V
1909 464 1974 522 et
2013 455 2066 520 P
2102 455 2357 542 legatur
2397 455 2646 536 seris,
2686 459 2904 518 tamen

515 557 817 626 nonnulla
879 560 1250 646 corrigenda
1307 581 1630 646 superesse
1678 563 1999 628 uidentur.
2064 563 2233 626 Inter
2283 559 2571 646 „ipsius”
2618 561 2799 624 enim
2845 563 2907 623 et

520 664 1071 753 „promulgatam”
1156 686 1385 731 nomen
1471 668 1947 734 subs-tantinum
2028 666 2288 753 aliquod
2362 666 2650 732 desidero
2726 663 2907 730 uelut

519 772 808 859 „adytis‚
881 771 1344 857 penetralibus,
1416 774 1821 840 recessibus.”
1890 775 2015 842 Pro
2084 794 2309 859 prom
2331 773 2711 860 ulgatam
2788 791 2907 836 non

519 880 742 945 dubito
791 880 944 963 quin
989 879 1394 944 scribendum
1443 883 1527 944 sit
1567 881 2189 968 prouulgatam.
2239 879 2311 945 In
2350 879 2489 945 loco
2529 897 2717 964 porro
2760 875 2911 942 'rul-

517 985 690 1052 liano
735 1004 849 1070 pro
895 983 1382 1070 aequalitas
1428 985 1656 1052 malim
1705 985 2297 1072 aequabilitas.
2362 987 2527 1050 Ante
2576 981 2911 1062 „sensum”

519 1092 789 1176 denique
837 1089 1144 1156 excidisse
1189 1095 1474 1176 suspicor
1519 1092 1962 1177 „uoluptatis’',
2005 1093 2527 1178 quodsententia
2569 1087 2913 1156 manifesto

521 1199 806 1283 requirit.
858 1235 940 1245 —
998 1195 1204 1262 Locus
1239 1199 1378 1282 ipse
1427 1201 1492 1262 in
1541 1196 1863 1265 Ciceronis
1908 1199 2093 1264 libris
2140 1198 2328 1264 hodie
2372 1217 2499 1262 non
2544 1198 2914 1268 inuenitur,

523 1309 588 1370 at
634 1301 868 1368 similis
888 1350 904 1380 ,
953 1310 1026 1367 ut
1065 1309 1286 1369 notum
1331 1309 1462 1389 est,
1503 1304 1746 1392 legitur
1788 1308 1855 1370 in
1904 1303 2077 1370 Orat.
2130 1326 2279 1370 cum
2326 1324 2470 1388 pop.
2518 1309 2687 1390 grat.
2742 1304 2913 1388 egit,

529 1410 588 1486 1,
654 1408 731 1474 2:
807 1410 971 1486 „etsi
1033 1408 1198 1474 nihil
1245 1415 1342 1474 est
1388 1410 1636 1476 homini
1681 1414 1894 1498 magis
1942 1409 2290 1496 optandum
2340 1429 2534 1494 quam
2580 1427 2917 1493 prospera,

525 1512 1006 1600 aequabilis
1065 1523 1493 1600 perpetuaque
1568 1517 1821 1583 fortuna
1884 1516 2156 1582 secundo
2219 1519 2393 1580 uitae
2450 1517 2588 1580 sine
2633 1513 2779 1579 ulla
2826 1512 2918 1578 of-

526 1622 805 1687 fensione
849 1641 1070 1698 cursu,
1121 1629 1372 1706 tamen,
1421 1624 1477 1686 si
1525 1623 1689 1686 mihi
1738 1622 2085 1708 tranquilla
2132 1627 2197 1687 et
2244 1627 2469 1706 pacata
2506 1621 2726 1686 omnia
2770 1619 2921 1683 fuis·

529 1733 696 1802 sent,
766 1725 1124 1792 incredibili
1172 1727 1448 1811 quadam
1497 1736 1561 1793 et
1607 1749 1804 1813 paene
1850 1729 2107 1812 diuina,
2156 1748 2282 1813 qua
2328 1747 2496 1792 nunc
2543 1733 2765 1792 uestro
2814 1724 2919 1790 be-

529 1831 752 1899 neficio
797 1831 991 1909 fruor,
1043 1830 1326 1914 laetitiae
1376 1832 1820 1920 uoluptate
1867 1832 2281 1900 caruissem.”

627 2065 687 2131 6.
739 2065 796 2130 4.
853 2065 1064 2144 „Tum
1111 2065 1603 2152 Asclepiodotus
1647 2075 1711 2133 et
1758 2067 1954 2133 Lutto
1998 2073 2064 2132 et
2108 2066 2375 2133 Maudio
2416 2069 2685 2132 comites
2724 2067 2926 2129 inter-

534 2176 738 2258 empti
785 2180 935 2238 sunt
981 2172 1240 2258 aliique.
1263 2173 1514 2258 plures,
1565 2173 1719 2240 haec
1764 2178 1829 2239 et
1877 2172 2118 2239 similia
2162 2170 2458 2259 perplexe
2508 2180 2731 2257 temp
2754 2171 2926 2237 oris

538 2281 962 2345 obstinatione
1007 2277 1383 2344 scrutante.”

633 2383 896 2472 Corrige
965 2385 1144 2451 sodes
1219 2387 1810 2470 „imperatoris
1880 2383 2337 2450 obstinatione”
2407 2387 2757 2449 scrutante.
2832 2377 2925 2446 Gi.

542 2490 714 2557 XIV.
791 2493 848 2555 1.
911 2489 986 2555 8:
1055 2489 1494 2569 „adolescebat
1561 2492 1956 2557 obstinatum
2031 2487 2453 2577 [Constantii]
2525 2489 2922 2577 propositum

544 2619 744 2687 erga
790 2597 944 2663 haec
983 2606 1046 2662 et
1085 2597 1326 2663 similia
1366 2595 1575 2662 multa
1616 2596 1993 2679 scrutandi”,
2037 2597 2146 2661 ubi
2189 2595 2341 2681 quid
2382 2597 2507 2661 sibi
2529 2595 2693 2661 uelit
2734 2611 2927 2678 erga

543 2725 668 2769 non
714 2702 1044 2790 intellego.
1090 2702 1381 2769 Fortasse
1425 2702 1582 2769 olim
1630 2705 1940 2789 scriptum
1987 2706 2111 2767 fuit
2158 2723 2290 2768 arc
2308 2701 2553 2773 a<na>
2601 2700 2783 2767 haec.

639 2952 705 3018 8.
752 2952 816 3018 2.
890 2950 1043 3029 „Illi
1101 2952 1170 3016 in
1231 2951 1894 3019 adsentationem
1954 2954 2299 3018 nimiam
2362 2950 2597 3019 eruditi
2658 2951 2929 3017 infatua·

554 3063 703 3126 bant
749 3056 1130 3124 hominem.'’

642 3165 850 3231 Immo
923 3165 1034 3241 „in
1101 3163 1399 3228 adsent
1418 3166 1700 3231 atione
1766 3165 2076 3231 nimia.”
2143 3162 2242 3233 of.
2304 3162 2608 3232 XXVIII.
2687 3166 2750 3229 l.
2814 3156 2925 3227 33:

555 3272 904 3351 „eruditior
946 3272 1079 3335 iam
1125 3272 1193 3334 in
1239 3268 1647 3336 sceleribus.”

646 3502 707 3568 8.
760 3502 864 3569 10.
918 3503 1345 3581 „Adulescens
1391 3504 1635 3592 uigoris
1684 3505 2048 3591 tranquilli,
2100 3508 2285 3571 cuius
2330 3507 2670 3591 temperati
2728 3516 2929 3569 mores

555 3610 854 3677 imitandi
914 3616 1064 3675 sunt
1121 3612 1333 3695 potius
1393 3632 1587 3697 quam
1634 3611 2076 3696 praedicandi,
2126 3612 2205 3678 ad
2251 3613 2553 3679 honorem
2605 3624 2929 3696 prospe·

557 3724 824 3783 ratum
873 3715 1233 3805 exsurgat.'’

649 3821 892 3887 Vocem
954 3828 1538 3908 prosperatum
1604 3824 1734 3888 iam
1798 3820 1953 3887 olim
2018 3822 2354 3888 damnauit
2406 3821 2716 3889 Valesius.
2770 3816 2928 3897 „Hic

561 3927 863 3995 mendum
918 3966 1000 3976 —
1049 3930 1263 4011 inquit
1313 3966 1395 3977 —-
1444 3930 1700 3995 subesse
1759 3949 1949 3994 nemo
1994 3948 2119 3994 non
2168 3928 2365 3994 uidet.
2417 3926 2588 4003 Quid
2626 3930 2723 3993 est
2769 3925 2928 3992 enim

564 4040 962 4120 prosperatus
1008 4033 1237 4113 honor,
1287 4044 1400 4100 aut
1443 4038 1586 4119 quis
1632 4054 1938 4119 umquam
1984 4036 2077 4099 ita
2122 4033 2375 4099 locutus
2422 4040 2519 4099 est
2540 4031 2610 4098 ‘l”

655 4140 856 4207 Vatic.
896 4139 1090 4205 habet
1119 4147 1752 4227 ppesperatum.
1801 4138 2059 4212 Conicio
2104 4160 2360 4226 prope
2398 4142 2927 4225 insperatum·
