3150 5000
568 243 701 310 298
1587 259 1921 309 Amanvs

1524 617 1727 684 me
1770 617 1981 686 XXX.

651 850 712 916 1.
767 850 871 916 18.
945 849 1159 928 „Hinc
1227 851 1296 913 in
1357 847 1549 913 illum
1615 847 2250 934 inexplicabile
2310 852 2579 914 auctum
2643 847 2936 933 principis

562 955 783 1023 odium
828 961 893 1022 et
936 956 1069 1022 doli
1112 955 1519 1020 struebantur
1564 956 1632 1018 in
1678 955 1840 1030 dies,
1895 961 1970 1019 ut
2015 975 2128 1040 per
2173 956 2312 1019 uim
2349 955 2410 1020 ei
2449 953 2556 1019 uel
2593 951 2764 1018 clam
2809 954 2940 1018 uita

564 1061 1014 1127 adimeretur.”

650 1168 1025 1256 Lag-endum
1088 1173 1185 1232 est
1229 1166 1782 1253 inexpiabile.
1836 1164 1937 1234 Of.
1988 1167 2134 1231 Liu.
2183 1165 2488 1232 XXXIX.
2543 1165 2668 1231 51:
2723 1166 2937 1245 „inex-

559 1275 797 1362 piabile
840 1275 1063 1342 odium
1107 1273 1543 1340 Romanorum
1590 1276 1658 1339 in
1702 1273 2150 1340 Annibalem.”

652 1509 715 1574 4.
766 1507 826 1572 5.
878 1506 1258 1586 „Florebant
1296 1506 1651 1592 elegantiae
1690 1508 1928 1591 priscae
1965 1508 2332 1593 patrociniis
2372 1505 2722 1573 tribunalia
2739 1556 2758 1592 ,
2799 1525 2942 1572 cum

559 1619 835 1680 oratores
882 1615 1214 1679 concita
1232 1634 1267 1679 e
1312 1612 1671 1697 facundiae,
1721 1614 1953 1679 attenti
1990 1613 2222 1678 studiis
2261 1612 2694 1679 doctrinarum
2715 1660 2734 1692 ‚
2771 1615 2947 1700 inge·

557 1723 665 1787 nio
710 1719 832 1786 fide
877 1723 1078 1805 copiis
1126 1722 1638 1805 ornamentisque
1687 1718 1937 1786 dicendi
1984 1719 2278 1807 pluribus
2324 1721 2709 1786 eminebant.

652 1826 894 1912 Immo,
935 1828 1174 1911 opinor,
1218 1825 1461 1919 „cond
1478 1828 1601 1891 ita
1618 1847 1652 1891 e
1691 1825 2078 1892 facundiae.”
2126 1823 2222 1892 Cf.
2248 1823 2380 1893 Cic.
2407 1827 2485 1894 de
2505 1826 2682 1892 Orat.
2710 1825 2799 1892 11.
2827 1825 2940 1904 563

559 1931 741 1998 Brut.
793 1931 914 2009 293
968 1931 1238 2012 Quintil.
1288 1931 1443 1997 XII.
1499 1929 1605 1995 10.
1657 1929 1762 1995 38.

655 2169 716 2232 4.
769 2167 830 2233 6.
896 2163 1151 2245 „Crassi
1196 2170 1260 2232 et
1308 2166 1575 2232 Antonii
1626 2213 1642 2231 .
1671 2214 1687 2232 .
1714 2216 1729 2232 .
1779 2166 2026 2233 laureas
2073 2167 2195 2234 fori
2235 2137 2534 2253 speciosis
2580 2169 2946 2234 certamini-

560 2275 681 2340 bus
726 2294 763 2339 ο
781 2296 815 2339 c
830 2295 864 2338 o
878 2295 921 2338 u
939 2295 980 2360 p
998 2294 1033 2339 a
1048 2296 1093 2338 n
1108 2278 1137 2337 t
1152 2293 1187 2340 e
1205 2294 1235 2338 s
1282 2275 1555 2338 summis
1601 2271 1844 2360 gloriae
1889 2274 2234 2340 honoribus
2277 2273 2709 2340 fruebantur.”

651 2379 881 2447 Malim
934 2386 1478 2465 aucupantes.

650 2615 715 2681 4.
768 2612 871 2679 13.
946 2610 1154 2692 „Cum
1227 2613 1654 2701 deprauantur
1721 2614 1994 2691 iudicia,
2066 2614 2286 2679 foueae
2347 2620 2498 2679 sunt
2559 2612 2827 2680 fallaces
2885 2619 2943 2677 et

556 2742 811 2789 caecae:
880 2724 948 2786 in
1018 2740 1173 2807 quas
1241 2722 1297 2785 si
1364 2727 1586 2807 captus
1645 2720 1946 2787 ceciderit
1998 2722 2368 2806 quisquam,
2429 2741 2554 2786 non
2611 2722 2735 2785 nisi
2807 2739 2942 2806 per

553 2828 764 2894 multa
808 2826 1060 2894 exsiliet
1106 2826 1309 2892 lustra
1326 2876 1343 2911 ‚
1394 2826 1474 2892 ad
1521 2847 1723 2912 usque
1767 2829 1937 2913 ipsas
1984 2825 2301 2893 medullas
2350 2826 2716 2893 exsuctus.”

646 2931 1109 3021 Corrigendum
1156 2938 1254 2997 est
1302 2952 1467 3011 „non
1509 2935 1636 2999 nisi
1682 2953 1722 3017 p
1741 2938 1872 2999 ost
1917 2934 2126 2999 multa
2173 2982 2190 2999 .
2220 2980 2237 2999 .
2269 2983 2283 2997 .
2330 2932 2588 3000 lustra.''

651 3166 711 3232 5.
763 3164 870 3232 19.
950 3162 1333 3241 „Dexteram
1394 3168 1682 3231 stratoris
1744 3164 1976 3230 militis
2021 3168 2210 3231 iussit
2256 3166 2496 3231 abscidi
2515 3212 2531 3243 ,
2581 3186 2743 3251 quae
2793 3186 2938 3233 eum

555 3273 947 3340 insilientem
1008 3274 1295 3337 iumento
1351 3292 1393 3357 p
1410 3292 1454 3336 u
1470 3270 1495 3335 1
1512 3292 1541 3335 s
1557 3292 1592 3337 e
1609 3292 1640 3335 r
1655 3292 1692 3337 a
1706 3277 1734 3335 t
1779 3293 1812 3336 c
1828 3292 1866 3337 o
1882 3294 1923 3335 n
1939 3293 1970 3337 s
1991 3292 2032 3337 ιι
2048 3292 2082 3337 e
2095 3278 2124 3336 t
2139 3292 2175 3336 o
2191 3318 2208 3347 ,
2259 3273 2648 3357 perissetque
2695 3274 2938 3338 crucia-

491 3410 499 3415 ·
556 3378 774 3445 biliter
819 3380 1113 3442 innocens
1152 3378 1405 3443 iuuenis
1422 3424 1439 3454 ,
1478 3379 1546 3442 ni
1585 3378 1882 3444 tribunus
1917 3376 2154 3443 stabuli
2193 3374 2470 3443 Cerealis
2512 3377 2726 3443 dirum
2767 3379 2938 3445 nefas

555 3504 705 3550 cum
750 3486 854 3549 sui
900 3482 1182 3569 periculo
1228 3483 1270 3548 d
1289 3485 1311 3546 i
1327 3504 1357 3548 s
1376 3489 1404 3547 t
1422 3482 1591 3549 ulis
1609 3504 1639 3548 s
1657 3504 1692 3548 e
1709 3483 1790 3549 t.”

549 3599 557 3610 '
644 3590 770 3655 Pro
816 3611 856 3675 p
873 3588 1005 3653 uls
1022 3610 1056 3653 e
1073 3610 1104 3654 r
1118 3595 1197 3654 at
1242 3610 1276 3654 c
1294 3608 1330 3653 o
1347 3612 1388 3653 n
1408 3610 1439 3653 s
1456 3609 1500 3653 u
1515 3610 1549 3655 e
1566 3592 1596 3652 t
1613 3609 1649 3654 o
1696 3591 1832 3655 sine
1875 3589 2014 3655 ulla
2051 3589 2448 3655 dubitatione
2488 3592 2930 3678 corrigendum

554 3701 651 3763 est
720 3715 817 3780 pu
841 3694 1109 3759 Isarat
1175 3696 1465 3760 incons
1484 3715 1527 3759 ιι
1546 3694 1706 3771 lto,
1783 3714 1974 3779 quam
2049 3696 2560 3762 emendationem
2623 3704 2770 3763 ante
2839 3716 2934 3761 me

552 3805 686 3867 iam
735 3801 952 3866 doctos
997 3803 1064 3864 in
1111 3798 1455 3867 Germania
1502 3802 1673 3865 uiros
1718 3805 2113 3887 excogitasse
2151 3822 2229 3866 ex
2271 3798 2770 3869 Gardthausenii
2811 3804 2934 3870 edi-

553 3910 725 3973 tione
793 3910 1086 3991 comperi.
1157 3904 1403 3970 Mirum
1473 3910 1690 3970 autem
1759 3912 1856 3971 est
1915 3908 2237 3972 neminem
2301 3907 2629 3975 offendisse
2675 3910 2719 3975 d
2736 3913 2809 3975 is
2828 3916 2932 3976 tu·

553 4015 619 4081 li
636 4036 666 4080 s
682 4036 712 4079 s
729 4034 763 4079 e
779 4020 807 4077 t
850 4008 1257 4096 ineptissime
1292 4011 1558 4077 editum.
1609 4010 1861 4077 Scribas
1905 4033 2134 4098 quaeso
2193 4013 2275 4077 di
2291 4034 2321 4078 s
2338 4035 2378 4099 p
2397 4012 2478 4079 ul
2495 4018 2520 4079 i
2535 4036 2566 4079 s
2581 4036 2612 4081 s
2631 4037 2665 4082 e
2682 4022 2728 4081 t.

642 4247 703 4313 7.
758 4242 861 4310 10.
914 4242 1239 4321 „Africam
1286 4243 1510 4310 deinde
1555 4244 1728 4311 malo
1767 4251 2097 4330 repentino
2136 4247 2576 4332 perturbatam
2621 4249 2924 4315 discrimi-

552 4354 743 4420 nibus
804 4352 1057 4437 magnis
1120 4350 1399 4433 exemit,
1461 4370 1611 4415 cum
1678 4372 2023 4417 uoraces
2087 4353 2480 4419 militarium
2525 4355 2731 4421 fastus
2775 4356 2922 4422 ferre
