3150 5000
1385 82 1808 130 carentum.
2651 59 2780 126 435

408 245 771 315 offenderim
791 296 811 331 ,
850 250 917 314 in
964 247 1331 316 Baehrensii
1375 228 1636 315 invento
1685 249 1846 312 aeine
1894 247 2416 332 acquiescendum
2462 251 2639 333 puto.
2702 245 2782 311 ad

408 353 729 438 reliquum
776 374 1032 420 versum
1080 355 1339 432 accede,
1387 357 1455 419 in
1501 375 1626 440 quo
1674 355 1892 420 timori
1931 353 2184 420 nullum
2225 374 2358 420 esse
2395 352 2608 418 locum
2649 355 2782 418 iam

408 455 811 546 perspexerat
876 461 1297 527 Baehrensius
1316 507 1332 538 ‚
1396 481 1473 526 ex
1535 459 1700 525 timet
1763 467 1820 524 et
1879 480 2103 526 eruens
2167 460 2382 542 optima
2429 467 2503 524 et.
2553 459 2785 524 melius

410 573 547 632 erat
582 583 825 632 cmm
865 585 945 632 rr
992 573 1067 633 ut
1112 588 1259 632 cum
1305 568 1498 650 prima
1516 617 1535 650 ,
1573 569 1831 632 secunda
1849 617 1866 651 ‚
1906 567 2090 632 tertia
2129 567 2411 651 quadret.
2449 568 2580 636 iam
2619 563 2785 630 illud

410 671 717 738 admoneo
780 663 1001 738 ‘ultim
1068 677 1463 741 nominativo
1533 695 1666 739 esse
1735 679 1801 739 et
1865 672 1944 739 ad
2005 673 2301 759 praedam
2365 676 2644 758 spectare
2705 693 2784 738 ne

407 777 775 844 Baehrensii
834 799 1080 845 memor
1138 801 1249 866 pro
1310 783 1672 846 accusativo
1733 781 2022 866 accipias.
2082 779 2598 866 indignabundus
2660 775 2783 844 Ca-

410 883 645 951 tullus:
704 887 829 970 ‘qui
874 894 1134 971 paterna
1181 887 1341 952 bona
1384 889 1594 972 primo
1639 885 2022 969 lancinavit,
2071 886 2343 952 secundo
2379 885 2570 950 Ponti
2609 904 2784 969 prae-

409 990 557 1058 dam
577 1038 593 1069 ‚
635 993 823 1057 tertio
860 991 1162 1059 Hiberiae
1201 993 1529 1060 devoravit
1546 1039 1563 1072 ‚
1606 995 1745 1059 eine
1784 990 2036 1060 Galliae
2075 997 2139 1058 et
2170 991 2535 1058 Britanniae
2555 990 2788 1076 praeda

406 1095 643 1164 ultima
687 1097 1100 1164 concedetur?

1515 1236 1523 1244 ⁸
1546 1283 1655 1349 23.

949 1439 1102 1486 eone
1150 1423 1407 1488 nomine
1452 1422 1630 1488 urbis
1677 1421 2154 1507 opulentissime

952 1547 1127 1592 socer
1176 1549 1493 1618 generque
1538 1528 1902 1614 perdidistis
1948 1525 2204 1593 omnia?

407 1632 475 1696 in
523 1651 591 1696 re
637 1651 832 1716 paene
881 1632 1205 1717 desperata
1251 1634 1345 1698 fas
1391 1638 1485 1700 est
1531 1621 1744 1700 omnia
1792 1635 2062 1718 experiri
2102 1633 2257 1697 dum
2297 1631 2481 1698 modo
2520 1652 2598 1697 ne
2637 1651 2788 1696 sana

409 1757 558 1803 cum
606 1738 854 1803 vitiatis
900 1739 1159 1804 recidas.
1208 1741 1459 1825 itaque,
1508 1741 1676 1803 urbis
1721 1737 1975 1804 Catullo
2021 1739 2444 1824 relinquentes
2465 1785 2480 1816 ,
2528 1739 2596 1802 in
2642 1760 2789 1821 opu-

408 1842 729 1907 lentissime
788 1846 1167 1931 gravissime
1227 1851 1595 1930 corruptum
1661 1833 1877 1911 omnes
1938 1845 2148 1929 copiae
2207 1849 2667 1911 convertamus,
2717 1864 2788 1909 ac

407 1949 609 2014 fateor
653 1949 912 2034 quidem
961 1952 1127 2016 mihi
1175 1951 1328 2016 olim
1377 1951 1716 2016 oblitissimi
1760 1952 1896 2018 sive
1940 1953 2153 2036 potius
2174 1999 2191 2028 ‚
2238 1951 2442 2018 forma
2489 1949 2783 2016 vocabuli
2841 2034 2846 2040 ι

405 2057 639 2126 totiens
680 2052 934 2121 Catullo
957 2056 1291 2134 reddenda,
1318 2059 1688 2122 oblitis-simei
1709 2056 2020 2144 placuisse
2039 2103 2055 2134 ‚
2079 2057 2190 2122 sed
2215 2057 2472 2134 deerant
2493 2055 2788 2141 exempla

407 2162 501 2226 ita
538 2159 707 2225 nude
744 2163 957 2247 positi.
1005 2184 1173 2228 nunc
1203 2165 1415 2248 ipsum
1444 2163 1900 2250 superlativum
1928 2183 2122 2250 prave
2146 2162 2422 2228 inlatum
2448 2183 2581 2228 esee
2604 2162 2785 2227 duco.

407 2267 847 2352 compendiose
912 2271 1081 2333 enim
1130 2272 1439 2356 scriptum
1462 2318 1477 2348 ,
1518 2277 1596 2336 ut
1641 2273 1708 2335 in
1756 2268 1985 2336 Codice
2032 2268 2370 2336 Oxoniensi
2390 2317 2405 2347 ,
2456 2268 2789 2355 opulatiesie

408 2373 595 2438 facile
643 2377 855 2459 potuit
903 2395 981 2439 ex
1020 2396 1223 2442 errore
1263 2378 1451 2442 nasci.
1488 2398 1566 2442 ex
1605 2377 1852 2453 duobus
1886 2377 2097 2442 verbis
2134 2373 2473 2442 conflatum
2513 2375 2786 2440 videtur.

406 2478 684 2553 alterum
746 2479 859 2545 alii
907 2496 944 2545 ο
995 2503 1131 2548 esse
1179 2482 1513 2567 viderunt,
1562 2481 1836 2548 alterum
1883 2500 2212 2547 PU'rAmM
2255 2481 2612 2567 (pulemine)
2657 2503 2792 2547 esse

406 2588 709 2671 suspicor.
748 2606 896 2651 nam
939 2587 1015 2652 de
1062 2594 1087 2651 t
1128 2589 1191 2665 l,
1236 2612 1276 2650 a
1314 2612 1345 2652 e
1390 2588 1625 2654 litteris
1673 2590 2051 2654 sescentiens
2097 2590 2165 2652 in
2212 2584 2466 2653 Catullo
2515 2586 2790 2652 confusis

406 2690 571 2756 nihil
643 2710 801 2775 opus
872 2696 967 2757 est
1026 2692 1251 2758 dicere.
1316 2693 1472 2759 duos
1533 2692 1703 2761 locos
1766 2699 2017 2759 tantum
2081 2692 2290 2758 adfero
2353 2694 2460 2778 qui
2525 2692 2789 2757 doceant

393 2796 714 2881 putamina
761 2797 865 2862 hic
915 2798 1081 2863 idem
1132 2797 1491 2886 significare
1538 2820 1719 2884 posse
1767 2820 1837 2865 ac
1885 2797 2124 2865 Graece
2170 2797 2576 2879 καθάρματα.
2621 2798 2784 2863 Non.

406 2902 470 2969 2.
521 2901 652 2967 685
717 2906 1073 2989 ‘putamina
1120 2925 1243 2970 non
1289 2905 1499 2972 solum
1549 2908 1847 2972 arborum
1894 2914 2044 2971 sunt
2091 2926 2314 2973 verum
2364 2907 2650 2971 omnium
2699 2926 2786 2969 re·

410 3028 555 3073 rum
604 3016 1064 3096 purgamenta;
1110 3032 1259 3076 nam
1307 3012 1606 3097 quicquid
1650 3032 1725 3076 ex
1767 3031 2165 3097 quacumque
2203 3032 2271 3076 re
2308 3013 2634 3097 proicitur,
2672 3032 2788 3095 pu-

408 3120 623 3180 tamen
689 3114 1083 3200 appellatur:
1144 3116 1416 3181 Plautus
1461 3120 1528 3181 in
1578 3114 1869 3204 Captiuis
1923 3116 2235 3182 ‘nucleum
2285 3119 2510 3193 amisi,
2559 3115 2790 3201 reliqui

408 3222 660 3308 pig-neri
700 3222 1079 3306 putamina’.
1129 3221 1207 3297 Q.
1250 3220 1429 3289 Ourt.
1476 3224 1582 3301 10,
1621 3222 1662 3287 2
1705 3226 1942 3288 ‘omnia
1981 3210 2190 3309 potius
2231 3222 2557 3289 toleraturi
2597 3242 2784 3306 quam

401 3336 795 3412 purqamenta
844 3329 1155 3415 quaedam
1205 3330 1371 3393 urbis
1415 3350 1592 3407 suae,
1649 3342 1799 3395 tunc
1847 3333 2043 3395 etiam
2091 3328 2302 3395 exsilii
2337 3328 2786 3395 admitterent.'

1290 3510 1460 3577 LXL
1514 3509 1645 3577 225
1693 3510 1905 3598 (217).

1176 3647 1263 3712 sit
1307 3668 1421 3712 suo
1468 3645 1702 3713 similis
1747 3649 1914 3733 patri

1180 3750 1422 3819 Manlio
1474 3759 1537 3819 et
1584 3752 1767 3819 facile
1812 3754 2030 3819 insciis

1176 3861 1525 3925 noscitetur
1568 3860 1647 3925 ab
1695 3860 1991 3926 omnibus

1179 3972 1242 4029 et
1287 3965 1664 4050 pudicitiam
1713 3986 1895 4031 suam

1184 4073 1408 4136 matris
1453 4072 1690 4137 indicet
1738 4092 1863 4138 ore.

502 4202 667 4244 mam
737 4178 980 4245 codices
1049 4195 1251 4243 errore
1313 4177 1652 4243 manifesto
1670 4227 1687 4260 ,
1748 4200 1894 4243 cuae
1953 4178 2224 4244 editores
2283 4178 2522 4245 iudicio
2571 4199 2784 4263 pravo.
