3150 5000
1056 309 1332 360 rnmus
1376 307 1717 362 sosarnus.
2441 285 2573 358 2¹71

227 497 296 543 an
350 477 574 562 oderit,
627 499 900 564 quorum
961 479 1295 543 hominum
1357 480 1619 565 ingenia
1670 478 1978 564 depinxit.
2052 475 2361 561 Exemplo
2411 474 2577 539 mihi

225 585 330 648 etit
371 605 473 648 rex
517 584 950 660 Aristobulus‚
1008 586 1119 668 qui
1159 605 1323 650 anno
1367 583 1497 649 105
1540 590 1718 670 patre
1756 583 2062 672 Hyrcano
2086 589 2340 649 mortuo
2362 602 2577 646 rerum

225 691 438 772 potitus
497 697 594 756 est
653 691 986 775 tenuitque
1045 693 1390 774 imperium
1463 711 1576 775 per
1646 711 1846 756 unum
1921 710 2183 755 annum.
2254 687 2580 775 Cognosce

223 815 368 858 nunc
425 795 760 860 mirificam
823 797 1190 868 historiam,
1255 798 1472 880 Antiq.
1543 795 1649 862 13.
1702 797 1808 862 11.
1880 797 2008 862 Hic
2056 797 2301 882 primus
2344 797 2414 858 in
2457 793 2579 860 Ju-

222 899 356 964 daea
409 911 549 985 post
607 901 964 968 multorum
1028 901 1429 968 saeculorum
1495 902 1909 970 intervallum
1962 903 2321 968 diademate
2364 907 2581 966 sumto

221 1009 446 1093 regium
495 1027 726 1073 nomen
767 1008 1056 1075 adscivit.
1121 1005 1421 1073 Habebat
1458 1013 1731 1093 quatuor
1770 1009 2027 1074 fratres:
2069 1009 2298 1073 horum
2338 1027 2542 1071 unum
2561 1053 2579 1084 ,

221 1111 560 1201 Antigonus
607 1117 669 1179 ei
713 1134 945 1180 nomen
991 1118 1158 1190 erat,
1213 1114 1526 1201 diligebat
1573 1135 1849 1200 eumque
1894 1115 2054 1180 adeo
2101 1113 2227 1178 sibi
2264 1113 2577 1199 collegam

219 1219 376 1296 fecit,
445 1225 582 1306 τῶν,
623 1220 839 1296 ὁμοίων
903 1217 1067 1296 ἠξίου
1091 1267 1106 1298 ,
1169 1218 1447 1304 reliquos
1503 1226 1721 1286 autem
1774 1227 1899 1286 tres
1946 1222 2215 1306 conjecit
2258 1222 2326 1284 in
2372 1237 2577 1284 carce·

217 1346 348 1390 rem.
397 1325 616 1392 Etiam
655 1331 930 1392 matrem
958 1373 976 1404 ‚
1015 1329 1117 1394 cui
1173 1328 1519 1411 imperium
1584 1329 1861 1392 moriens
1923 1325 2266 1414 Hyrcanus
2288 1366 2293 1372 ·
2313 1326 2580 1390 commi-

217 1441 391 1509 serat,
453 1435 742 1499 vinctam
787 1432 998 1497 inedia
1045 1439 1106 1497 et
1156 1431 1348 1519 longa
1393 1433 1540 1498 tabe
1588 1435 1877 1517 peremit.
1956 1431 2145 1497 Brevi
2191 1435 2335 1516 post
2380 1429 2577 1496 etiam

217 1537 448 1604 fratrem
509 1536 700 1602 illum
767 1539 1202 1624 Antigonum,
1268 1558 1459 1622 quem
1521 1539 1815 1616 amabat,
1880 1535 2152 1602 interfici
2190 1537 2415 1622 jussit,
2468 1534 2578 1599 sed

215 1643 380 1727 hujus
433 1647 732 1710 facinoris
789 1664 925 1728 sero
987 1665 1136 1709 eum
1199 1644 1518 1728 poenituit
1585 1644 1937 1729 inciditque
2007 1646 2073 1708 in
2142 1643 2443 1708 morbum
2513 1645 2580 1705 et

217 1749 398 1817 multa
452 1754 752 1818 incusans
809 1770 877 1816 se
921 1753 1135 1835 ipsum
1187 1756 1250 1815 et
1297 1749 1636 1815 clamitans
1680 1752 1817 1836 pati
1862 1771 1929 1816 se
1976 1749 2144 1835 quod
2192 1754 2289 1814 tot
2334 1746 2577 1814 sceleri·

217 1855 314 1920 bus
371 1857 644 1944 dignum
713 1862 914 1932 esset,
965 1856 1156 1941 periit
1201 1856 1599 1933 βασιλεύσας
1648 1857 1943 1923 ἐνιαυτόν.
2014 1856 2191 1921 Haec
2239 1860 2576 1941 postquam

213 1960 478 2045 pluribus
524 1962 563 2029 J
567 1963 839 2048 osephus
885 1968 1220 2028 exsecutus
1263 1970 1359 2028 est
1377 2013 1394 2040 ,
1444 1963 1701 2029 videtur
1738 1963 1939 2028 alium
1980 1962 2219 2028 librum
2264 1961 2579 2028 evolvisse

217 2069 460 2154 indeque
511 2071 932 2155 excerpsisse:
981 2067 1170 2134 ταῦτ’
1221 2072 1402 2135 εἰπὼν
1451 2071 1899 2146 ἐπαποθνήσκει
1949 2077 2074 2142 τοῖς
2124 2068 2333 2146 λόγοις
2381 2067 2577 2145 βασι-

215 2174 416 2247 λεύσας
463 2175 778 2260 ἐνιαυτόν,
827 2175 1275 2256 χρηματισθεὶς
1325 2177 1436 2254 μὲν
1487 2175 1827 2254 Φιλέλλην,
1880 2175 2091 2241 πολλοὶ
2137 2175 2199 2239 δὲ
2244 2175 2573 2252 εὐεργετή-

215 2303 312 2351 σας
368 2285 476 2356 τὴν
541 2282 852 2361 πατρίδα,
917 2283 1284 2358 πολεμήσας
1345 2283 1688 2362 Ἰτουραίαν
1746 2283 1851 2346 κα)
1920 2282 2159 2355 πολλὴν
2213 2282 2412 2346 αὐτῶν
2460 2287 2570 2355 τῆς

215 2389 396 2466 χώρας
433 2399 512 2470 τῇ
557 2388 840 2472 Ἰουδαίᾳ,
871 2385 1408 2467 προσκτησάμενος
1448 2387 1827 2466 ἀναγκάσας
1867 2413 1939 2453 τε
1976 2388 2117 2459 τοὺς
2158 2389 2533 2457 ἐνοικοῦντας
2556 2433 2573 2464 ,

213 2495 252 2557 εἰ
303 2495 630 2573 βούλονται
690 2493 894 2572 μένειν
959 2497 1018 2561 ἐν
1081 2506 1157 2577 τῇ
1213 2501 1425 2580 χώρα,
1491 2494 1958 2575 περιτέμνεσθαι
2023 2493 2126 2559 καὶ
2190 2493 2362 2559 κατὰ
2430 2492 2571 2565 τοὺς

213 2601 486 2667 Ἰουδαίων
528 2602 746 2677 νόμους
785 2603 914 2684 ζῆν.
961 2602 1057 2668 De
1089 2603 1192 2667 his
1223 2604 1520 2667 omnibus
1543 2624 1734 2687 supra
1767 2603 1931 2668 nihil
1955 2603 2201 2668 dictum
2225 2601 2431 2666 fuerat
2454 2620 2571 2665 nec

217 2713 403 2773 tamen
450 2728 615 2793 quae
659 2728 828 2773 nunc
875 2707 1226 2784 adduntur,
1281 2716 1494 2793 aperte
1539 2715 1831 2795 pugnant
1869 2729 2019 2773 cum
2060 2709 2141 2773 iis
2183 2725 2344 2792 quae
2380 2724 2572 2789 supra

211 2809 468 2899 legimus
509 2814 589 2881 de
631 2813 992 2879 Aristobuli
1029 2818 1096 2879 in
1140 2816 1391 2898 privata
1412 2816 1549 2880 vita
1571 2814 1855 2901 flagitiis.
1905 2814 2120 2879 Etiam
2146 2811 2484 2877 matricida
2508 2816 2573 2875 et

215 2918 515 2987 fratricida
561 2926 768 3005 potest
814 2941 950 2985 esse
989 2920 1188 2986 bonus
1226 2938 1338 2984 rex
1377 2926 1442 2985 et
1477 2920 1933 2986 circumcidere
1970 2920 2261 2985 homines
2301 2924 2366 2984 et
2400 2917 2572 2982 subi-

213 3045 338 3110 gere
393 3027 719 3091 Ituraeam
741 3072 757 3103 ‚
822 3045 1208 3111 quamquam
1273 3026 1604 3091 fatendum
1668 3030 1764 3090 est
1828 3026 2019 3091 breve
2088 3044 2220 3090 esse
2291 3026 2571 3109 spatium

213 3126 526 3198 duodecim
574 3134 915 3197 mensium.
985 3131 1232 3197 Verum
1281 3133 1581 3197 continuo
1628 3134 1913 3215 sequitur
1961 3131 2128 3216 quod
2173 3132 2369 3195 nimis
2414 3130 2575 3194 ridi-

215 3235 409 3302 culum
473 3245 604 3303 est:
671 3238 859 3318 Φύσει
923 3236 976 3303 δ’
1041 3238 1399 3302 ἐπιεικεῖ
1451 3236 1717 3318 κέχρητο
1780 3236 1885 3301 καὶ
1949 3236 2189 3319 σφόδρα
2256 3230 2322 3310 ἦν
2368 3236 2574 3307 αἰδοῦς

216 3338 388 3413 ἥττων
451 3344 644 3430 idque
705 3342 1115 3410 confirmatur
1175 3342 1501 3409 Strabonis
1563 3346 1951 3409 testimonio.
2042 3342 2209 3422 Quid
2271 3345 2337 3407 in
2400 3342 2574 3407 hisce

213 3466 412 3513 verum
461 3452 583 3534 sit,
633 3469 755 3514 non
803 3450 1070 3534 dispicio
1118 3456 1183 3515 et
1229 3450 1507 3514 conferre
1538 3450 1733 3535 jubeo
1773 3445 2143 3515 Graetzium
2178 3452 2243 3513 in
2284 3447 2574 3513 Historia

213 3548 578 3620 ‚ludaeorum
642 3553 756 3619 111.
825 3555 990 3631 1043
1059 3556 1167 3621 sed
1215 3566 1506 3641 apparet,
1557 3558 1814 3641 opinor,
1862 3554 2107 3619 nullam
2151 3556 2357 3619 inesse
2394 3553 2573 3639 judi-

215 3661 377 3724 candi
436 3660 807 3727 facultatem
873 3663 942 3726 in
1005 3682 1112 3739 eo,
1177 3663 1288 3747 qui
1347 3668 1410 3726 et
1472 3662 1627 3727 haec
1691 3668 1757 3728 et
1798 3660 1916 3726 illa
1961 3681 2110 3727 vera
2156 3681 2290 3725 esse
2336 3660 2572 3725 credat.

213 3762 328 3829 Nec
387 3767 596 3833 multo
655 3770 902 3833 saniora
963 3774 1145 3845 sunt,
1211 3788 1371 3853 quae
1433 3768 1773 3833 traduntur
1836 3767 1915 3832 de
1976 3764 2333 3832 Aristobuli
2379 3766 2575 3831 fratre

215 3868 552 3937 Alexandro
614 3870 928 3949 Jannae03
976 3876 1210 3958 poterit
1256 3874 1376 3938 boc
1423 3874 1858 3957 unusquisque
1904 3891 2018 3955 pro
2062 3892 2129 3936 se
2174 3874 2313 3956 ipso
2358 3873 2575 3936 existi-

215 3996 392 4043 mare.
465 3979 796 4063 Nusquam
863 3984 1076 4045 autem
1141 3982 1394 4065 turpius
1457 3979 1860 4045 mendacium
1923 3984 2052 4054 est,
2105 3998 2297 4062 quam
2346 3976 2571 4063 Autiq.

217 4080 310 4145 19.
373 4083 434 4149 7.
497 4087 572 4169 3,
629 4085 740 4149 ubi
789 4086 1138 4170 praefertur
1183 4089 1469 4172 Agrippa
1517 4106 1630 4151 rex
1676 4106 1795 4151 avo
1842 4104 1959 4149 suo
2004 4083 2245 4150 Herodi
2290 4083 2568 4172 Magno:

213 4184 426 4253 licebat
469 4190 588 4255 hoc
631 4210 834 4275 neque
880 4210 1068 4277 aegre
1115 4190 1350 4266 feram,
1401 4190 1510 4255 sed
1547 4193 1757 4256 nescio
1797 4210 1923 4274 quo
1960 4192 2215 4255 nomine
2255 4188 2571 4274 appellem

217 4296 314 4375 qui
351 4316 572 4383 negare
607 4296 800 4362 audet
836 4296 1158 4361 Herodem
1205 4296 1808 4383 Hierosolymitanis
1842 4294 2157 4381 templum
2188 4295 2573 4361 exstruxisse

218 4404 522 4487 totamque
604 4403 822 4469 urbem
913 4402 1566 4490 magnificentissimis
1637 4400 1939 4469 aedificiis
2024 4402 2569 4468 condecoravisse:
