3150 5000
440 316 445 327 ¹
560 227 695 294 388
944 275 953 284 ·
1537 247 1972 299 Aurnonoeu.

556 437 675 500 est.
713 430 1227 517 Superscriptum
1279 431 1923 517 interpretamentum
1971 430 2138 512 ἔχεις
2187 449 2300 548 pro
2344 428 2461 508 μὲν
2505 427 2630 510 οὐχ
2647 477 2666 512 ,
2707 431 2779 492 ut
2817 423 2924 510 fit,

553 542 620 604 in
666 541 921 604 textum
968 539 1293 624 irrepsisse
1334 537 1613 605 videtur.

872 859 1051 944 Ἀΐδῃ
1098 858 1161 934 ὃς
1207 860 1439 936 ταύτης
1488 859 1896 939 καλαμώδεος
1943 857 2122 926 ὕδατι
2170 859 2393 938 λίμνης

959 970 1250 1041 κωπεύεις
1300 968 1519 1034 νεκύων
1566 967 1792 1048 βᾶριν,
1839 968 2082 1054 ἐλεῶν
2128 966 2455 1044 ὀδύνης,

865 1077 950 1156 τῷ
998 1076 1245 1153 Κινύρου
1292 1077 1402 1149 την
1448 1082 1638 1155 χεῖρα
1685 1073 2012 1154 βατηρίδος
2062 1073 2554 1150 ἐκβαίνοντι

464 1255 468 1268 ‚
956 1187 1263 1258 κλίμακος
1312 1180 1625 1257 ἐκτείνας,
1677 1180 1844 1260 δέξο,
1895 1182 2138 1246 κελαινὲ
2188 1180 2422 1262 Χάρων.

549 1293 779 1354 Ἐλεῶν
822 1287 1263 1353 infelicissima
1287 1295 1383 1353 est
1407 1286 1905 1353 correctiuncula
1942 1308 2056 1372 pro
2102 1287 2286 1364 ἑλών,
2329 1287 2497 1372 quod
2531 1289 2774 1372 optime
2806 1287 2933 1350 iam

544 1392 765 1462 Iacobs
822 1393 1157 1460 refinxerat
1216 1397 1281 1458 in
1347 1394 1495 1459 ἐλῶν
1514 1441 1531 1471 ,
1579 1397 1624 1460 i.
1673 1415 1726 1461 e.
1793 1395 2084 1459 ἐλαύνων.
2156 1393 2297 1470 Quo
2344 1394 2624 1459 admisso
2673 1392 2936 1480 Dilthey

545 1502 713 1567 vidit
782 1502 902 1565 sub
971 1499 1177 1572 ὀδύνης
1246 1499 1447 1566 latere
1516 1500 1787 1586 cymbae
1857 1501 2213 1585 epitheton,
2287 1500 2455 1584 quod
2527 1501 2734 1576 οἶδινής
2807 1520 2936 1565 esse

547 1609 835 1673 coniecit.
882 1606 1197 1692 Equidem
1244 1593 1339 1672 ita
1383 1604 1692 1672 Charonis
1741 1606 2043 1692 cymbam
2089 1609 2244 1672 satis
2279 1605 2445 1672 clare
2482 1605 2612 1672 dici
2651 1608 2936 1692 potuisse

546 1733 669 1777 non
708 1711 893 1778 facile
934 1712 1184 1778 credam
1226 1718 1290 1777 et
1326 1711 1738 1797 praetulerim
1762 1721 2021 1790 κυανῆν,
2037 1713 2486 1799 ferrugineam,
2517 1717 2630 1777 aut
2653 1711 2936 1791 χθονίην,

544 1824 622 1884 ut
667 1824 763 1885 est
809 1819 977 1904 apud
1026 1820 1448 1884 Anrms'rmm
1493 1817 1627 1882 VII
1674 1817 1826 1897 464,
1883 1821 1944 1885 1.

804 1921 895 1987 “H
946 1947 1060 1988 που
1111 1924 1179 1988 σὲ
1225 1923 1606 2008 χθονίοις,
1655 1923 2066 2005 ’Aper-nack,
2119 1923 2187 2000 ἐξ
2233 1922 2575 1989 ἑκάτοιο

818 2027 1105 2098 Κωκυτοῦ
1156 2030 1413 2106 θεμέναν
1460 2027 1632 2110 ίχνος
1679 2030 1778 2096 ἐπ’
1827 2029 2001 2097 οἷϊόνι.

543 2137 841 2205 Ceterum
907 2158 1030 2203 non
1094 2145 1333 2202 temere
1353 2185 1370 2219 ,
1435 2142 1508 2201 ut
1554 2136 1888 2203 Duebnero
1935 2139 2186 2216 visum,
2236 2137 2372 2203 loco
2418 2144 2634 2204 nostro
2681 2137 2934 2204 Salma-

542 2248 675 2312 sius
737 2253 804 2310 et
864 2244 1196 2310 Heckerus
1257 2262 1371 2327 pro
1435 2242 1780 2318 ἐκβαίνοντι
1841 2245 2242 2329 requirebant
2313 2244 2708 2323 ἐκβαίνοντι,
2787 2267 2932 2312 nam

541 2371 685 2416 cum
740 2370 1005 2435 sequens
1056 2346 1188 2421 δέξο
1236 2369 1309 2413 eo
1358 2347 1602 2430 tendit,
1651 2354 1794 2412 tum
1845 2349 2148 2425 κλίμακος
2197 2348 2507 2425 ἐκβαίνειν
2533 2348 2784 2416 Graece
2809 2351 2932 2417 dici

539 2478 663 2524 non
729 2477 909 2544 posse
956 2452 1351 2521 crediderim.
1403 2451 1525 2519 Sed
1573 2453 1782 2521 lenius
1831 2457 2027 2521 etiam
2077 2457 2337 2523 rescribi
2383 2461 2596 2541 potest
2645 2457 2931 2535 ΘΙΕβαί-

539 2562 970 2649 vovr1,quod
1037 2560 1277 2626 unciali
1344 2562 1658 2646 scriptura
1728 2562 1807 2626 ab
1877 2563 2253 2639 ΕΚβαίνοντι
2322 2562 2432 2629 vix
2495 2562 2730 2686 differt.
2796 2566 2928 2644 Quo

536 2676 822 2757 recepto,
872 2672 1069 2757 iunge
1112 2666 1415 2745 κλίμακος
1465 2666 1765 2740 ἐκτείνας.

626 2874 743 2961 Ep.
794 2872 949 2960 366,
1000 2873 1043 2938 4

1033 2960 1186 3053 robe·
1222 2978 1471 3046 πάντων
1516 2981 1840 3061 κρέσσονας
1888 2981 2380 3065 ἄθλοφόρων.

536 3088 699 3169 Quia
745 3087 1175 3154 Menestratus
1223 3092 1286 3151 et
1332 3085 1682 3174 Menander
1702 3135 1718 3166 ,
1770 3088 1847 3153 de
1893 3089 2124 3173 quibus
2168 3090 2274 3153 hic
2319 3109 2520 3155 sermo
2561 3087 2637 3154 fit
2656 3138 2674 3169 ‚
2711 3109 2926 3157 revera

532 3197 784 3259 fuerant
845 3192 1156 3269 athletae,
1216 3194 1430 3258 nescio
1502 3214 1579 3258 an
1649 3200 1970 3279 receptam
2033 3196 2384 3279 oportuerit
2427 3199 2922 3282 superscriptam

530 3301 599 3373 in
643 3300 858 3367 codice
905 3300 1361 3364 correctionem
1408 3300 1451 3363 α
1469 3300 1497 3363 θ
1517 3313 1555 3363 λ
1576 3322 1604 3362 ο
1620 3305 1675 3382 φ
1693 3298 1724 3362 ό
1741 3322 1771 3379 ρ
1789 3322 1816 3364 ο
1835 3322 1869 3363 υ
1883 3323 1938 3370 ς.

713 3607 945 3688 Βάκχῳ
994 3606 1097 3671 καὶ
1146 3608 1429 3689 Μούσῃσι
1475 3607 1814 3687 μεμηλότα
1841 3662 1854 3684 ,
1907 3610 2012 3673 τὸν
2061 3613 2413 3684 Διοπείθους

712 3714 1082 3793 Κεκροπίδην
1130 3715 1234 3779 ὑπ’
1283 3715 1453 3797 ἐμοί,
1503 3714 1697 3801 ξεῖνε,
1747 3714 2090 3797 Μένανδρον
2137 3714 2300 3797 ἔχω,

714 3822 788 3886 ἐν
834 3822 1017 3902 πυρὶ
1069 3823 1178 3894 τὴν
1227 3822 1444 3900 ὀλίγην
1494 3813 1570 3895 ὃς
1622 3819 1800 3904 ἔχει
1851 3823 2043 3888 κόνιν·
2093 3825 2143 3888 εἰ
2193 3824 2256 3889 δὲ
2304 3823 2768 3906 Μένανδρον

712 3927 952 4011 δίζηαι,
999 3928 1159 4002 δήεις
1210 3930 1271 3993 ἐν
1321 3929 1463 3999 Διὸς
1516 3928 1549 4001 ἢ
1598 3929 1914 4009 μακάρων.

531 4032 751 4099 Nimia
799 4032 957 4098 olim
1005 4032 1316 4099 moliebar
1361 4032 1496 4098 Mn.
1544 4032 1678 4118 11³,
1729 4034 1887 4102 323.
1940 4034 2272 4122 corrigere
2320 4035 2593 4104 sufficit:

758 4139 982 4219 εἴπερ
1026 4141 1139 4214 τήν
1185 4142 1403 4218 ὀλίγην
1450 4136 1527 4205 ὃν
1572 4139 1736 4222 ἔχω
1785 4140 1979 4225 κόνιν,
2027 4141 2077 4207 εἶ
2125 4140 2191 4205 δέ
2235 4165 2370 4219 μιν
2414 4143 2661 4209 αὐτὸν

756 4243 995 4326 δίζηαι,
1038 4245 1199 4319 δήεις
1248 4246 1375 4310 κτὲ.

530 4343 697 4415 Nam
744 4354 812 4415 in
858 4351 1093 4435 protasi
1126 4350 1469 4418 commode
1517 4373 1593 4417 ex
1643 4352 1902 4438 apodosi
1950 4354 2245 4441 suppleas
2291 4352 2508 4436 δίζηαι.
