3150 5000
487 205 619 280 376
1463 227 1874 278 mflonoeu

758 498 928 575 οὗτος
984 501 1294 589 (gladius)
1343 500 1474 579 ἐμοὶ
1526 501 1794 568 ποθέοντι
1841 500 2230 580 συνέμπορος,
2279 500 2414 568 οὔδε
2460 499 2799 583 κατόπτρου

746 609 1033 688 zeacum,
1080 611 1141 673 ἐν
1191 609 1243 674 δ’
1285 610 1457 691 αὐτῷ
1499 609 1786 690 δέρκομαι
1834 608 2021 674 αὑτὸν
2061 609 2183 687 ἐγώ

748 715 881 781 καὶ
932 716 1119 786 καλὸς
1168 717 1243 788 ὥς
1295 717 1355 780 ἓν
1404 713 1596 798 ἔρωτι.
1646 717 1775 781 κτέ.

482 820 677 888 Haud
738 825 892 888 satis
953 824 1262 907 perspicio
1322 842 1447 908 quo
1508 829 1692 907 pacto
1758 822 1950 888 verba
1996 821 2102 888 καὶ
2144 859 2228 871 -
2270 819 2440 902 ἔρωτι
2489 843 2637 888 cum
2681 842 2856 908 prae-

484 930 718 1016 gressis
766 928 1155 993 cohaereant.
1207 927 1347 992 Alii
1394 929 1585 1002 καλὸς
1634 928 1714 994 ad
1760 927 2051 1014 gladium
2073 977 2092 1012 ,
2140 926 2250 993 alii
2298 927 2472 995 haud
2513 927 2706 994 dubie
2727 949 2856 996 rec·

485 1037 615 1100 tius
663 1032 741 1098 ad
788 1032 1157 1119 loquentem
1207 1034 1508 1099 referunt.

575 1137 952 1224 Scripserim
994 1139 1328 1225 equidem:

1484 1230 1543 1294 ἕν
1592 1231 1643 1296 δ’
1670 1231 1837 1312 αὐτῷ
1885 1228 2170 1310 δέρκομαι
2216 1229 2400 1296 αὑτὸν
2449 1229 2596 1314 ἐγώ,

894 1337 953 1401 εἰ
1005 1334 1217 1420 καλός,
1264 1339 1342 1408 ὣς
1391 1336 1450 1400 ἐν
1501 1335 1692 1416 ἔρωτι.

485 1443 530 1506 i.
581 1462 633 1507 e.
700 1463 806 1506 nec
866 1444 1097 1526 speculo
1144 1443 1379 1522 indiqeo
1400 1491 1418 1526 ,
1466 1447 1567 1508 sed
1612 1450 1681 1507 in
1727 1465 1790 1508 eo
1837 1464 1924 1508 me
1970 1444 2161 1526 ι’]ιειιιιι
2211 1445 2566 1531 contemplor
2611 1467 2692 1508 an
2724 1445 2870 1528 pul-

486 1549 621 1612 cher
666 1549 798 1627 sim,
846 1556 915 1613 ut
954 1553 1031 1629 fit
1079 1549 1145 1612 in
1191 1571 1405 1615 amore.
1456 1551 1763 1614 Amantes
1811 1548 1889 1614 de
1937 1549 2144 1634 specie
2191 1570 2308 1615 sna
2353 1571 2433 1616 ne
2479 1553 2713 1616 amatis
2740 1550 2870 1615 dis-

486 1653 720 1739 pliceat
768 1653 1062 1732 solliciti,
1105 1655 1437 1739 speculum
1478 1657 1868 1742 interrogare
1905 1655 2198 1720 assolent.
2249 1653 2552 1723 Ceterum
2579 1655 2870 1736 δέρκομαι

487 1759 696 1844 αὐτόν,
759 1782 871 1845 pro
938 1780 1063 1844 quo
1118 1759 1529 1826 Hermannus
1577 1761 1860 1845 reposuit
1905 1760 2143 1841 δέρκομ’
2191 1761 2483 1838 ἐμαυτόν,
2534 1765 2744 1828 nescio
2791 1783 2876 1828 an

487 1868 556 1931 in
617 1866 972 1954 Byzantino
1032 1874 1219 1952 poeta
1266 1867 1657 1933 MAcnnomo
1705 1867 2043 1934 offensione
2091 1875 2323 1934 careat.
2377 1867 2696 1935 Similiter
2743 1868 2874 1956 By-

488 1976 726 2040 zantini
775 1977 1083 2039 sermonis
1145 1979 1241 2039 est
1290 1974 1456 2059 quod
1504 1977 1790 2059 sequitur
1839 1976 1915 2039 σὺ
1962 1973 2014 2040 δ’
2063 1975 2133 2052 ἣν
2179 1974 2312 2039 ἀπ’
2356 1976 2526 2052 ἐμεῖο
2573 1974 2875 2051 Adonai

382 2108 397 2122 ·
489 2100 604 2165 pro
652 2079 751 2145 ἐπ’
799 2117 880 2128 -
924 2079 1175 2164 adanon,
1224 2086 1299 2145 nt
1346 2081 1569 2147 dicunt
1616 2083 1884 2166 antiqui.

511 2347 521 2360 ι
578 2263 696 2350 Ep.
746 2263 916 2349 249,
966 2262 1007 2329 3

924 2371 1136 2448 ἀγκὰς
1188 2372 1417 2436 ἑλοῦσα
1464 2370 1536 2446 μ’
1589 2367 1757 2450 ἔχεις
1808 2369 2030 2450 παρὰ
2077 2370 2180 2434 σὸν
2227 2368 2434 2450 λέχος.

487 2475 631 2543 Nisi
694 2475 855 2542 forte
918 2476 1366 2561 statuendum,
1435 2477 1602 2564 quod
1665 2497 1854 2542 nemo
1916 2475 2139 2553 faciet,
2203 2476 2590 2565 Byzantinos
2645 2498 2884 2564 susque

488 2582 691 2669 deque
728 2584 1025 2649 habuisse
1072 2606 1291 2650 omnes
1340 2586 1834 2669 praepositiones
1883 2582 2197 2668 Iamno,
2247 2585 2684 2670 referendario,
2737 2586 2882 2651 red-

492 2688 772 2755 dendum
819 2694 916 2754 est
962 2690 1177 2756 κατὰ
1226 2690 1328 2753 σὸν
1376 2688 1590 2770 λέχος.

578 2872 698 2958 Ep.
740 2870 894 2951 255,
938 2872 1022 2937 13

761 2980 976 3045 Ῥεῒά
1026 3004 1142 3052 τις
1195 2979 1471 3059 ἡμερίδος
1518 2978 1950 3068 στελέχηιδύο
1985 2980 2324 3057 σῦμπλοκα
2371 2981 2612 3048 λύσει

761 3087 1039 3165 στρεπτοὶ
1090 3088 1463 3167 πολυχρονίῳ
1513 3087 1846 3165 πλέγμα-τι
1897 3086 2221 3171 συμφυέα,

761 3192 796 3269 ἦ
846 3193 1070 3266 κείνους
1124 3194 1481 3271 Φιλέοντας.

486 3300 775 3365 Pessime
823 3297 1091 3365 Pinnos
1141 3301 1537 3364 silentiarius
1583 3300 1812 3367 habuit
1853 3304 1985 3381 ῥεῖα
2034 3320 2147 3385 pro
2205 3300 2677 3386 comparative,
2729 3324 2886 3369 nam

491 3426 708 3472 vereor
742 3427 821 3471 ne
860 3408 1073 3491 ipsum
1095 3454 1111 3482 ,
1154 3426 1276 3471 non
1318 3406 1644 3491 librarios,
1675 3408 2022 3493 corrigeres
2047 3406 2406 3473 scribendo:
2457 3410 2626 3488 ῥήιο
2647 3432 2678 3471 ν
2729 3410 2890 3487 ἥμε-

487 3512 640 3592 ρίδος
693 3549 774 3561 —-
827 3512 1134 3583 λύσεις.

578 3693 695 3781 Ep.
743 3692 897 3774 273,
953 3697 986 3760 1

760 3806 836 3865 ‘H
886 3800 1074 3881 πάρος
1124 3802 1431 3881 ἀγλαΐῃσι
1477 3803 1830 3884 μετάρσιος,
1883 3804 1918 3877 ἦ
1963 3799 2510 3878 πλοκαμῖδας

760 3908 1035 3986 σειομένη
1082 3909 1456 3981 πλεκτὰς
1498 3908 1606 3974 καὶ
1659 3906 2132 3989 σοβαρευομένη.

486 4016 583 4083 Ex
645 4016 764 4080 hac
826 4014 1163 4081 verborum
1230 4017 1685 4100 compositione
1746 4018 2006 4100 apparet
2061 4034 2293 4079 nomen
2342 4010 2661 4091 πλοκαμίς
2706 4014 2890 4099 apud

484 4121 871 4209 Byzantinos
933 4123 1335 4206 primitivam
1385 4122 1709 4187 notionem
1759 4141 2014 4205 prorsus
2051 4121 2320 4185 exuisse.
2393 4119 2658 4185 Nemini
2702 4122 2888 4185 enim

486 4238 705 4295 auctor
772 4232 897 4293 sim
969 4236 1043 4293 ut
1116 4229 1355 4301 πεκτὰς
1423 4228 1528 4295 vel
1592 4226 1921 4304 πλείστας,
1988 4247 2255 4311 quorum
2319 4232 2620 4291 neutrum
2687 4225 2890 4311 plane

486 4341 709 4421 aptum
759 4342 887 4413 est,
940 4354 1049 4420 pro
1100 4336 1385 4407 πλεκτάς
1435 4336 1806 4400 substituat.
1859 4331 1956 4400 Of.
1996 4332 2163 4397 infra
2201 4332 2278 4398 ad
2323 4331 2436 4415 IX,
2489 4330 2644 4398 177.
