3150 5000
1231 290 1553 341 somus.
2456 268 2589 338 42¹7

307 454 340 517 δ
383 453 546 521 683:
636 454 854 537 εέργων
915 454 1318 533 παύσασθαι,
1388 455 1569 538 σφίσι
1635 452 1692 519 δ’
1748 456 1958 527 αὐτοῖς
2023 454 2213 519 δαῖτα
2274 453 2586 521 πένεσθαι.

727 561 894 631 Cum
944 556 1150 637 adroic
1199 584 1312 650 pro
1361 562 1602 629 αὐτοῖσι
1648 560 1869 649 procul
1914 562 2109 629 dubio
2152 581 2281 629 non
2326 563 2413 628 sit
2457 560 2593 629 Ho-

726 674 1038 737 mericum
1054 718 1072 750 ‚
1116 670 1562 759 corrigendum
1603 690 1737 737 esse
1770 669 2029 737 videtur
2050 669 2289 736 αὐτοῖσι
2314 668 2377 735 δὲ
2400 667 2593 735 δαῖτα

730 777 1036 844 πένεσθαι.

303 880 344 963 ζ
387 881 546 949 155:
637 880 824 961 μάλα
880 884 998 950 πού
1047 890 1226 967 σφισι
1274 882 1458 962 θυμὸς
1507 885 1576 949 in
1624 903 1845 951 versus
1891 880 2037 952 fine.
2084 880 2359 971 (Ecquid
2404 880 2594 963 μάλα

729 992 880 1073 σφίν
929 992 1061 1057 ποθι
1079 989 1155 1077 Y).

65 1152 152 1254 ese
171 1165 261 1243 ⁴⁴:
275 1219 282 1223 -
295 1092 608 1270 3333?
634 1098 869 1277 {23⁹¹}-
897 1097 1264 1285 ‘'2115“'22‘
1311 1096 1592 1270 5:222}
1656 1092 2593 1286 2532„2?‘25533?332232²

725 1311 852 1379 Hic
914 1334 1135 1379 versus
1198 1310 1420 1378 eodem
1485 1313 1646 1377 vitio
1707 1310 1953 1378 laborat
2010 1331 2135 1399 quo
2178 1310 2357 1377 locus
2402 1311 2594 1379 modo

727 1425 1268 1485 commemoratus
1313 1419 1347 1484 δ
1393 1416 1547 1483 683.

299 1523 521 1612 Itaque
565 1528 842 1611 suspecti
889 1530 1036 1591 sunt
1088 1546 1310 1592 versus
1355 1530 1496 1591 octo
1518 1571 1536 1603 ‚
1586 1528 1653 1590 et
1694 1524 1762 1589 in
1808 1523 1913 1590 his
1958 1528 2089 1591 tres
2126 1523 2464 1591 manifesto
2500 1524 2594 1590 vi-

217 1630 353 1696 tiosi
399 1637 572 1697 sunt.

297 1736 567 1803 Summa
613 1758 1051 1804 summarum:

213 1838 278 1905 ln
325 1846 551 1909 tertiae
600 1863 896 1930 personae
945 1844 1161 1909 dativo
1209 1844 1463 1909 numeri
1509 1840 1779 1929 pluralis
1824 1842 2067 1931 legitur

297 1952 501 2033 σφω)
548 1948 708 2016 locis
753 1951 832 2017 ad
881 1953 1229 2016 min-imum
1280 1948 1436 2027 1653

295 2058 562 2141 σφω-ιω
607 2062 754 2123 ante
801 2058 1108 2123 diaeresin
1157 2056 1512 2123 bucolicum
1560 2054 1719 2121 locis
1760 2055 1880 2135 41,
1928 2055 2129 2123 semel
2166 2056 2325 2143 pede
2348 2056 2592 2143 primo;

295 2164 564 2250 σφισι(ν)
626 2162 753 2230 alia
813 2184 1033 2229 versus
1078 2163 1224 2229 sede
1270 2163 1428 2230 locis
1474 2168 1614 2227 octo
1634 2211 1654 2247 ,
1701 2162 1811 2228 'sed
1857 2182 2171 2250 nusquam
2218 2168 2295 2230 ut
2338 2162 2596 2231 videtur

211 2270 339 2335 sine
381 2270 566 2337 vitio.

298 2483 436 2552 Iam
501 2483 835 2551 redeamus
881 2482 960 2570 ad
1007 2482 1311 2550 tredecim
1359 2505 1581 2552 versus
1627 2484 1859 2570 quibus
1906 2485 2054 2561 ἡμῖν
2070 2531 2086 2562 ,
2137 2485 2202 2550 et
2249 2481 2406 2548 duos
2450 2481 2593 2568 qui·

214 2593 325 2657 bus
390 2593 536 2668 ὑμῖν
582 2591 858 2679 legitur,
923 2610 1113 2675 supra
1158 2611 1302 2679 pag.
1357 2589 1490 2656 424
1529 2613 1622 2677 sq.
1670 2595 2216 2658 commemoratos.
2284 2588 2594 2656 Videmus

211 2699 350 2764 illas
411 2699 652 2765 formas
700 2696 1066 2782 spondaicas
1114 2703 1440 2762 occurrere
1485 2697 1645 2782 pede
1690 2699 1899 2784 primo
1948 2701 2059 2762 aut
2104 2701 2357 2780 quart03
2404 2715 2593 2760 accu-

211 2807 408 2870 ratius
453 2805 626 2871 locos
663 2802 1142 2888 inspicientibus
1181 2809 1502 2889 praeterea
1545 2809 1841 2889 apparet,
1880 2809 2237 2868 constanter
2272 2799 2591 2888 syllabam

211 2935 287 2974 -ιν
350 2914 418 2976 in
485 2909 638 2974 thesi
701 2929 836 2974 esse
895 2907 1267 2974 collocatam
1290 2954 1328 3004 ⁹.
1368 2909 1519 2975 licet
1579 2908 1867 2995 syllabae
1918 2909 2141 2974 breves
2184 2927 2309 2972 non
2353 2908 2480 2971 nisi
2522 2908 2593 2971 in

211 3019 336 3080 arsi
398 3019 477 3083 ab
537 3015 817 3081 Homero
877 3014 1138 3099 produci
1201 3012 1459 3081 soleant.
1534 3014 1929 3100 Quapropter
1988 3034 2113 3081 non
2166 3033 2420 3100 possum
2467 3032 2593 3079 non

213 3125 552 3210 suspicari,
613 3121 769 3188 olim
827 3122 1187 3207 quindecim
1251 3122 1425 3187 hisce
1484 3120 1639 3188 locis
1697 3121 1895 3187 lectas
1954 3120 2150 3187 fuisse
2206 3119 2433 3186 formas
2479 3121 2593 3185 tri-

214 3229 525 3316 syllabus,
575 3249 734 3314 quae
783 3227 1113 3314 dactylum
1153 3225 1494 3306 efficerent,
1538 3226 1819 3306 ἅμμῖσϊν
1843 3233 1908 3294 et
1933 3227 2225 3306 ὔμμῖσῖν.
2274 3223 2418 3292 Scio
2450 3246 2599 3313 pro-

211 3335 406 3420 fecto,
471 3355 662 3422 quam
721 3333 1146 3420 periculosum
1193 3335 1277 3398 sit
1324 3354 1520 3401 novas
1566 3335 1807 3400 formas
1851 3336 2285 3412 comminisci,
2334 3332 2403 3398 in
2448 3331 2593 3398 tali-

213 3441 328 3506 bus
389 3443 562 3507 enim
621 3441 801 3506 decet
846 3459 1194 3506 memorem
1243 3460 1376 3506 esse
1423 3440 1581 3506 dicti
1626 3440 1983 3508 Pindarici:
2037 3439 2222 3523 νεαρὰ
2271 3437 2590 3520 ἐξευρόντα

215 3541 389 3623 δόμεν
448 3545 709 3628 βασάνῳ
771 3547 831 3618 ἐς
897 3545 1168 3628 ἔλεγχον
1197 3598 1210 3620 ,
1276 3543 1450 3618 ἅπας
1516 3546 1799 3620 κίνδυνος.
1877 3549 2103 3634 Itaque
2166 3548 2590 3632 suspicionem

213 3675 457 3738 meam,
521 3654 598 3718 ad
661 3675 854 3740 quam
914 3659 1118 3720 metro
1180 3653 1340 3720 duce
1405 3657 1695 3739 perveni,
1762 3654 2016 3720 silentio
2077 3672 2430 3739 premerem
2452 3697 2469 3730 ‚
2532 3653 2588 3718 si

211 3759 442 3826 formas
501 3759 647 3826 illas
705 3759 974 3837 ἄμμισιν
1037 3767 1101 3826 et
1163 3758 1423 3839 ὄμμασιν
1485 3781 1610 3826 non
1672 3762 1797 3827 nisi
1842 3762 2272 3847 argumentis,
2322 3780 2399 3825 ex
2448 3779 2587 3825 ana-

211 3863 382 3953 logia
443 3869 696 3952 petitis,
761 3867 1090 3933 defendere
1156 3888 1424 3955 possem.
1500 3866 1625 3934 Sed
1683 3888 1807 3933 non
1871 3887 2071 3954 usque
2116 3867 2270 3932 adeo
2316 3866 2588 3932 testibus

213 3973 497 4039 destituti
542 3995 798 4051 sumus,
848 3995 997 4038 nam
1045 3972 1420 4061 Apollonius
1464 3974 1542 4040 de
1588 3995 1765 4060 pron.
1806 3972 1937 4039 383
1962 3998 1993 4038 c
2024 3974 2241 4040 Alcaei
2277 3973 2397 4038 hoc
2422 3972 2590 4061 frag-

213 4087 499 4146 mentum
563 4081 773 4146 affert:
836 4079 1114 4158 ἄμμεσιν
1181 4081 1470 4160 πεδάορον
1515 4080 1774 4169 (fragm.
1828 4079 1957 4146 100
2004 4081 2291 4168 Bergk).
2360 4079 2589 4166 Itaque

215 4184 277 4247 in
322 4187 576 4254 Aeolica
623 4187 929 4269 dialecto,
977 4209 1138 4273 quae
1183 4209 1374 4273 quam
1414 4187 1625 4254 multa
1662 4209 1811 4253 cum
1849 4187 2193 4254 Homerica
2216 4189 2590 4254 communia

216 4287 438 4358 babeat
484 4296 552 4358 in
599 4293 734 4360 dies
779 4293 1012 4360 melius
1057 4296 1472 4386 perspicitur,
1521 4294 1793 4361 formam
1832 4291 2108 4373 ἄμμεσιν
2136 4293 2267 4380 (vel
2288 4291 2585 4379 ἄμμισιν)

217 4400 492 4466 extitisse
511 4448 528 4478 ‚
591 4401 826 4467 diserto
887 4403 1256 4468 testimonio
1296 4407 1578 4468 constat:
1629 4401 1853 4488 quidni
1898 4401 2179 4469 Homero
2225 4420 2475 4486 quoque
2519 4401 2588 4466 in

2226 4521 2293 4572 28
