3150 5000
514 210 603 277 24
1434 229 1682 277 Pomm
1728 226 1976 277 omnm.

607 396 927 463 Dicuntur
986 396 1141 461 haec
1204 396 1419 462 Morti.
1490 394 1617 461 Sed
1678 395 1830 481 quid
1879 396 1964 461 sit
2009 393 2295 472 σώματος
2341 392 2518 468 baxeis
2565 414 2670 460 me
2715 393 2890 461 latet.

516 503 871 570 Lenissime
918 504 1197 590 corrigas
1241 501 1513 582 ὄγκον,
1562 503 1674 568 sed
1719 502 1982 567 fortasse
2027 506 2305 587 praestat
2351 502 2450 567 ἀλ
2469 501 2629 577 κήν.

602 718 698 782 De
746 718 1066 801 lapidibus.
1117 714 1255 783 Hoc
1302 737 1556 782 carmen
1603 737 1751 782 cum
1799 720 2253 783 commentario
2293 720 2514 783 critico
2553 718 2894 803 separatim

510 824 711 891 edidit
756 823 919 889 Abel
964 822 1241 889 Berolini
1290 844 1346 889 a.
1394 821 1590 887 1881.
1655 822 1817 889 Utar
1863 830 2129 909 utraque
2175 824 2472 890 editione.

600 930 673 997 V.
724 928 806 994 61

781 1036 960 1103 Ἀλλ’
1006 1038 1071 1101 οὐ
1120 1034 1354 1119 πάγχυ
1400 1037 1672 1117 βροτοῖσι
1719 1035 2135 1119 σαοφροσύνης
2184 1035 2500 1118 ἀλεγίζειν

780 1142 1015 1225 ἵμερος,
1068 1140 1236 1225 αἶψα
1286 1144 1347 1208 δὲ
1395 1144 1762 1224 πρέσβαν
1809 1143 2326 1223 δαημοσύνην
2371 1144 2645 1212 oia-louet·

599 1251 779 1317 Haec
829 1257 924 1316 est
972 1251 1313 1336 depravata
1359 1251 1649 1317 codicum
1697 1250 1888 1317 lectio
1906 1298 1922 1330 ,
1971 1272 2166 1336 quam
2189 1250 2454 1317 Abelius
2491 1251 2718 1317 audaci
2751 1270 2894 1317 con·-

507 1361 751 1424 iectura
795 1360 864 1421 in
910 1363 1176 1442 utraque
1225 1360 1579 1423 recensione
1626 1359 1717 1423 sic
1761 1356 2047 1423 refinxit:

942 1459 1112 1541 αἶψα
1158 1462 1259 1537 δέ,
1311 1462 1671 1543 πρέσβα,
1723 1462 1783 1526 σ’
1836 1462 2432 1544 ἀλιτροσύναις
2478 1463 2752 1529 oia-lover·

600 1569 654 1635 E
716 1570 1125 1655 sequentibus
1187 1573 1403 1634 autem
1468 1572 1623 1635 satis
1685 1574 1944 1656 apparet
2004 1590 2129 1635 non
2191 1570 2351 1636 hanc
2414 1575 2636 1656 poetae
2695 1569 2895 1636 fuisse

511 1682 792 1742 mentem
812 1724 828 1755 ,
889 1681 964 1741 ut
1024 1678 1373 1762 sapientiae
1434 1678 1726 1763 magicae
1773 1677 1952 1761 (haec
1999 1680 2171 1743 enim
2219 1679 2279 1743 ei
2325 1682 2419 1743 est
2468 1676 2888 1757 σαοφροσύνη,

511 1784 696 1864 σοφίη
736 1788 801 1848 et
842 1782 1057 1867 αἱρετή)
1096 1782 1199 1867 (cf.
1230 1781 1315 1847 69
1341 1789 1405 1848 et
1429 1780 1543 1867 81)
1591 1789 2028 1869 contemptum
2063 1784 2313 1873 *tribuat
2339 1786 2704 1867 improbitati
2727 1786 2896 1869 (ἆλμ

510 1888 811 1974 τροσύνη),
852 1888 963 1953 sed
1001 1889 1277 1953 inscitiae
1316 1888 1788 1975 (αδαημοσύνη).
1827 1873 2081 1955 Vivunt
2119 1892 2324 1964 enim,
2356 1896 2429 1954 ut
2454 1895 2550 1956 est
2573 1912 2634 1956 v.
2663 1888 2749 1956 75
2773 1911 2894 1977 sq„

510 1998 798 2063 homines
863 1996 1049 2061 ἴκελοι
1100 1998 1403 2079 θήρεσσιν,
1470 1996 1786 2076 ἀίδριες
1836 1998 1924 2071 ἠδ’
1972 1997 2288 2062 οὶδΙδακτ-οι
2336 1998 2528 2079 χήτεϊ
2571 1998 2896 2075 δαιμονίοιο

513 2106 815 2181 νοήματος
846 2140 925 2151 -
956 2102 1083 2168 οὔτι
1131 2127 1189 2167 τι
1239 2103 1518 2167 θέσκελον
1567 2102 1775 2182 ἔργον,
1826 2101 1862 2167 ὅ
1896 2128 1994 2167 κεν
2035 2102 2222 2179 μάλα
2247 2104 2656 2185 θαυμάζοιτο,
2683 2104 2891 2168 ἴσασ’·

510 2209 688 2275 ἄλλα
748 2218 900 2289 σφιν
961 2208 1191 2289 νεφέλη
1253 2208 1628 2288 πραπίδεσσι
1686 2212 1936 2284 κελαινῆ
1985 2212 2655 2294 αμφιπεριπλεχθεῖσα
2701 2210 2896 2289 βαδι-

511 2316 695 2398 ζέμεν
742 2314 1118 2392 ἀνθεμόεντα
1167 2318 1251 2387 εἷς
1298 2318 1517 2395 ἀρετ-ἥς
1567 2317 1841 2394 λειμῶνα
1889 2316 2378 2398 πολυστεφοὶνοιο
2427 2315 2736 2395 μεγαίρει.
2792 2314 2893 2383 Of.

511 2423 707 2487 etiam
754 2444 817 2487 v.
868 2420 956 2485 84
1003 2442 1133 2507 sqq.
1208 2420 1423 2510 Longe
1476 2422 1681 2509 igitur
1727 2425 1940 2509 aptius
1987 2427 2051 2488 et
2097 2425 2357 2509 propius
2404 2443 2442 2488 a
2488 2422 2724 2487 tradita
2767 2420 2898 2487 lec-

512 2532 683 2595 tione
729 2547 1137 2614 reponemus:

690 2631 927 2715 ἵμερος,
978 2631 1149 2716 αἶψα
1196 2636 1295 2721 δέ,
1344 2635 1647 2717 πρέσβ’,
1697 2635 2234 2719 ὥδαημοσύνη
2275 2636 2335 2700 σ’
2385 2635 2676 2702 cir-lovem.

510 2743 638 2806 nisi
684 2742 843 2808 forte
894 2745 1036 2827 quis
1082 2743 1487 2828 praetulerit:

693 2846 926 2931 ἵμερος,
980 2846 1145 2930 αἶψα
1197 2849 1295 2925 δέ,
1347 2851 1672 2931 πρέσβα
1720 2850 2226 2935 δαημοσύνη,
2273 2852 2330 2915 σ’
2377 2851 2648 2917 ἄτίουσιν

513 2955 681 3041 quod
728 2958 857 3021 iam
908 2955 1064 3022 olim
1113 2977 1151 3022 a
1194 2956 1476 3024 Iacobsio
1524 2961 1921 3044 propositum
1969 2978 2102 3024 esse
2147 2957 2605 3024 animadverto.

604 3167 679 3233 V.
708 3165 793 3233 89
820 3189 912 3253 sq.
954 3168 1155 3256 Fugit
1192 3168 1491 3236 Abelium
1534 3171 1601 3234 in
1641 3169 1917 3236 editione
1958 3190 2010 3235 a.
2045 3167 2220 3234 1885
2256 3172 2591 3238 verissima
2611 3171 2895 3239 Nauckii

511 3273 875 3362 (Melanges
920 3272 1035 3340 Gr.
1088 3273 1190 3360 Β..)
1253 3275 1609 3341 observatio
1671 3297 1734 3342 v.
1784 3275 1869 3340 90
1918 3282 2063 3341 ante
2109 3297 2170 3341 v.
2220 3273 2307 3340 89
2355 3279 2892 3364 transponendum

512 3402 662 3448 esse.
737 3380 915 3446 Idem
979 3379 1290 3446 librorum
1349 3379 1688 3446 lectionem
1753 3382 1854 3464 ἐφ’
1905 3378 2140 3462 ἅρματι
2201 3386 2525 3450 revocavit
2568 3405 2681 3469 pro
2727 3383 2894 3450 Her-

510 3490 732 3554 manni
792 3489 1152 3553 coniectura
1210 3493 1460 3572 recepta
1505 3488 1585 3553 ab
1632 3487 1859 3555 Abelio
1906 3487 2175 3573 aliisque
2222 3489 2332 3554 σὺν
2379 3486 2638 3570 ἅρματι.
2709 3488 2894 3570 Quod

508 3616 665 3660 num
728 3599 895 3659 recte
956 3593 1173 3660 fecerit
1234 3594 1337 3659 vir
1381 3594 1654 3659 eximius
1702 3593 1944 3660 dubito.
2012 3594 2156 3660 Nisi
2203 3597 2374 3660 enim
2422 3595 2594 3662 hunc
2639 3597 2893 3662 hiatum

509 3707 649 3787 post
700 3720 1022 3766 caesuram
1069 3698 1239 3766 κατὰ
1285 3701 1481 3780 τρίτον
1529 3707 1816 3781 τροχαῖον
1862 3701 2129 3768 vitasset
2165 3701 2270 3766 hic
2308 3707 2528 3787 poeta,
2565 3705 2675 3770 vix
2699 3703 2894 3789 scrip-

510 3811 726 3888 sisset,
778 3809 1031 3894 opinor,
1081 3828 1139 3873 v.
1197 3805 1324 3872 129
1374 3827 1498 3892 sq.:

736 3915 871 3994 πρίν
920 3937 1031 3994 περ
1078 3913 1708 3988 αναστησαντος
1756 3913 1880 3977 οξπὸ
1928 3915 2144 3996 χθονὸς
2183 3913 2428 3995 αὐχένα
2479 3913 2662 3979 δεινὸν

736 4017 1112 4102 ἐφρασάμην
1161 4019 1267 4095 ἤδη
1317 4043 1385 4084 τε
1436 4017 1634 4097 δέμας
1681 4026 1995 4098 μεμαῶτα
2045 4020 2370 4104 λαφύξαι,

509 4127 619 4192 sed
683 4126 960 4192 dedisset
1020 4127 1653 4202 ἀναστήσαντα,
1723 4133 1796 4191 ut
1857 4129 2144 4211 sequitur
2201 4131 2627 4204 μεμαῶτα.
2698 4126 2890 4193 Hunc

511 4239 726 4300 autem
774 4231 988 4298 locum
1036 4233 1339 4320 pangenti
1382 4234 1593 4297 nescio
1639 4230 1768 4298 fere
1813 4254 1894 4297 an
1941 4237 2162 4317 poetae
2208 4234 2524 4298 obversati
2562 4232 2691 4297 sint
2713 4233 2889 4298 nobi-

510 4341 742 4408 lissimi
786 4339 1137 4406 Mummius
1183 4360 1217 4404 e
1263 4339 1486 4404 Nanno
1532 4359 1752 4408 versus
1798 4338 1967 4424 apud
2013 4338 2244 4405 Athen.
2293 4337 2388 4404 XI
2437 4337 2570 4404 470
2617 4348 2695 4404 A.
