3150 5000
1196 233 1622 282 nummu.
1836 315 1840 320 .
2467 213 2596 278 319

308 401 462 489 Cap.
526 400 611 470 37
666 403 1047 488 requiritur:
1100 398 1328 466 ἐδέοντο
1371 403 1525 464 τῶν
1567 399 1832 464 αὐτῶν
1875 395 2070 479 ὦνπερ
2114 389 2226 464 καί
2269 399 2322 464 οἱ
2369 400 2437 464 ἐκ
2483 409 2596 476 τῆς

217 509 707 586 Λακεδαίμονος,
771 527 897 573 non
954 506 1276 573 τούτων.
1324 502 1476 591 Cap.
1526 505 1616 572 42
1661 505 1950 570 dirutum
1996 505 2351 571 Penactum
2402 504 2594 592 Spar-

217 620 351 682 tani
408 616 683 682 reddunt
744 614 1235 680 Atheniensibus
1253 662 1271 697 ,
1333 611 1672 694 νομίζοντες
1739 611 1844 676 καὶ
1911 635 1992 676 το
2011 615 2045 674 ’ὕ
2063 635 2145 677 το
2205 611 2554 678 ἀποδιδόναι
2579 661 2594 691 ,

217 727 639 790 necessarium
700 728 798 787 est
854 740 1189 805 reponere:
1251 717 1446 785 οὕτω
1467 745 1497 791 ς
1560 717 1909 784 ἀποδιδόναι
1931 766 1948 796 ,
2010 737 2136 804 qua
2197 719 2272 785 de
2317 740 2384 784 re
2430 718 2595 786 Her-

218 831 546 898 werdenns
590 849 715 895 non
762 829 1064 894 debuerat
1110 826 1423 892 dubitare.
1470 823 1628 910 Gap.
1677 822 1764 889 43
1812 825 1890 890 de
1933 823 2265 891 Alcibiade
2301 823 2599 911 supplen-

218 939 372 1004 dum
421 944 550 1002 est:
604 931 645 1016 ᾧ
696 934 888 999 ἐδόκει
936 934 1049 1012 μὲν
1098 932 1201 997 καὶ
1250 932 1519 1018 (αὐτῷ)
1567 929 1815 1008 ἄμεινον
1863 926 2017 996 εἶναι
2066 932 2210 1011 πρὸς
2255 932 2398 1005 τοὺς
2449 931 2595 1013 ’Λρ-

216 1044 421 1123 γείους
468 1047 715 1118 μᾶλλον
763 1047 1021 1122 χωρεῖν,
1072 1038 1247 1104 idem
1296 1045 1513 1104 autem
1558 1037 1674 1104 ille
1718 1058 1843 1103 non
1889 1039 2238 1120 φρονήματι
2287 1047 2598 1118 φιλονι-

216 1157 363 1216 κῶν
424 1151 808 1232 ἠναντιοῦτο,
877 1146 987 1211 sed
1032 1146 1712 1226 αντιφιλονικῶν,
1765 1164 1890 1229 quo
1935 1144 2124 1210 modo
2171 1144 2294 1210 Dio
2339 1142 2598 1211 Cassius

215 1259 469 1324 locutus
528 1262 627 1322 est
688 1251 1017 1319 XXXVII.
1068 1249 1172 1317 38.
1222 1247 1379 1336 Gap.
1426 1249 1499 1316 V.
1555 1251 1642 1316 45
1691 1249 1860 1342 quod
1905 1248 2184 1318 Cobetus
2230 1251 2310 1318 ad
2346 1251 2594 1338 Hyper.

215 1385 277 1450 p.
342 1363 429 1428 47
495 1383 609 1447 pro
668 1357 1320 1440 παραγαγόντες
1380 1357 1706 1443 rescripsit
1767 1357 2464 1436 παραγαγόντος,
2528 1357 2598 1424 id

218 1472 493 1538 editores
557 1469 801 1556 fugisse
869 1467 1159 1551 videtur;
1228 1465 1531 1530 correctio
1592 1471 1808 1530 tamen
1869 1464 2039 1529 mihi
2096 1463 2350 1530 videtur
2411 1463 2599 1531 valde

218 1574 567 1663 probabilis
585 1623 602 1653 ‚
666 1595 815 1640 cum
878 1574 1248 1659 praesertim
1296 1571 1417 1636 hoc
1458 1572 1671 1658 ipsum
1721 1569 2206 1650 παραγαγόντος
2256 1571 2334 1637 de
2377 1571 2601 1640 eadem

215 1705 283 1750 re
353 1682 576 1750 eodem
641 1679 831 1746 modo
890 1679 1145 1768 legatur
1206 1685 1490 1744 extremo
1554 1677 1760 1762 capite
1821 1675 1930 1754 46,
1993 1679 2062 1742 in
2109 1698 2235 1762 quo
2279 1688 2604 1763 praeterea

218 1811 323 1856 me
382 1788 709 1856 offendunt
768 1787 996 1851 verba:
1064 1785 1256 1852 εἰπεῖν
1320 1783 1596 1848 ἐκέλευον
1659 1781 1696 1848 ὅ
1706 1807 1778 1848 τι
1837 1784 1941 1848 καὶ
1993 1789 2271 1882 σφεῖς,
2323 1785 2372 1848 εἰ
2423 1781 2600 1863 ἐβού-

218 1913 393 1962 λοντο
441 1895 710 1971 ἀδικεῖν,
758 1893 866 1968 ἤδη
910 1891 987 1957 ἂν
1030 1891 1343 1971 Ἀργείους
1380 1888 1764 1971 ξυμμάχους
1805 1891 2193 1965 πεποιῆσθαι.
2239 1890 2370 1956 Hic
2405 1891 2602 1976 probo

219 2021 367 2068 sane
386 2049 404 2078 ,
470 1999 638 2084 quod
701 1996 1165 2073 Herwerdenus
1227 1995 1465 2062 delevit
1512 1997 2020 2061 coniunctionem
2067 1991 2106 2060 ὅ
2121 2018 2180 2059 τι
2205 2041 2221 2074 ,
2269 1996 2379 2062 sed
2427 2001 2604 2062 estne

218 2113 545 2194 praeterea
582 2125 737 2190 opus
777 2123 889 2190 pro
930 2104 1329 2168 nominativo
1366 2107 1551 2183 σφεῖς
1593 2103 2031 2168 accusativum
2072 2106 2246 2185 σφοῖς
2270 2099 2604 2187 reponere?

220 2215 487 2280 Iubetne
532 2213 652 2278 hoc
699 2209 1139 2278 Grammatico.
1156 2211 1189 2275 Ρ
1234 2208 1658 2276 Vehementer
1704 2209 1948 2275 dubito.
1994 2208 2288 2276 Primum
2329 2209 2397 2274 id
2436 2209 2604 2295 quod

221 2329 316 2387 est
360 2326 574 2399 σφεῖς,
632 2339 829 2404 quum
876 2318 1083 2383 forms
1126 2316 1405 2382 librariis
1450 2337 1676 2401 parum
1726 2317 1984 2404 cognita
2021 2318 2143 2394 sit,
2185 2321 2440 2382 tantum
2477 2337 2606 2383 non

220 2447 473 2513 semper
518 2427 946 2511 corrumpitur
992 2443 1299 2510 saepeque
1344 2422 1736 2488 restituenda
1779 2430 1905 2501 est,
1951 2422 2063 2489 sed
2099 2423 2425 2490 factumne
2461 2445 2607 2490 um-

221 2554 415 2620 quam
479 2540 612 2607 est,
680 2540 757 2596 ut
816 2532 1079 2597 eandem
1126 2531 1402 2596 formam
1448 2536 1584 2595 tam
1632 2551 1859 2616 perum
1909 2532 2032 2596 sibi
2079 2531 2471 2598 intellectam
2522 2532 2602 2597 li-

218 2640 418 2705 brarii
477 2638 783 2703 inferrent
843 2639 911 2701 in
959 2634 1257 2702 textum?
1304 2634 1506 2721 Saepe
1523 2684 1541 2714 ,
1593 2637 1830 2721 fateor,
1878 2656 1993 2722 pro
2038 2642 2214 2718 σφῐὶς
2263 2639 2606 2706 rescribere

220 2746 527 2811 debemus
588 2748 773 2825 σφεῖς
794 2794 811 2819 ,
871 2743 980 2809 sed
1041 2762 1245 2808 nonne
1307 2746 1722 2808 temerarium
1772 2748 1867 2808 est
1913 2762 2028 2828 pro
2075 2751 2256 2826 σφεῖς
2307 2766 2604 2831 reponere

223 2848 440 2931 σφᾶς-’ἰ
502 2849 745 2917 Deinde
810 2850 1078 2917 concedo
1126 2848 1292 2935 quod
1337 2852 1560 2936 negari
1605 2868 1730 2913 non
1776 2855 2015 2934 potest,
2062 2850 2118 2914 si
2161 2851 2608 2917 mathematici

218 2957 481 3046 linguae
527 2956 703 3044 leges
742 2959 1170 3041 scripsissent,
1212 2958 1651 3020 accusativum
1690 2958 1864 3034 σφᾶς
1905 2960 2331 3022 necessarium
2371 2959 2569 3025 fuisse
2587 3006 2604 3038 ‚

222 3064 328 3129 sed
392 3082 550 3148 quas
595 3061 867 3149 populus
912 3061 1088 3149 leges
1131 3064 1297 3125 inter
1341 3060 1728 3146 loquendum
1781 3063 2109 3148 observat,
2159 3066 2418 3131 strictae
2464 3068 2604 3152 qui·
2725 3134 2732 3143 ,

223 3169 365 3235 dem
418 3176 603 3253 sunt,
652 3168 761 3233 sed
806 3174 1021 3233 tamen
1070 3168 1149 3235 ad
1196 3187 1483 3233 normam
1534 3167 1876 3234 diversam.
1934 3167 2356 3237 ostendebam
2403 3192 2606 3258 nuper

221 3274 524 3342 Flavium
588 3273 631 3339 J
634 3275 941 3359 osephum
1003 3277 1071 3338 in
1132 3273 1449 3339 eiusmodi
1509 3277 1842 3340 sententiis
1903 3279 2370 3361 perspicuitatis
2415 3299 2606 3345 cansa

224 3388 524 3467 perpetuo
567 3380 776 3446 delabi
814 3379 892 3444 ad
931 3381 1377 3445 nominativos.
1426 3379 1471 3445 J
1474 3379 1694 3465 osephi
1732 3381 2100 3467 exemplum
2139 3381 2431 3449 recusas?
2477 3383 2604 3451 Sed

223 3486 585 3554 Herodotus
632 3486 854 3553 eodem
905 3485 1129 3571 modo,
1176 3487 1309 3551 ism
1355 3489 1578 3552 statim
1627 3486 1706 3552 ab
1753 3490 2021 3553 introitu
2069 3492 2304 3575 operis:
2359 3491 2498 3563 τοὺς
2539 3490 2602 3557 δὲ

227 3594 653 3675 ὑποκρίνασθαι
716 3596 794 3662 ὥς
856 3594 987 3658 οὐδὲ
1050 3592 1257 3657 ἐκεῖνοι
1306 3594 1452 3665 Ἰοῦς
1501 3602 1611 3668 τῆς
1663 3594 1952 3674 Ἀργείης
1997 3594 2215 3660 ἔδοσαν
2261 3602 2374 3679 σφι
2427 3596 2603 3671 δίκας

223 3710 329 3778 τῆς
373 3702 705 3782 α’ρπαγῆς·
753 3698 887 3765 οὐδὲ
930 3696 1005 3763 ὧν
1052 3707 1323 3765 ATTOI
1371 3699 1576 3766 δώσειν
1624 3700 1894 3765 ἐκείνοισι
1939 3700 2294 3788 itidemque
2339 3702 2420 3769 H.
2475 3705 2603 3772 118

225 3814 285 3873 et
345 3807 453 3873 IV.
506 3808 612 3873 15.
681 3806 900 3871 Etiam
947 3812 1138 3891 atque
1182 3808 1379 3871 etism
1427 3806 1775 3872 videndum
1823 3814 1956 3885 est,
2003 3816 2343 3895 antequam
2393 3815 2604 3878 nomi-

226 3916 516 3979 nativum
564 3920 748 3991 σφεῖς
766 3960 784 3989 ,
832 3913 1041 3979 sicubi
1085 3914 1469 3996 inveniatur,
1516 3914 1787 3979 abiicere
1831 3914 2198 3979 audeamus.
2255 3915 2397 4001 Ipse
2444 3938 2604 4002 quo-

227 4040 343 4104 que
389 4019 795 4105 Thucydides
842 4017 1013 4084 VIII.
1062 4018 1187 4083 48:
1246 4018 1570 4104 (Φρύνιχος
1620 4017 1766 4103 ἔφη)
1818 4020 1958 4091 τούς
2003 4044 2074 4084 τε
2117 4024 2344 4095 καλοὺς
2392 4026 2602 4101 κὰγα-

228 4124 353 4197 θοὺς
414 4122 884 4205 ὀνομαζομένους
950 4127 1057 4189 οὐκ
1120 4124 1363 4189 ἐλάσσω
1425 4126 1651 4197 αὐτοὺς
1702 4124 1962 4207 νομίζειν
2009 4128 2188 4209 σφίσι
2237 4127 2598 4210 πράγματα

228 4232 502 4311 παρέξειν
566 4236 671 4297 τοῦ
736 4231 927 4309 δήμου
992 4266 1031 4281 -
1060 4266 1097 4281 -
1165 4230 1269 4295 καὶ
1331 4231 1401 4296 τὸ
1448 4233 1561 4310 μὲν
1609 4233 1707 4297 ἐπ’
1755 4232 1996 4305 ἐκείνοις
2044 4228 2194 4301 εἶναι
2244 4244 2594 4301 AKPITOI

232 4336 303 4401 ἂν
348 4340 447 4401 καὶ
496 4336 836 4418 βιαιότερον
879 4338 1295 4412 ἀποθνήσκειν.
