3150 5000
545 248 632 317 88
1514 273 1941 324 mummius.

637 438 929 506 Difficilis
974 461 1122 505 sane
1167 449 1233 505 et
1276 440 1576 526 perplexa
1622 443 1937 507 sententia
1986 447 2081 507 est
2128 438 2181 505 1.
2234 437 2401 505 124:
2462 442 2540 512 ὥς
2588 434 2785 503 οὐκέτι
2837 438 2921 502 ἐν·

544 546 803 627 δέχεται
865 545 1301 627 περιμένοντας
1365 546 1505 619 τοὺς
1568 548 1682 623 μὲν
1750 546 1859 621 ἤδη
1924 547 2369 625 βλάπτεσθαι,
2416 546 2557 617 τοὺς
2606 545 2668 611 δὲ
2714 582 2795 593 -
2840 545 2923 621 μῆ

544 654 754 719 πολὺ
805 649 1005 734 ὕςερον
1051 652 1246 718 ταὺτὸ
1293 652 1605 735 πάσχειν·
1652 652 1790 720 fieri
1835 660 2077 740 potest,
2126 658 2201 719 ut
2250 654 2327 718 ab
2378 672 2526 719 vero
2571 650 2697 717 loci
2741 672 2927 717 sensu

543 760 888 828 aberrarim
934 759 1223 845 mihique
1269 760 1566 826 acciderit
1611 761 1777 845 quod
1826 760 2050 825 multis
2096 758 2241 826 aliis
2260 808 2275 838 ‚
2322 760 2431 825 sed
2468 758 2723 824 facilius
2762 763 2925 823 certe

542 865 875 933 intellectu
923 872 1055 932 est:
1118 866 1207 943 μή
1271 891 1364 931 πο
1384 866 1435 931 θ’
1497 862 1700 943 ὕςερον
1760 866 1960 933 ταύτὸ
2006 866 2303 947 πάσχειν.
2374 865 2702 931 Nimirum
2751 864 2929 929 Poti-

543 974 768 1039 daeam
815 973 875 1037 si
917 971 1323 1058 prodideritis
1342 1020 1359 1051 ‚
1405 972 1762 1058 periculum
1811 994 1962 1040 mox
2008 974 2088 1039 ad
2135 994 2354 1039 omnes
2392 972 2747 1059 perveniet,
2777 991 2927 1036 nam

542 1079 962 1145 Athenienses
1005 1085 1123 1144 τῶν
1169 1079 1281 1156 μὲν
1329 1078 1438 1154 ἤδη
1489 1078 1750 1161 ἄρχουσι
1770 1130 1785 1153 .
1838 1086 1956 1145 τῶν
2002 1080 2067 1145 δὲ
2114 1080 2505 1145 διανοοῦνται.

633 1298 940 1357 Καλεῒται
989 1290 1133 1364 Διὸς
1183 1291 1351 1372 ἑορτὴ
1400 1292 1736 1371 Μειλιχίου
1784 1293 2134 1368 μεγίστη,
2183 1289 2230 1356 Ι.
2262 1290 2426 1369 126,
2471 1290 2779 1357 ultimum
2826 1310 2931 1356 vo-

542 1396 844 1465 cabulum
907 1396 1072 1462 mihi
1116 1399 1472 1463 insiticium
1520 1397 1776 1464 videtur
1823 1404 1889 1463 et
1932 1403 2217 1483 superest
2262 1420 2338 1463 ex
2387 1388 2684 1482 corrupta
2732 1397 2929 1463 adno-

540 1505 782 1571 tatione
800 1554 818 1585 ,
866 1523 1058 1589 quarn
1106 1502 1441 1590 Krugerus
1481 1509 1546 1569 et
1579 1509 1723 1588 post
1760 1504 2131 1593 Krugerum
2156 1501 2519 1569 Classenius
2543 1504 2929 1588 proscripsit.

541 1611 858 1678 Memoria
902 1608 1050 1674 festi
1094 1610 1221 1675 diei
1269 1608 1426 1674 latet
1473 1612 1671 1675 etiam
1720 1612 1787 1674 in
1832 1610 2174 1676 Anecdotis
2224 1608 2497 1675 Bekkeri
2546 1629 2608 1694 p.
2636 1606 2792 1673 238.
2820 1608 2929 1683 21,

543 1718 657 1783 ubi
718 1715 1016 1782 Διιπόλιά
1077 1716 1202 1783 ἑςιν
1263 1716 1428 1795 ἑορτὴ
1491 1716 1637 1788 Διὸς
1688 1706 1721 1789 ἢ
1769 1716 1875 1780 καὶ
1926 1716 2209 1782 δειλία
2257 1724 2547 1781 καλεῖται
2596 1716 2705 1781 sed
2754 1735 2933 1801 repo-

541 1824 821 1890 nendum
870 1827 966 1889 est
1013 1822 1361 1904 Διάσια,
1425 1843 1573 1892 nam
1620 1828 1697 1887 ut
1742 1830 1839 1887 est
1886 1821 2096 1890 Schol.
2146 1825 2337 1887 Arist.
2390 1821 2563 1888 Nub.
2616 1819 2790 1906 408,
2840 1822 2931 1887 ἔςι

540 1933 628 1998 τοὶ
678 1932 916 1997 Διάσια
961 1930 1045 1995 τὰ
1095 1928 1268 1995 αὐτὰ
1312 1936 1436 2001 τοῖς
1485 1930 1841 1999 Διιπολίοις.

633 2142 872 2210 Scribit
934 2140 1338 2229 Thucydides
1399 2141 1449 2207 I.
1498 2140 1621 2209 30:
1686 2141 2080 2223 δυο-πρόσοδόν
2143 2166 2212 2208 τε
2268 2143 2453 2207 αὑτὸν
2501 2148 2771 2220 παρεῖχε
2822 2142 2929 2205 καὶ

540 2259 617 2331 τῇ
680 2249 828 2331 ὀργῇ
893 2246 1043 2314 οὕτω
1109 2256 1367 2329 χαλεπῇ
1432 2250 1657 2329 ἐχρῆτο
1718 2250 1793 2319 ἐς
1855 2248 2103 2322 πάντας
2152 2249 2392 2325 ὁμοίως.
2464 2245 2927 2333 Transseripsit

541 2362 757 2422 autem
819 2352 942 2421 Dio
1005 2350 1264 2421 Cassius
1328 2352 1470 2421 Vol.
1523 2356 1556 2419 1
1608 2376 1671 2441 p.
1726 2355 1811 2420 14
1856 2354 2001 2421 Df.:
2068 2353 2463 2435 δυσπρόσοδός
2512 2378 2583 2418 τε
2631 2356 2739 2443 καὶ
2789 2352 2933 2419 δυσ-

541 2464 905 2545 προσήγορος
956 2456 1022 2535 ἦν
1071 2462 1176 2527 καὶ
1225 2471 1300 2544 τῇ
1355 2461 1658 2547 ὑπεροψία
1704 2474 1782 2542 τῇ·
1829 2487 1900 2528 τε
1948 2462 2527 2543 ὦμότητι’τοσαυ’τμ
2571 2461 2751 2543 πρὸς
2778 2461 2935 2527 πάν·

539 2594 657 2644 τας
725 2571 940 2649 ὁμοίως
989 2569 1235 2651 ἐχρῆτο.
1315 2567 1472 2636 Utra
1515 2572 1896 2655 praepositio
1943 2567 2263 2655 praestat?
2333 2568 2648 2654 Equidem
2696 2571 2928 2635 neseio.

630 2781 985 2868 Impeditus
1030 2778 1207 2847 loeus
1252 2785 1348 2846 est
1395 2780 1472 2847 de
1519 2779 1837 2846 Pausania
1883 2801 1938 2845 e.
1995 2779 2144 2846 133.
2211 2779 2580 2848 Videamus.
2646 2779 2813 2846 Τότε
2860 2782 2931 2856 δὴ

538 2889 605 2955 οἱ
653 2886 934 2968 ἔφοροι
984 2885 1292 2962 δείξαντος
1343 2888 1532 2952 αὐτοῦ
1578 2886 1665 2951 τά
1712 2886 2075 2966 γράμματα
2117 2889 2364 2963 μᾶλλον
2406 2889 2520 2954 μὲν
2561 2887 2927 2962 ἐπίςευσαν,

538 2993 818 3069 αὐτήκοοι
869 2993 930 3059 δὲ
977 2993 1378 3070 βουληθέντες
1428 2992 1519 3057 ἔτι
1566 2993 1851 3070 γενέσθαι
1900 2995 2251 3058 Παυσανίου
2302 3017 2363 3059 τι
2412 2993 2737 3071 λέγοντος,
2800 2993 2929 3060 ἀπὸ

539 3109 933 3182 παρασκευῆς
984 3104 1089 3166 τοῦ
1137 3100 1440 3178 ἀνθρώπου
1485 3100 1587 3164 ἐπὶ
1636 3099 1943 3177 Ταίναρον
1992 3098 2191 3164 ἱκέτου
2238 3100 2558 3179 οἰχομένου
2608 3093 2746 3166 καὶ
2796 3125 2833 3165 κ
2855 3124 2931 3163 α-

538 3207 1279 3283 τασκηνησαμένου
1341 3205 1562 3280 διπλῆν
1628 3205 2077 3286 διαφράγματι
2144 3207 2465 3284 καλύβην,
2532 3208 2608 3279 ἐς
2674 3198 2753 3278 ἣν
2812 3213 2931 3270 τῶν

539 3315 768 3394 ἐφόρων
816 3311 979 3386 ἐντός
1026 3335 1200 3384 τινας
1250 3311 1554 3390 ἔκρυψε
1607 3313 1736 3376 κτὲ.
1802 3309 1930 3376 Hic
1975 3314 2257 3396 primum
2303 3311 2489 3378 facile
2540 3315 2795 3379 vineam
2837 3315 2931 3398 ip-

538 3443 706 3488 sum·
748 3421 1132 3486 Pausaniam
1187 3417 1528 3504 Spartanos
1576 3417 1797 3484 audire
1840 3417 2115 3484 voluisse
2162 3419 2227 3483 τΙ
2273 3417 2447 3496 λέγοι
2466 3468 2484 3502 ,
2531 3439 2681 3483 nam
2730 3422 2931 3504 parti-

538 3530 782 3613 cipium
843 3525 1132 3603 λέγοντος
1195 3526 1473 3590 nimium
1536 3526 1827 3609 ineptum
1892 3529 2008 3589 est.
2082 3524 2323 3590 Deinde
2373 3523 2739 3590 Badhamus
2787 3545 2931 3588 sen-

539 3636 775 3700 tentiae
819 3635 1008 3698 initio
1054 3630 1295 3698 delevit
1341 3632 1406 3695 οἱ
1458 3627 1732 3710 ἔφοροι
1783 3637 1847 3696 et
1893 3631 2061 3715 quod
2108 3630 2299 3715 paulo
2343 3635 2489 3715 post
2528 3632 2819 3716 sequitur
2860 3631 2929 3700 ἐς

539 3739 662 3824 ἦν,
712 3748 788 3805 ut
834 3738 1174 3805 rescribere
1218 3746 1429 3823 posset
1476 3735 1857 3817 ἔκρυψαν.
1929 3735 2263 3802 Ambabus
2325 3737 2624 3802 manibus
2671 3736 2790 3802 hoe
2834 3758 2933 3802 ar-

537 3848 722 3931 ripio,
794 3844 935 3911 Non
983 3846 1179 3911 miser
1222 3842 1335 3909 ille
1383 3843 1685 3928 supplex,
1744 3844 1854 3909 sed
1895 3843 2020 3928 ipsi
2068 3843 2361 3929 Spartani
2411 3843 2679 3929 ephoros
2726 3847 2933 3910 iusse-

538 3957 689 4018 runt
750 3953 819 4016 in
881 3951 1142 4038 tugurio
1202 3948 1397 4016 latere
1444 3969 1605 4034 pone
1653 3952 1981 4035 parietem.
2052 3949 2185 4015 Neo
2233 3970 2381 4016 vero
2429 3950 2549 4016 hoe
2596 3951 2751 4016 satis
2798 3956 2929 4016 est:

538 4059 682 4143 quis
730 4058 901 4121 enim
948 4055 1074 4121 sibi
1117 4056 1524 4140 persuadebit
1571 4055 1899 4143 Argilium
1946 4056 2141 4120 fuisse
2160 4105 2178 4139 ,
2227 4058 2338 4140 qui
2384 4054 2547 4121 illud
2590 4057 2921 4141 tugurium

539 4158 995 4230 exstruxisset?
1042 4160 1330 4246 Ipsorum
1380 4162 1878 4249 magistratuum
1921 4181 1993 4226 ea
2033 4159 2294 4246 perfidia
2316 4161 2443 4226 fuit
2466 4167 2530 4226 et
2554 4161 2927 4228 commendo

539 4267 1180 4343 κατασκηνησάμενοι.
1254 4267 1446 4333 Facta
1507 4287 1608 4332 res
1668 4273 1765 4332 est
1810 4263 1935 4331 άπὸ
1987 4275 2380 4346 παρασκευῆς
2432 4271 2538 4332 τοῦ
2589 4269 2923 4347 ἀνθρώπου·

538 4376 658 4443 hoo
720 4380 850 4459 est,
915 4373 1142 4440 callide
1203 4376 1404 4440 suasit
1468 4375 1759 4440 fraudem
1782 4421 1799 4450 ,
1850 4393 1976 4458 qua
2021 4380 2237 4458 postea
2286 4375 2505 4461 ephori
2551 4374 2725 4441 haud
2773 4375 2923 4442 satis

3092 2497 3094 2614 4
