3150 5000
1221 241 1650 294 mmmmm.
2492 223 2623 291 149
2686 228 2691 233 ’

242 413 339 476 est
384 409 451 475 in
494 411 578 477 iis
624 409 924 495 praesidii
939 428 958 487 ;
1007 408 1232 475 deinde
1276 410 1523 498 pergit:
1578 408 1932 489 θηρεύοντας
1978 407 2041 473 δὲ
2082 410 2441 487 ὠφελοῦσιν.
2480 409 2623 473 ἐνα-

243 520 588 581 ποκλῶνται
652 514 779 597 γάρ
840 525 1022 595 σφισι
1089 516 1192 580 καὶ
1257 515 1513 581 λεόντων
1575 514 1811 584 ὀδόντες
1872 514 1978 580 καὶ
2042 514 2425 596 παρδάλεων.
2477 516 2622 583 Non

241 621 549 709 intellego
593 621 807 688 locum
855 643 1060 708 neque
1105 622 1262 688 alios
1307 622 1621 687 feliciores
1668 642 1801 687 esse
1850 622 2140 706 arbitror,
2190 621 2303 688 sed
2349 620 2623 708 dejerare
2720 694 2731 703 ,

240 728 392 795 licet
451 749 576 794 non
633 729 842 817 frangi
901 728 1159 795 leonum
1225 728 1442 794 dentes
1505 748 1721 793 morsu
1781 727 2119 793 loricarum
2169 727 2511 793 linteatum
2562 734 2626 795 et

237 834 624 923 significatio
647 836 863 923 ,huius
909 836 1088 901 verbi
1137 836 1597 902 ἐναποκλᾶσθαι
1648 834 1815 921 apud
1856 833 2274 911 Pausaniam,
2312 856 2624 922 quaecun-

239 964 362 1029 que
408 943 670 1009 tandem
717 948 847 1020 est,
895 941 1085 1031 longe
1131 942 1382 1008 diversa
1426 948 1522 1007 est
1569 942 1649 1007 ab
1697 961 1804 1026 ea,
1854 961 2045 1026 quam
2096 940 2462 1028 Thucydidi
2499 944 2626 1007 viri

236 1048 410 1114 docti
479 1048 817 1115 obtrudere
874 1053 1025 1115 sunt
1086 1051 1314 1115 conati.
1384 1046 1647 1125 Conati,
1713 1048 1974 1132 inquam
1994 1097 2013 1133 ,
2073 1067 2223 1114 nam
2286 1053 2624 1134 postquam

237 1154 643 1222 Bloomfieldi
703 1153 1003 1223 beneficio
1062 1154 1418 1221 Pausaniae
1465 1153 1681 1219 locum
1729 1157 2146 1241 cognovimus
2169 1202 2185 1232 ‚
2229 1152 2627 1243 Thucydidis

235 1264 467 1331 verba:
529 1260 781 1344 δοράτια
837 1286 906 1327 τε
954 1261 1417 1330 ἑναπεκέκλαςο
1462 1261 1868 1339 βαλλομένων
1888 1310 1905 1345 ,
1954 1267 2207 1347 propter
2250 1260 2624 1348 plusquam-

232 1370 591 1453 perfectum
649 1376 906 1454 tempus
968 1374 1032 1435 et
1077 1364 1332 1453 propte'r
1378 1367 1572 1433 verba
1621 1387 1781 1452 quae
1828 1369 2127 1458 continuo
2173 1369 2625 1453 insequuntur:

238 1469 407 1553 εἶχον
478 1499 548 1540 τε
621 1474 785 1541 οὐδὲν
854 1472 1069 1555 σφίσιν
1141 1474 1355 1547 αὐτοῖς
1417 1474 1803 1553 χρήσασθαι,
1875 1473 2239 1559 accipienda
2303 1480 2489 1540 erunt
2549 1474 2625 1541 de

236 1581 469 1647 iaculis
515 1602 639 1649 non
685 1582 1175 1647 Atheniensium
1224 1580 1334 1646 sed
1389 1579 1842 1665 Spartanorum
1860 1629 1881 1663 ,
1926 1600 2085 1665 quae
2124 1581 2358 1648 frustra
2396 1584 2629 1647 emissa

236 1686 491 1755 fuerant
534 1709 650 1754 nec
688 1688 1036 1775 quidquam
1075 1694 1454 1773 nocuerant,
1494 1688 1686 1753 sicuti
1722 1687 1891 1771 apud
1924 1685 2335 1753 Sauromatas
2367 1687 2625 1754 leonum

238 1795 459 1862 dentes
503 1795 623 1861 tibi
656 1815 877 1860 nocere
915 1815 1040 1860 non
1081 1802 1344 1881 possunt
1361 1844 1379 1878 ,
1415 1793 1764 1859 dummodo
1790 1792 2055 1859 linteam
2081 1794 2345 1861 loricam
2372 1796 2628 1863 habeas.

237 1901 373 1971 Alii
433 1907 738 1989 quaerant
787 1900 942 1987 quid
993 1907 1214 1966 tamen
1259 1904 1345 1966 sit
1389 1900 1554 1965 illud
1602 1901 2097 1979 ἐναπεκέκλαςο,
2148 1902 2312 1988 quod
2364 1902 2477 1968 diu
2525 1924 2629 1969 me

236 2008 473 2074 frustra
519 2010 804 2073 exercuit
851 2013 917 2073 et
961 2008 1148 2073 redeo
1195 2007 1274 2072 ad
1321 2006 1390 2072 id
1438 2006 1607 2092 quod
1654 2008 1939 2093 primum
1986 2028 2283 2093 quaerere
2328 2010 2627 2077 institue-

237 2134 377 2181 ram
425 2114 538 2199 qui
583 2116 713 2179 sint
757 2113 861 2179 illi
909 2122 1098 2180 πῖλοι.

325 2219 528 2287 Erant
593 2222 664 2285 in
729 2219 941 2286 insula
1013 2218 1388 2306 Sphacteria
1457 2218 1695 2286 inclusi
1754 2218 2053 2305 Spartani
2119 2218 2275 2306 420,
2332 2222 2441 2288 sed
2502 2242 2628 2288 non

237 2332 418 2393 erant
484 2325 642 2395 soli:
701 2326 984 2415 legimus
1032 2347 1088 2392 c.
1136 2324 1218 2391 8:
1267 2328 1320 2392 οἱ
1371 2327 1434 2392 δὲ
1481 2335 1829 2393 τελευταῖοι
1877 2328 1983 2391 καὶ
2032 2327 2625 2410 ἐγκαταληφθέντες

237 2431 422 2500 εἴκοσι
490 2432 594 2498 καὶ
659 2433 1036 2513 τετρακόσιοι
1099 2425 1253 2507 ἦσαν
1302 2431 1405 2497 καὶ
1455 2432 1725 2508 Εἵλωτες
1772 2434 1826 2500 οἱ
1873 2434 2008 2514 περὶ
2059 2433 2282 2507 αὐτούς
2302 2456 2321 2514 3
2365 2435 2433 2502 hi
2479 2442 2627 2503 sunt

234 2540 336 2607 illi
400 2543 515 2626 qui
573 2561 625 2606 c.
684 2537 768 2606 18
824 2540 1185 2618 θεράποντες
1244 2539 1547 2605 dicuntur
1593 2547 1658 2606 et
1702 2543 1858 2608 satis
1904 2545 2001 2607 est
2048 2541 2385 2620 credibile,
2436 2541 2627 2629 Spar-

236 2653 536 2715 tanorum
582 2653 648 2713 et
696 2646 1070 2713 Helotarum
1116 2667 1337 2733 parem
1383 2645 1581 2712 fuisse
1626 2667 2000 2725 numerum,
2040 2649 2137 2714 ita
2176 2655 2250 2714 ut
2291 2653 2627 2735 unusquis-

236 2776 358 2840 que
403 2754 594 2821 miles
633 2775 824 2820 suum
870 2754 1133 2821 haberet
1179 2753 1522 2832 θεράποντα
1557 2753 1663 2820 vel
1703 2756 2118 2842 armigerum.
2166 2757 2420 2822 Armati
2450 2761 2631 2822 erant

238 2860 512 2929 Helotae
531 2908 548 2939 ‚
610 2861 719 2926 sed
781 2860 944 2927 levis
993 2867 1318 2926 armatura
1387 2864 1523 2925 erat
1583 2865 1647 2924 et
1693 2865 1873 2926 scuto
1922 2861 2236 2927 carebant.
2295 2859 2422 2927 Vix
2470 2883 2627 2948 opus

239 2973 335 3033 est
373 2968 526 3034 data
559 2986 748 3053 opera
787 2965 1113 3033 ostendere
1151 2965 1320 3051 quod
1360 2970 1855 3033 consentaneum
1895 2971 2010 3032 est.
2074 2967 2266 3053 Apud
2304 2967 2619 3049 Plataeas,

239 3073 588 3139 secundum
634 3071 1033 3138 Herodotum
1083 3071 1178 3137 IX
1225 3071 1334 3151 28,
1385 3072 1523 3145 τοὺς
1575 3073 2119 3153 πεντακισχιλίους
2163 3073 2375 3146 ἐόντας
2414 3083 2628 3155 Σπαρ-

238 3180 458 3256 τιήτας
498 3179 852 3260 ἐφύλασσον
889 3180 1061 3258 ψιλοὶ
1100 3185 1216 3245 τῶν
1255 3180 1543 3244 Εἱλώτων
1582 3180 2085 3262 πεντακισχίλιοι
2126 3181 2626 3263 καὶπρισμύριοι.

240 3285 406 3366 Quid
453 3284 684 3354 velites
728 3289 794 3352 in
837 3306 1056 3373 pugna
1100 3291 1418 3372 praestare
1465 3283 1821 3353 debebant?
1867 3285 2071 3354 Docet
2118 3286 2464 3374 Tyrtaeus:

515 3392 690 3471 ὑμεῖς
739 3391 792 3457 δ’
840 3389 881 3457 ὦ
930 3402 1245 3472 γυμνῆτες
1269 3441 1288 3468 ,
1340 3393 1443 3457 ὑπ’
1489 3392 1749 3466 ἀσπίδος
1798 3390 2056 3459 ἄλλοθεν
2105 3392 2298 3468 ἄλλος

604 3500 992 3573 πτώσσοντες
1036 3499 1346 3578 μεγάλοις
1395 3497 1685 3577 βάλλετε
1732 3500 2130 3582 χερμαδίοις,

511 3604 761 3687 δούρασί
807 3628 877 3669 τε
923 3605 1184 3684 ξεςοῖσιν
1234 3603 1650 3686 οὶκοντίζοντες
1700 3605 1760 3678 ὃς
1811 3604 2034 3678 αὐτούς

603 3719 761 3777 τοῖσι
809 3713 1192 3794 πανοπλίτῃς
1242 3713 1504 3790 ἐγγύθεν
1550 3712 1853 3790 ἱςάμενοι.

241 3814 455 3884 Etiam
502 3817 1035 3904 Peloponnesiaco
1081 3817 1252 3885 bello
1297 3817 1570 3886 Helotae
1617 3818 1700 3884 ad
1744 3838 1922 3886 arma
1957 3818 2347 3886 vocabantur
2364 3866 2383 3899 ,
2421 3819 2630 3887 veluti

241 3921 436 3992 Thuc.
488 3924 551 3991 V
600 3923 708 4002 57,
759 3925 870 3992 sed
912 3932 1048 3991 erat
1084 3923 1218 3991 illis
1258 3924 1626 4011 periculum
1666 3926 1747 3992 ab
1786 3927 2044 4013 sagittis
2084 3927 2437 4014 ceterisque
2475 3930 2631 3994 mis-

244 4029 498 4110 silibus,
561 4051 722 4118 quae
781 4030 1079 4118 Spartani
1125 4036 1526 4098 contemnere
1573 4036 1891 4117 poterant,
1946 4032 2055 4098 sed
2101 4032 2260 4098 dum
2305 4035 2376 4098 in
2419 4032 2630 4100 insula

246 4132 569 4222 Spectaria
629 4137 964 4204 confertim
1022 4137 1277 4204 stabant
1322 4144 1386 4203 et
1432 4137 1660 4204 iaculis
1706 4136 2241 4226 transfigebantur
2286 4142 2491 4225 iisque
2529 4159 2629 4206 ac-

247 4241 491 4309 cidebat
545 4243 714 4331 quod
774 4241 1147 4312 Aetolorum
1210 4242 1516 4310 velitibus
1565 4242 1767 4310 Thuc.
1815 4244 1909 4312 111
1961 4243 2070 4325 98,
2118 4250 2315 4313 etiam
2364 4244 2628 4333 Sparta-

247 4366 470 4416 norum
513 4350 761 4418 ordines
807 4351 1245 4432 turbabantur.
1299 4347 1470 4440 Οὔτε
1519 4351 1649 4433 γὰρ
1696 4352 1747 4416 οἱ
1798 4358 1965 4418 πῖλοι
2014 4351 2228 4432 ἔςεγον
2277 4351 2365 4416 τοὶ
2412 4348 2631 4429 τοξεύι
