3150 5000
568 252 700 321 370
1438 270 1713 322 rums
1758 271 2091 322 sosarnus.

566 436 790 523 Syriae
864 457 1081 524 regem
1146 435 1490 503 Alexandri
1567 436 1775 503 filium
1844 438 2259 505 Antiochum.
2351 435 2471 502 Καὶ
2534 434 2635 501 τὸν
2702 436 2809 510 μὲν
2858 436 2921 504 ὡς

564 542 1134 625 χειριζόμενος
1219 545 1507 609 ἀποθάνοι
1557 544 1943 623 διήγγειλε.
2052 543 2220 625 Quid
2289 543 2409 609 hoc
2478 542 2735 609 tandem
2800 542 2924 606 est?

563 650 823 717 Frustra
879 670 1322 736 quaereremus
1343 698 1358 728 ‚
1421 654 1544 716 nisi
1612 652 1773 717 forte
1821 650 2080 717 aliunde
2128 650 2217 715 de'
2250 652 2478 715 mortis
2524 670 2752 737 genere
2794 667 2927 715 con-

563 764 778 822 staret.
837 757 1015 821 Audi
1061 756 1323 822 Livium
1374 759 1438 822 in
1487 756 1788 842 Epitome
1837 757 1978 823 LV:
2031 756 2377 822 Alexandri
2422 754 2629 840 filius,
2677 776 2784 821 rex
2824 752 2926 838 Sy·

564 865 729 939 riae,
788 862 1004 928 decem
1069 882 1263 928 annos
1327 863 1675 928 admodum
1732 863 1999 939 habens,
2051 883 2089 929 a
2134 861 2441 939 Diodoto,
2491 864 2602 947 qui
2648 860 2924 947 Tryphon

562 970 1160 1055 cognominabatur,
1227 974 1436 1034 tutore
1493 990 1610 1035 suo
1672 991 1782 1055 per
1836 970 2124 1035 fraudem
2174 970 2416 1035 occisus
2463 974 2589 1043 est;
2640 966 2926 1050 corruptis

561 1072 862 1153 modicia,
930 1078 1040 1160 qui
1097 1095 1244 1139 eum
1293 1073 1525 1141 calculi
1572 1072 1786 1142 dolore
1833 1078 2120 1142 consumi
2168 1075 2248 1140 ad
2294 1074 2606 1161 populum
2654 1073 2923 1147 mentiti,

559 1183 698 1245 dum
743 1189 977 1265 secant,
1024 1181 1406 1247 occiderunt.
1467 1182 1584 1249 Est
1635 1181 1896 1267 Josephi
1940 1182 2225 1266 optimus
2269 1180 2467 1247 codex
2510 1180 2721 1268 Lugd.
2762 1178 2927 1244 Bata·

560 1308 682 1353 vus
700 1337 716 1359 .
766 1290 946 1351 cuius
991 1290 1567 1372 praestantissimas
1614 1288 1916 1355 lectiones
1962 1286 2469 1372 Havercampiue
2515 1307 2701 1372 saepe
2738 1288 2925 1351 incon·

560 1393 730 1458 aulto
775 1394 1026 1480 abjecit.
1099 1393 1371 1482 Legitur
1414 1398 1480 1460 in
1534 1415 1608 1461 eo
1656 1396 1869 1461 codice
1916 1415 2038 1460 non
2087 1392 2495 1474 χειριζόμενος
2546 1398 2657 1459 sed
2701 1389 2929 1475 χαριζό-

559 1523 770 1578 μενος,
821 1500 988 1584 quod
1034 1519 1159 1564 non
1209 1503 1420 1587 magis
1467 1522 1695 1567 verum
1742 1493 1873 1577 est,
1936 1500 2045 1567 sed
2096 1520 2292 1565 manu
2331 1500 2505 1565 ducit
2542 1499 2622 1567 ad
2668 1499 2737 1564 id
2782 1495 2930 1582 quod

563 1627 1084 1691 unumquemque
1139 1609 1305 1673 inter
1346 1607 1689 1695 legendum
1732 1610 1863 1673 iam
1907 1610 2295 1694 praecepisse
2330 1607 2631 1673 arbitror:
2668 1602 2929 1688 σχαζό-

561 1738 652 1791 με
668 1737 736 1777 νο
753 1739 804 1786 ς.
855 1712 1206 1779 Videturne
1250 1713 1369 1779 hoc
1416 1718 1574 1781 satis
1621 1710 1911 1780 certum?

649 1926 865 2010 Antiq.
919 1923 1023 1990 13.
1074 1925 1135 1991 9.
1192 1927 1265 1993 1:
1335 1934 1729 1993 memoratur
1792 1926 1862 1993 τὸ
1913 1927 2217 1993 Χουθαίων
2265 1925 2481 2005 γένος,
2530 1923 2722 2005 ὅπερ
2768 1922 2930 2009 ᾤκει

559 2032 661 2095 τὸν
711 2033 1072 2099 εἰκασθέντα
1119 2036 1204 2113 τῷ
1252 2036 1312 2098 ἐν
1354 2036 1791 2114 Ἰεροσολύμοις
1834 2036 1963 2116 ἱερῷ
2002 2034 2163 2099 ναόν.
2215 2034 2357 2100 Non
2382 2034 2761 2100 habitabant
2781 2036 2933 2098 certe

559 2137 950 2205 Samaritani
998 2142 1065 2205 in
1113 2141 1267 2206 aede
1315 2147 1379 2206 et
1425 2143 1738 2207 scribam:
1788 2138 1816 2207 ὃ
1865 2140 2239 2222 παρῴκει.

651 2350 968 2420 Continuo
1033 2356 1320 2439 sequitur
1380 2358 1658 2421 narratio
1715 2355 1793 2421 de
1838 2354 2159 2443 legatione
2208 2372 2401 2439 quam
2447 2352 2727 2419 Romam
2772 2350 2933 2417 misit

557 2460 935 2549 Hyrcanae,
988 2460 1202 2547 Antiq.
1261 2462 1361 2529 13.
1413 2460 1475 2526 9.
1525 2461 1589 2528 2.
1659 2461 1889 2549 Legati
1930 2470 2269 2548 postquam
2308 2462 2376 2527 in
2415 2459 2722 2526 Senatum
2756 2460 2933 2526 intro·

558 2568 738 2634 ducti
784 2575 966 2644 sunt,
1019 2575 1084 2632 et
1131 2566 1256 2634 alia
1305 2570 1626 2653 petierunt
1674 2577 1738 2635 et
1783 2565 1943 2640 ὅπως
1994 2569 2078 2633 τὰ
2126 2569 2296 2634 κατὰ
2343 2567 2445 2632 τὸν
2483 2566 2757 2645 πόλεμον
2796 2567 2931 2628 ἐκεῖ·

558 2698 648 2739 νον
697 2673 1308 2753 ψηλαφηθέντα
1364 2673 1467 2739 ὑπ’
1522 2673 1853 2756 Ἀντίοχον
1903 2675 2077 2754 παρὰ
2124 2675 2195 2740 τὸ
2244 2682 2353 2747 τῆς
2402 2677 2761 2752 συγκλήτου
2807 2671 2933 2750 δόγ·

556 2805 650 2859 μα
699 2779 898 2860 ἄκυρα
946 2781 1223 2858 γένηται.
1288 2757 1946 2867 ΙιοἨενοι-οαωρὶιιε
1994 2781 2199 2850 edidit
2240 2787 2305 2847 et
2352 2779 2783 2867 Spanhemiue
2825 2783 2930 2856 ψη·

557 2887 925 2968 λαφηθέντα
987 2886 1349 2974 intelligere
1409 2888 1532 2951 sibi
1596 2888 1885 2966 videtur,
1942 2887 2161 2954 laudat
2206 2893 2373 2953 certe
2419 2883 2652 2952 Genea.
2704 2883 2811 2952 2¹7.
2858 2879 2930 2947 12

555 3001 620 3060 et
666 2993 863 3059 Exod.
921 2993 1025 3058 10.
1076 2992 1201 3071 21,
1249 2993 1374 3057 nisi
1420 2995 1582 3058 sorte
1631 2991 1899 3059 lectores
1946 2992 2261 3060 ludificari
2299 2991 2613 3076 voluerit,
2655 3013 2801 3059 cum
2826 2996 2930 3066 ψη·

554 3100 842 3176 λαφητὸν
889 3098 1099 3171 σκότος
1150 3099 1242 3162 ibi
1289 3098 1556 3164 dicatur.
1610 3097 1793 3164 Unus
1841 3099 2037 3166 codex
2081 3100 2476 3180 ψηφισθέντα
2523 3097 2721 3165 habet
2756 3098 2929 3182 idque

553 3210 768 3270 nostra
814 3212 1020 3270 aetate
1066 3207 1264 3269 nimis
1309 3205 1536 3289 cupide
1588 3214 1913 3290 arreptum
1961 3206 2124 3290 fuit,
2172 3226 2319 3271 nam
2368 3225 2571 3290 neque
2621 3203 2783 3272 illud
2822 3211 2928 3284 ψη·

555 3311 854 3392 φισθέντα
905 3310 982 3376 de
1027 3331 1178 3397 rege
1225 3317 1602 3397 usurpatum
1624 3359 1641 3390 ,
1692 3313 1819 3378 huc
1869 3313 2109 3398 optime
2156 3311 2457 3396 quadrat,
2509 3331 2714 3397 neque
2759 3307 2926 3376 intel-

553 3418 786 3506 ligitur
845 3417 1158 3504 quomodo
1223 3417 1631 3483 notissimum
1694 3419 2083 3485 vocabulum
2142 3417 2540 3500 ψηφισθέντα
2601 3419 2777 3483 abire
2838 3433 2930 3501 po·

551 3527 752 3592 tuerit
812 3526 881 3590 in
940 3523 1419 3602 ψηλαφηθέντα.
1496 3522 1709 3589 Facile
1772 3524 2097 3600 obtinebo,
2156 3545 2292 3589 esse
2337 3521 2500 3589 illud
2547 3523 2928 3605 ψηφισθέντα

550 3633 936 3698 malesanam
985 3630 1232 3696 librarii
1283 3630 1615 3696 cuiusdam
1668 3633 2119 3696 correctionem
2161 3637 2225 3696 et
2265 3631 2728 3709 ψηλαφηθέντα
2767 3631 2927 3693 intus

553 3738 754 3806 celare
813 3758 1032 3803 veram
1092 3735 1353 3821 Josephi
1407 3757 1691 3801 manum.
1766 3734 1889 3802 Sed
1939 3737 2093 3821 quid
2136 3737 2395 3802 tandem
2445 3732 2650 3802 latet?
2720 3736 2929 3802 Nonne

552 3839 1224 3919 λεηλατηθένταῗ
1275 3841 1456 3922 Quod
1503 3845 1659 3907 satis
1705 3857 1930 3907 notum
1973 3863 2105 3908 esse
2145 3844 2445 3920 arbitror,
2473 3851 2775 3928 perpetuo
2798 3859 2925 3906 con·

552 3948 908 4014 funduntur
955 3948 1208 4015 litterae
1257 3956 1316 4013 Ψ
1365 3955 1428 4014 et
1475 3959 1566 4024 A,
1620 3947 1843 4030 ψέγειν
1890 3954 1956 4015 et
2002 3947 2209 4028 λέγειν
2254 3952 2399 4015 sim.
2448 3948 2661 4016 Unum
2698 3965 2924 4016 novum

552 4054 918 4140 exemplum
968 4056 1342 4122 adscribam.
1419 4055 1689 4143 Legitur
1735 4055 1903 4142 apud
1951 4043 2307 4122 Lucianum
2355 4057 2533 4122 Asin.
2580 4056 2703 4122 52:
2748 4053 2923 4133 ἄγον·

552 4184 644 4225 σιν
707 4159 862 4225 ἔνδον
927 4164 1074 4241 παρ’
1142 4162 1250 4237 ἐμὲ
1317 4164 1418 4227 καὶ
1468 4162 1772 4243 προσιέναι
1822 4187 1895 4227 τε
1942 4165 2213 4228 ἐκέλευον
2263 4164 2368 4228 καὶ
2418 4164 2717 4242 ψαύειν
2758 4163 2918 4238 ἐμοῦ.

548 4267 701 4335 Fuit
745 4267 1087 4334 libidinosa
1131 4267 1406 4350 mulier,
1455 4272 1559 4334 cui
1606 4289 1730 4335 non
1782 4275 1916 4334 erat
1963 4272 2114 4335 satis
2153 4270 2377 4348 ψαύειν
2416 4277 2481 4337 et
2518 4273 2764 4338 asinum
2788 4285 2919 4332 con·

549 4379 816 4442 tractare
835 4421 854 4456 ,
899 4374 1010 4440 sed
1055 4374 1184 4441 frui
1231 4374 1510 4454 volebat,
1561 4374 1680 4442 hoc
1734 4381 1831 4442 est
1878 4375 2243 4444 ἀπολαύειν.
