<?xml version="1.0" encoding="UTF-8"?>
<!DOCTYPE html PUBLIC "-//W3C//DTD XHTML 1.0 Transitional//EN"
    "http://www.w3.org/TR/xhtml1/DTD/xhtml1-transitional.dtd">
<html xmlns="http://www.w3.org/1999/xhtml" xml:lang="en" lang="en">
 <head>
  <title>
</title>
<meta http-equiv="Content-Type" content="text/html;charset=utf-8" />
  <meta name='ocr-system' content='tesseract 3.04.00' />
  <meta name='ocr-capabilities' content='ocr_page ocr_carea ocr_par ocr_line ocrx_word'/>
</head>
<body>
  <div class='ocr_page' id='page_1' title='image "./mnemosyne06servgoog_0424.png"; bbox 0 0 3150 5000; ppageno 0'>
   <div class='ocr_carea' id='block_1_1' title="bbox 524 252 1867 323">
    <p class='ocr_par' dir='ltr' id='par_1_1' title="bbox 524 252 1867 323">
     <span class='ocr_line' id='line_1_1' title="bbox 524 252 1867 323; baseline 0.002 -3"><span class='ocrx_word' id='word_1_1' title='bbox 524 252 658 320; x_wconf 83' lang='lat'><strong>404</strong></span> <span class='ocrx_word' id='word_1_2' title='bbox 1547 274 1867 323; x_wconf 71' lang='lat' dir='ltr'><strong>nonnus,</strong></span> 
     </span>
    </p>
   </div>
   <div class='ocr_carea' id='block_1_2' title="bbox 516 438 2882 615">
    <p class='ocr_par' dir='ltr' id='par_1_2' title="bbox 516 438 2882 615">
     <span class='ocr_line' id='line_1_2' title="bbox 519 438 2882 528; baseline 0 -21"><span class='ocrx_word' id='word_1_3' title='bbox 519 438 694 507; x_wconf 81' lang='lat' dir='ltr'><strong>Scut.</strong></span> <span class='ocrx_word' id='word_1_4' title='bbox 768 462 861 508; x_wconf 84' lang='lat' dir='ltr'><strong>vs.</strong></span> <span class='ocrx_word' id='word_1_5' title='bbox 933 440 1019 507; x_wconf 87' lang='grc'><strong>87</strong></span> <span class='ocrx_word' id='word_1_6' title='bbox 1041 490 1057 521; x_wconf 90' lang='grc'><strong><em>,</em></strong></span> <span class='ocrx_word' id='word_1_7' title='bbox 1128 443 1245 509; x_wconf 85' lang='lat' dir='ltr'><strong>ubi</strong></span> <span class='ocrx_word' id='word_1_8' title='bbox 1313 442 1392 509; x_wconf 89' lang='lat' dir='ltr'><strong>de</strong></span> <span class='ocrx_word' id='word_1_9' title='bbox 1463 464 1529 509; x_wconf 87' lang='lat' dir='ltr'><strong>se</strong></span> <span class='ocrx_word' id='word_1_10' title='bbox 1592 448 1656 509; x_wconf 89' lang='lat' dir='ltr'><strong>et</strong></span> <span class='ocrx_word' id='word_1_11' title='bbox 1718 441 1961 528; x_wconf 80' lang='lat' dir='ltr'><strong>Iphicle</strong></span> <span class='ocrx_word' id='word_1_12' title='bbox 2020 444 2176 509; x_wconf 81' lang='lat' dir='ltr'><strong>haee</strong></span> <span class='ocrx_word' id='word_1_13' title='bbox 2236 442 2547 509; x_wconf 76' lang='lat' dir='ltr'><strong>Hercules</strong></span> <span class='ocrx_word' id='word_1_14' title='bbox 2606 442 2759 507; x_wconf 84' lang='lat' dir='ltr'><strong>dicit</strong></span> <span class='ocrx_word' id='word_1_15' title='bbox 2814 438 2882 507; x_wconf 79' lang='lat' dir='ltr'><strong>ad</strong></span> 
     </span>
     <span class='ocr_line' id='line_1_3' title="bbox 516 547 799 615; baseline 0 -1"><span class='ocrx_word' id='word_1_16' title='bbox 516 547 799 615; x_wconf 87' lang='lat' dir='ltr'><strong>Iolaum:</strong></span> 
     </span>
    </p>
   </div>
   <div class='ocr_carea' id='block_1_3' title="bbox 516 670 2889 2265">
    <p class='ocr_par' dir='ltr' id='par_1_3' title="bbox 948 670 2785 967">
     <span class='ocr_line' id='line_1_4' title="bbox 1220 670 2785 755; baseline -0.001 -18"><span class='ocrx_word' id='word_1_17' title='bbox 1220 672 1408 755; x_wconf 74' lang='grc' dir='ltr'><strong><em>τοὶχοι</em></strong></span> <span class='ocrx_word' id='word_1_18' title='bbox 1452 670 1507 738; x_wconf 70' lang='grc' dir='ltr'><strong>δ’</strong></span> <span class='ocrx_word' id='word_1_19' title='bbox 1554 670 1833 751; x_wconf 73' lang='grc' dir='ltr'><strong><em>ἄμμες</em></strong></span> <span class='ocrx_word' id='word_1_20' title='bbox 1883 670 2459 750; x_wconf 72' lang='grc' dir='ltr'><strong>ἐπιπλομένων</strong></span> <span class='ocrx_word' id='word_1_21' title='bbox 2506 670 2785 736; x_wconf 72' lang='grc' dir='ltr'><strong><em>ἐνιαυτῶν</em></strong></span> 
     </span>
     <span class='ocr_line' id='line_1_5' title="bbox 948 777 2512 861; baseline 0 -18"><span class='ocrx_word' id='word_1_22' title='bbox 948 777 1249 858; x_wconf 72' lang='grc' dir='ltr'><strong><em>γεινόμεθ’</em></strong></span> <span class='ocrx_word' id='word_1_23' title='bbox 1298 778 1438 844; x_wconf 87' lang='grc' dir='ltr'><strong><em>οὔτε</em></strong></span> <span class='ocrx_word' id='word_1_24' title='bbox 1484 779 1647 861; x_wconf 65' lang='grc' dir='ltr'><strong><em>φυὴν</em></strong></span> <span class='ocrx_word' id='word_1_25' title='bbox 1698 779 2038 856; x_wconf 72' lang='grc' dir='ltr'><strong><em>ἐναλίγκιοι</em></strong></span> <span class='ocrx_word' id='word_1_26' title='bbox 2084 779 2229 844; x_wconf 86' lang='grc' dir='ltr'><strong><em>οὔτε</em></strong></span> <span class='ocrx_word' id='word_1_27' title='bbox 2272 778 2512 856; x_wconf 74' lang='grc' dir='ltr'><strong><em>νόημα,</em></strong></span> 
     </span>
     <span class='ocr_line' id='line_1_6' title="bbox 948 885 1774 967; baseline 0.001 -18"><span class='ocrx_word' id='word_1_28' title='bbox 948 885 1050 956; x_wconf 78' lang='grc' dir='ltr'><strong>σός</strong></span> <span class='ocrx_word' id='word_1_29' title='bbox 1099 910 1167 951; x_wconf 90' lang='grc' dir='ltr'><strong><em>τε</em></strong></span> <span class='ocrx_word' id='word_1_30' title='bbox 1218 888 1425 967; x_wconf 67' lang='grc' dir='ltr'><strong><em>πατὴρ</em></strong></span> <span class='ocrx_word' id='word_1_31' title='bbox 1473 886 1578 949; x_wconf 70' lang='grc' dir='ltr'><strong>καὶ</strong></span> <span class='ocrx_word' id='word_1_32' title='bbox 1630 888 1774 963; x_wconf 72' lang='grc' dir='ltr'><strong>ἐγώ.</strong></span> 
     </span>
    </p>

    <p class='ocr_par' dir='ltr' id='par_1_4' title="bbox 517 1001 2889 1625">
     <span class='ocr_line' id='line_1_7' title="bbox 609 1001 2885 1095; baseline -0.001 -24"><span class='ocrx_word' id='word_1_33' title='bbox 609 1005 909 1073; x_wconf 81' lang='lat' dir='ltr'><strong>Potestne</strong></span> <span class='ocrx_word' id='word_1_34' title='bbox 955 1006 1224 1072; x_wconf 89' lang='lat' dir='ltr'><strong>dubium</strong></span> <span class='ocrx_word' id='word_1_35' title='bbox 1265 1028 1398 1073; x_wconf 87' lang='lat' dir='ltr'><strong>esse</strong></span> <span class='ocrx_word' id='word_1_36' title='bbox 1440 1009 1594 1093; x_wconf 91' lang='lat' dir='ltr'><strong>quin</strong></span> <span class='ocrx_word' id='word_1_37' title='bbox 1619 1006 1662 1072; x_wconf 76' lang='grc' dir='ltr'><strong><em>ἄ</em></strong></span> <span class='ocrx_word' id='word_1_38' title='bbox 1681 1032 1848 1086; x_wconf 81' lang='grc' dir='ltr'><strong><em>μμε</em></strong></span> <span class='ocrx_word' id='word_1_39' title='bbox 1890 1031 1986 1072; x_wconf 87' lang='grc' dir='ltr'><strong><em>πε</em></strong></span> <span class='ocrx_word' id='word_1_40' title='bbox 2006 1006 2392 1088; x_wconf 78' lang='grc' dir='ltr'><strong><em>ριπλομένων</em></strong></span> <span class='ocrx_word' id='word_1_41' title='bbox 2412 1006 2756 1095; x_wconf 86' lang='lat' dir='ltr'><strong>legendum</strong></span> <span class='ocrx_word' id='word_1_42' title='bbox 2778 1001 2885 1071; x_wconf 71' lang='lat' dir='ltr'><strong>sit?</strong></span> 
     </span>
     <span class='ocr_line' id='line_1_8' title="bbox 517 1111 2885 1201; baseline -0.001 -22"><span class='ocrx_word' id='word_1_43' title='bbox 517 1111 734 1198; x_wconf 87' lang='lat' dir='ltr'><strong>Ipsum</strong></span> <span class='ocrx_word' id='word_1_44' title='bbox 783 1120 1066 1181; x_wconf 77' lang='lat' dir='ltr'><strong>metrum</strong></span> <span class='ocrx_word' id='word_1_45' title='bbox 1111 1114 1229 1180; x_wconf 82' lang='lat' dir='ltr'><strong>hoc</strong></span> <span class='ocrx_word' id='word_1_46' title='bbox 1277 1118 1371 1180; x_wconf 84' lang='lat' dir='ltr'><strong>ita</strong></span> <span class='ocrx_word' id='word_1_47' title='bbox 1413 1116 1638 1201; x_wconf 87' lang='lat' dir='ltr'><strong>probat</strong></span> <span class='ocrx_word' id='word_1_48' title='bbox 1684 1122 1759 1180; x_wconf 89' lang='lat' dir='ltr'><strong>ut</strong></span> <span class='ocrx_word' id='word_1_49' title='bbox 1805 1114 1968 1181; x_wconf 86' lang='lat' dir='ltr'><strong>nulli</strong></span> <span class='ocrx_word' id='word_1_50' title='bbox 2016 1113 2129 1181; x_wconf 85' lang='lat' dir='ltr'><strong>alii</strong></span> <span class='ocrx_word' id='word_1_51' title='bbox 2175 1117 2535 1200; x_wconf 87' lang='lat' dir='ltr'>pronomini</span> <span class='ocrx_word' id='word_1_52' title='bbox 2579 1115 2685 1180; x_wconf 84' lang='lat' dir='ltr'><strong>hic</strong></span> <span class='ocrx_word' id='word_1_53' title='bbox 2727 1114 2885 1180; x_wconf 86' lang='lat' dir='ltr'><strong>locus</strong></span> 
     </span>
     <span class='ocr_line' id='line_1_9' title="bbox 517 1217 2884 1298; baseline -0.002 -13"><span class='ocrx_word' id='word_1_54' title='bbox 517 1221 633 1293; x_wconf 89' lang='lat' dir='ltr'><strong>sit,</strong></span> <span class='ocrx_word' id='word_1_55' title='bbox 699 1228 762 1285; x_wconf 85' lang='lat' dir='ltr'><strong>et</strong></span> <span class='ocrx_word' id='word_1_56' title='bbox 822 1222 954 1285; x_wconf 88' lang='lat' dir='ltr'><strong>iam</strong></span> <span class='ocrx_word' id='word_1_57' title='bbox 1015 1217 1329 1285; x_wconf 83' lang='lat' dir='ltr'><strong>Guietum</strong></span> <span class='ocrx_word' id='word_1_58' title='bbox 1375 1221 1442 1285; x_wconf 90' lang='lat' dir='ltr'><strong>id</strong></span> <span class='ocrx_word' id='word_1_59' title='bbox 1489 1219 1880 1287; x_wconf 77' lang='lat' dir='ltr'><strong>intellexisse</strong></span> <span class='ocrx_word' id='word_1_60' title='bbox 1932 1221 2111 1287; x_wconf 86' lang='lat' dir='ltr'><strong>video</strong></span> <span class='ocrx_word' id='word_1_61' title='bbox 2128 1241 2145 1298; x_wconf 89' lang='lat'>;</span> <span class='ocrx_word' id='word_1_62' title='bbox 2194 1220 2360 1285; x_wconf 88' lang='lat' dir='ltr'><strong>nihil</strong></span> <span class='ocrx_word' id='word_1_63' title='bbox 2407 1224 2580 1285; x_wconf 89' lang='lat' dir='ltr'><strong>enim</strong></span> <span class='ocrx_word' id='word_1_64' title='bbox 2630 1226 2723 1286; x_wconf 86' lang='lat' dir='ltr'><strong>est</strong></span> <span class='ocrx_word' id='word_1_65' title='bbox 2767 1220 2884 1283; x_wconf 79' lang='grc' dir='ltr'><strong><em>ἐπι-</em></strong></span> 
     </span>
     <span class='ocr_line' id='line_1_10' title="bbox 517 1325 2889 1410; baseline -0 -20"><span class='ocrx_word' id='word_1_66' title='bbox 517 1326 836 1401; x_wconf 77' lang='grc' dir='ltr'><strong><em>πλομένων</em></strong></span> <span class='ocrx_word' id='word_1_67' title='bbox 884 1346 996 1410; x_wconf 91' lang='lat' dir='ltr'><strong>pro</strong></span> <span class='ocrx_word' id='word_1_68' title='bbox 1045 1328 1533 1405; x_wconf 75' lang='grc' dir='ltr'><strong><em>περιπλομένων,</em></strong></span> <span class='ocrx_word' id='word_1_69' title='bbox 1594 1334 1659 1393; x_wconf 85' lang='lat' dir='ltr'><strong>et</strong></span> <span class='ocrx_word' id='word_1_70' title='bbox 1704 1348 1922 1392; x_wconf 87' lang='lat' dir='ltr'><strong>merus</strong></span> <span class='ocrx_word' id='word_1_71' title='bbox 1967 1328 2317 1391; x_wconf 86' lang='lat' dir='ltr'><strong>scribarum</strong></span> <span class='ocrx_word' id='word_1_72' title='bbox 2367 1347 2537 1393; x_wconf 86' lang='lat' dir='ltr'><strong>error</strong></span> <span class='ocrx_word' id='word_1_73' title='bbox 2582 1348 2698 1393; x_wconf 90' lang='lat' dir='ltr'><strong>nos</strong></span> <span class='ocrx_word' id='word_1_74' title='bbox 2740 1325 2889 1390; x_wconf 89' lang='lat' dir='ltr'><strong>ludi-</strong></span> 
     </span>
     <span class='ocr_line' id='line_1_11' title="bbox 517 1430 2884 1518; baseline -0 -23"><span class='ocrx_word' id='word_1_75' title='bbox 517 1430 698 1517; x_wconf 83' lang='lat' dir='ltr'><strong>ficat,</strong></span> <span class='ocrx_word' id='word_1_76' title='bbox 746 1434 856 1517; x_wconf 91' lang='lat' dir='ltr'><strong>qui</strong></span> <span class='ocrx_word' id='word_1_77' title='bbox 902 1433 1068 1498; x_wconf 90' lang='lat' dir='ltr'><strong>unde</strong></span> <span class='ocrx_word' id='word_1_78' title='bbox 1115 1441 1291 1498; x_wconf 89' lang='lat' dir='ltr'><strong>ortus</strong></span> <span class='ocrx_word' id='word_1_79' title='bbox 1339 1436 1426 1499; x_wconf 88' lang='lat' dir='ltr'><strong>sit</strong></span> <span class='ocrx_word' id='word_1_80' title='bbox 1465 1433 1712 1500; x_wconf 86' lang='lat' dir='ltr'><strong>ostendi</strong></span> <span class='ocrx_word' id='word_1_81' title='bbox 1734 1440 1971 1518; x_wconf 83' lang='lat' dir='ltr'><strong>potest:</strong></span> <span class='ocrx_word' id='word_1_82' title='bbox 2014 1442 2399 1498; x_wconf 78' lang='lat' dir='ltr'><strong>AMEFEPI</strong></span> <span class='ocrx_word' id='word_1_83' title='bbox 2423 1435 2491 1498; x_wconf 93' lang='lat' dir='ltr'><strong>in</strong></span> <span class='ocrx_word' id='word_1_84' title='bbox 2517 1439 2884 1498; x_wconf 79' lang='lat' dir='ltr'><strong>AMEcEm</strong></span> 
     </span>
     <span class='ocr_line' id='line_1_12' title="bbox 517 1522 1116 1625; baseline -0.002 -22"><span class='ocrx_word' id='word_1_85' title='bbox 517 1543 613 1603; x_wconf 86' lang='lat' dir='ltr'><strong>est</strong></span> <span class='ocrx_word' id='word_1_86' title='bbox 659 1524 1048 1625; x_wconf 75' lang='lat' dir='ltr'><strong>corruptum.</strong></span> <span class='ocrx_word' id='word_1_87' title='bbox 1111 1522 1116 1529; x_wconf 49' lang='grc'><strong>’</strong></span> 
     </span>
    </p>

    <p class='ocr_par' dir='ltr' id='par_1_5' title="bbox 517 1642 2884 1839">
     <span class='ocr_line' id='line_1_13' title="bbox 537 1642 2884 1733; baseline -0 -25"><span class='ocrx_word' id='word_1_88' title='bbox 537 1676 544 1684; x_wconf 84' lang='lat'><em>-</em></span> <span class='ocrx_word' id='word_1_89' title='bbox 606 1642 746 1709; x_wconf 88' lang='lat' dir='ltr'><strong>Iam</strong></span> <span class='ocrx_word' id='word_1_90' title='bbox 809 1644 1014 1733; x_wconf 76' lang='lat' dir='ltr'><strong>igitur</strong></span> <span class='ocrx_word' id='word_1_91' title='bbox 1070 1667 1174 1712; x_wconf 87' lang='lat' dir='ltr'><strong>res</strong></span> <span class='ocrx_word' id='word_1_92' title='bbox 1234 1653 1404 1712; x_wconf 82' lang='lat' dir='ltr'><strong>certa</strong></span> <span class='ocrx_word' id='word_1_93' title='bbox 1467 1650 1596 1726; x_wconf 87' lang='lat' dir='ltr'><strong>est,</strong></span> <span class='ocrx_word' id='word_1_94' title='bbox 1662 1650 1914 1733; x_wconf 90' lang='lat' dir='ltr'>opinor:</span> <span class='ocrx_word' id='word_1_95' title='bbox 1982 1643 2161 1725; x_wconf 76' lang='grc' dir='ltr'><strong><em>ἄμμε</em></strong></span> <span class='ocrx_word' id='word_1_96' title='bbox 2219 1643 2540 1733; x_wconf 80' lang='lat' dir='ltr'><strong>significat</strong></span> <span class='ocrx_word' id='word_1_97' title='bbox 2590 1670 2695 1711; x_wconf 72' lang='lat' dir='ltr'><strong>nos</strong></span> <span class='ocrx_word' id='word_1_98' title='bbox 2742 1646 2884 1709; x_wconf 82' lang='lat' dir='ltr'><strong>ambo</strong></span> 
     </span>
     <span class='ocr_line' id='line_1_14' title="bbox 517 1753 1804 1839; baseline 0.004 -26"><span class='ocrx_word' id='word_1_99' title='bbox 517 1756 642 1831; x_wconf 73' lang='lat' dir='ltr'><strong>(eqo</strong></span> <span class='ocrx_word' id='word_1_100' title='bbox 687 1758 744 1815; x_wconf 70' lang='lat' dir='ltr'><strong>eb</strong></span> <span class='ocrx_word' id='word_1_101' title='bbox 789 1753 881 1838; x_wconf 72' lang='lat' dir='ltr'><strong>tu)</strong></span> <span class='ocrx_word' id='word_1_102' title='bbox 932 1758 995 1817; x_wconf 82' lang='lat' dir='ltr'><strong>et</strong></span> <span class='ocrx_word' id='word_1_103' title='bbox 1043 1775 1148 1817; x_wconf 71' lang='lat' dir='ltr'><strong>noa</strong></span> <span class='ocrx_word' id='word_1_104' title='bbox 1195 1754 1389 1819; x_wconf 74' lang='lat' dir='ltr'><strong>ambos</strong></span> <span class='ocrx_word' id='word_1_105' title='bbox 1438 1755 1554 1839; x_wconf 79' lang='lat' dir='ltr'><strong>(me</strong></span> <span class='ocrx_word' id='word_1_106' title='bbox 1599 1761 1657 1818; x_wconf 70' lang='lat' dir='ltr'><strong>eb</strong></span> <span class='ocrx_word' id='word_1_107' title='bbox 1702 1754 1804 1839; x_wconf 71' lang='lat' dir='ltr'><strong>be).</strong></span> 
     </span>
    </p>

    <p class='ocr_par' dir='ltr' id='par_1_6' title="bbox 516 1852 2887 2265">
     <span class='ocr_line' id='line_1_15' title="bbox 547 1852 2886 1944; baseline -0.001 -21"><span class='ocrx_word' id='word_1_108' title='bbox 547 1852 550 1857; x_wconf 70' lang='grc'><strong>’</strong></span> <span class='ocrx_word' id='word_1_109' title='bbox 611 1856 816 1942; x_wconf 80' lang='lat' dir='ltr'><strong>Atqui</strong></span> <span class='ocrx_word' id='word_1_110' title='bbox 863 1861 918 1923; x_wconf 87' lang='lat' dir='ltr'><strong>si</strong></span> <span class='ocrx_word' id='word_1_111' title='bbox 965 1858 1147 1938; x_wconf 76' lang='grc' dir='ltr'><strong><em>ἄμμε</em></strong></span> <span class='ocrx_word' id='word_1_112' title='bbox 1196 1863 1392 1926; x_wconf 85' lang='lat' dir='ltr'><strong>etiam</strong></span> <span class='ocrx_word' id='word_1_113' title='bbox 1444 1862 1510 1925; x_wconf 90' lang='lat' dir='ltr'><strong>in</strong></span> <span class='ocrx_word' id='word_1_114' title='bbox 1557 1862 1956 1927; x_wconf 84' lang='lat' dir='ltr'><strong>nominativo</strong></span> <span class='ocrx_word' id='word_1_115' title='bbox 2002 1858 2291 1925; x_wconf 85' lang='lat' dir='ltr'><strong>adhiberi</strong></span> <span class='ocrx_word' id='word_1_116' title='bbox 2331 1866 2573 1944; x_wconf 83' lang='lat' dir='ltr'><strong>potest,</strong></span> <span class='ocrx_word' id='word_1_117' title='bbox 2616 1859 2695 1925; x_wconf 89' lang='lat' dir='ltr'><strong>de</strong></span> <span class='ocrx_word' id='word_1_118' title='bbox 2734 1858 2886 1933; x_wconf 83' lang='grc' dir='ltr'><strong><em>ὔμμε</em></strong></span> 
     </span>
     <span class='ocr_line' id='line_1_16' title="bbox 516 1964 2887 2053; baseline 0 -24"><span class='ocrx_word' id='word_1_119' title='bbox 516 1966 866 2031; x_wconf 84' lang='lat' dir='ltr'><strong>necessario</strong></span> <span class='ocrx_word' id='word_1_120' title='bbox 913 1966 1085 2031; x_wconf 90' lang='lat' dir='ltr'><strong>idem</strong></span> <span class='ocrx_word' id='word_1_121' title='bbox 1135 1967 1546 2033; x_wconf 85' lang='lat' dir='ltr'><strong>statuendum</strong></span> <span class='ocrx_word' id='word_1_122' title='bbox 1598 1988 1731 2033; x_wconf 84' lang='lat' dir='ltr'><strong>esse</strong></span> <span class='ocrx_word' id='word_1_123' title='bbox 1779 1971 2072 2053; x_wconf 84' lang='lat' dir='ltr'><strong>apparet3</strong></span> <span class='ocrx_word' id='word_1_124' title='bbox 2134 1974 2515 2052; x_wconf 83' lang='lat' dir='ltr'><strong>quapropter</strong></span> <span class='ocrx_word' id='word_1_125' title='bbox 2557 1966 2763 2031; x_wconf 84' lang='lat' dir='ltr'><strong>tribus</strong></span> <span class='ocrx_word' id='word_1_126' title='bbox 2804 1964 2887 2029; x_wconf 91' lang='lat' dir='ltr'><strong>lo-</strong></span> 
     </span>
     <span class='ocr_line' id='line_1_17' title="bbox 521 2070 2886 2159; baseline -0.001 -22"><span class='ocrx_word' id='word_1_127' title='bbox 521 2071 646 2150; x_wconf 80' lang='lat' dir='ltr'><strong>eis,</strong></span> <span class='ocrx_word' id='word_1_128' title='bbox 688 2071 801 2136; x_wconf 90' lang='lat' dir='ltr'><strong>ubi</strong></span> <span class='ocrx_word' id='word_1_129' title='bbox 849 2070 1052 2150; x_wconf 82' lang='grc' dir='ltr'><strong><em>ὔμμες</em></strong></span> <span class='ocrx_word' id='word_1_130' title='bbox 1102 2082 1246 2139; x_wconf 86' lang='lat' dir='ltr'><strong>ante</strong></span> <span class='ocrx_word' id='word_1_131' title='bbox 1295 2095 1618 2139; x_wconf 84' lang='lat' dir='ltr'><strong>caesuram</strong></span> <span class='ocrx_word' id='word_1_132' title='bbox 1667 2082 1966 2159; x_wconf 89' lang='lat' dir='ltr'><strong>sequente</strong></span> <span class='ocrx_word' id='word_1_133' title='bbox 2012 2070 2220 2137; x_wconf 82' lang='lat' dir='ltr'><strong>vooali</strong></span> <span class='ocrx_word' id='word_1_134' title='bbox 2266 2072 2344 2137; x_wconf 90' lang='lat' dir='ltr'><strong>de</strong></span> <span class='ocrx_word' id='word_1_135' title='bbox 2382 2070 2634 2138; x_wconf 86' lang='lat' dir='ltr'><strong>duobus</strong></span> <span class='ocrx_word' id='word_1_136' title='bbox 2661 2072 2886 2137; x_wconf 84' lang='lat' dir='ltr'><strong>dictum</strong></span> 
     </span>
     <span class='ocr_line' id='line_1_18' title="bbox 516 2176 2009 2265; baseline 0.001 -22"><span class='ocrx_word' id='word_1_137' title='bbox 516 2176 792 2265; x_wconf 83' lang='lat' dir='ltr'><strong>legitur,</strong></span> <span class='ocrx_word' id='word_1_138' title='bbox 843 2182 1125 2265; x_wconf 84' lang='lat' dir='ltr'><strong>suspicor</strong></span> <span class='ocrx_word' id='word_1_139' title='bbox 1169 2180 1574 2247; x_wconf 83' lang='lat' dir='ltr'><strong>scribendum</strong></span> <span class='ocrx_word' id='word_1_140' title='bbox 1623 2202 1757 2245; x_wconf 88' lang='lat' dir='ltr'><strong>esse</strong></span> <span class='ocrx_word' id='word_1_141' title='bbox 1804 2180 2009 2258; x_wconf 64' lang='grc' dir='ltr'><strong><em>ὔμμες</em></strong></span> 
     </span>
    </p>
   </div>
   <div class='ocr_carea' id='block_1_4' title="bbox 609 2296 2886 2932">
    <p class='ocr_par' dir='ltr' id='par_1_7' title="bbox 611 2296 2883 2492">
     <span class='ocr_line' id='line_1_19' title="bbox 611 2296 2883 2388; baseline 0 -23"><span class='ocrx_word' id='word_1_142' title='bbox 611 2311 669 2365; x_wconf 80' lang='lat' dir='ltr'>A</span> <span class='ocrx_word' id='word_1_143' title='bbox 717 2296 884 2366; x_wconf 81' lang='lat'>274:</span> <span class='ocrx_word' id='word_1_144' title='bbox 946 2302 1126 2367; x_wconf 67' lang='grc' dir='ltr'><strong>ἀλλὰ</strong></span> <span class='ocrx_word' id='word_1_145' title='bbox 1173 2302 1417 2369; x_wconf 77' lang='grc' dir='ltr'><strong><em>πίθεσθε</em></strong></span> <span class='ocrx_word' id='word_1_146' title='bbox 1466 2304 1569 2368; x_wconf 69' lang='grc' dir='ltr'><strong>καὶ</strong></span> <span class='ocrx_word' id='word_1_147' title='bbox 1622 2302 1918 2388; x_wconf 82' lang='grc' dir='ltr'><strong><em>ὔμμε(ς).</em></strong></span> <span class='ocrx_word' id='word_1_148' title='bbox 1972 2301 2103 2366; x_wconf 73' lang='grc' dir='ltr'><strong><em>ἐπεὶ</em></strong></span> <span class='ocrx_word' id='word_1_149' title='bbox 2155 2300 2465 2366; x_wconf 75' lang='grc' dir='ltr'><strong><em>πείθεο-θαι</em></strong></span> <span class='ocrx_word' id='word_1_150' title='bbox 2516 2296 2883 2379; x_wconf 67' lang='grc' dir='ltr'><strong><em>ἄμεινον,8ἆ</em></strong></span> 
     </span>
     <span class='ocr_line' id='line_1_20' title="bbox 1042 2410 2010 2492; baseline 0.001 -20"><span class='ocrx_word' id='word_1_151' title='bbox 1042 2410 1332 2473; x_wconf 75' lang='lat' dir='ltr'><strong>Achillem</strong></span> <span class='ocrx_word' id='word_1_152' title='bbox 1379 2414 1445 2475; x_wconf 84' lang='lat' dir='ltr'><strong>et</strong></span> <span class='ocrx_word' id='word_1_153' title='bbox 1491 2414 2010 2492; x_wconf 73' lang='lat' dir='ltr'><strong>Ayamemnonem,</strong></span> 
     </span>
    </p>

    <p class='ocr_par' dir='ltr' id='par_1_8' title="bbox 611 2525 2886 2726">
     <span class='ocr_line' id='line_1_21' title="bbox 611 2525 2886 2619; baseline 0 -25"><span class='ocrx_word' id='word_1_154' title='bbox 611 2539 667 2594; x_wconf 85' lang='grc' dir='ltr'><strong>Α</strong></span> <span class='ocrx_word' id='word_1_155' title='bbox 715 2527 878 2594; x_wconf 79' lang='lat'><strong>335:</strong></span> <span class='ocrx_word' id='word_1_156' title='bbox 943 2525 1130 2596; x_wconf 73' lang='grc' dir='ltr'><strong><em>ἆσσον</em></strong></span> <span class='ocrx_word' id='word_1_157' title='bbox 1194 2530 1312 2595; x_wconf 81' lang='grc' dir='ltr'><strong><em>ἴτ’·</em></strong></span> <span class='ocrx_word' id='word_1_158' title='bbox 1375 2530 1443 2596; x_wconf 84' lang='grc' dir='ltr'><strong>οὔ</strong></span> <span class='ocrx_word' id='word_1_159' title='bbox 1505 2532 1567 2597; x_wconf 78' lang='grc' dir='ltr'><strong>τί</strong></span> <span class='ocrx_word' id='word_1_160' title='bbox 1634 2555 1736 2608; x_wconf 89' lang='grc' dir='ltr'><strong>μοι</strong></span> <span class='ocrx_word' id='word_1_161' title='bbox 1804 2531 2066 2615; x_wconf 84' lang='grc' dir='ltr'><strong><em>ὔμμε(ς)</em></strong></span> <span class='ocrx_word' id='word_1_162' title='bbox 2123 2530 2388 2595; x_wconf 74' lang='grc' dir='ltr'><strong><em>ἐπαίτιοι</em></strong></span> <span class='ocrx_word' id='word_1_163' title='bbox 2435 2531 2541 2617; x_wconf 88' lang='lat' dir='ltr'><strong>(an</strong></span> <span class='ocrx_word' id='word_1_164' title='bbox 2593 2555 2671 2594; x_wconf 84' lang='grc' dir='ltr'><strong>-ω</strong></span> <span class='ocrx_word' id='word_1_165' title='bbox 2690 2528 2775 2619; x_wconf 63' lang='lat'><strong>2),</strong></span> <span class='ocrx_word' id='word_1_166' title='bbox 2820 2526 2886 2594; x_wconf 79' lang='lat' dir='ltr'><strong>ad</strong></span> 
     </span>
     <span class='ocr_line' id='line_1_22' title="bbox 1040 2638 2151 2726; baseline -0.001 -25"><span class='ocrx_word' id='word_1_167' title='bbox 1040 2639 1206 2702; x_wconf 69' lang='lat' dir='ltr'><strong>binos</strong></span> <span class='ocrx_word' id='word_1_168' title='bbox 1251 2638 1761 2726; x_wconf 80' lang='lat' dir='ltr'><strong>Agamemnonis</strong></span> <span class='ocrx_word' id='word_1_169' title='bbox 1792 2659 2151 2722; x_wconf 73' lang='lat' dir='ltr'><strong>praecones,</strong></span> 
     </span>
    </p>

    <p class='ocr_par' dir='ltr' id='par_1_9' title="bbox 609 2757 2879 2932">
     <span class='ocr_line' id='line_1_23' title="bbox 609 2757 2879 2846; baseline -0.003 -20"><span class='ocrx_word' id='word_1_170' title='bbox 609 2765 665 2842; x_wconf 85' lang='grc' dir='ltr'><strong>φ</strong></span> <span class='ocrx_word' id='word_1_171' title='bbox 715 2757 885 2826; x_wconf 82' lang='lat'><strong>231:</strong></span> <span class='ocrx_word' id='word_1_172' title='bbox 950 2767 1178 2843; x_wconf 76' lang='grc' dir='ltr'><strong><em>πρῶτος</em></strong></span> <span class='ocrx_word' id='word_1_173' title='bbox 1222 2759 1377 2838; x_wconf 72' lang='grc' dir='ltr'><strong>ἐγώ,</strong></span> <span class='ocrx_word' id='word_1_174' title='bbox 1417 2760 1589 2838; x_wconf 75' lang='grc' dir='ltr'><strong><em>μετὰ</em></strong></span> <span class='ocrx_word' id='word_1_175' title='bbox 1631 2760 1681 2825; x_wconf 81' lang='grc' dir='ltr'><strong>δ’</strong></span> <span class='ocrx_word' id='word_1_176' title='bbox 1707 2759 1965 2846; x_wconf 81' lang='grc' dir='ltr'><strong><em>ὔμμε(ς)</em></strong></span> <span class='ocrx_word' id='word_1_177' title='bbox 1991 2783 2006 2797; x_wconf 92' lang='grc'><strong><em>·</em></strong></span> <span class='ocrx_word' id='word_1_178' title='bbox 2034 2757 2197 2838; x_wconf 77' lang='grc' dir='ltr'><strong><em>ἄταιρ</em></strong></span> <span class='ocrx_word' id='word_1_179' title='bbox 2221 2759 2359 2824; x_wconf 76' lang='grc' dir='ltr'><strong><em>τόδε</em></strong></span> <span class='ocrx_word' id='word_1_180' title='bbox 2384 2765 2561 2836; x_wconf 73' lang='grc' dir='ltr'><strong><em>σῆμα</em></strong></span> <span class='ocrx_word' id='word_1_181' title='bbox 2588 2757 2879 2840; x_wconf 77' lang='grc' dir='ltr'><strong>τετύχθω,</strong></span> 
     </span>
     <span class='ocr_line' id='line_1_24' title="bbox 1041 2867 2030 2932; baseline -0.002 0"><span class='ocrx_word' id='word_1_182' title='bbox 1041 2867 1121 2932; x_wconf 80' lang='lat' dir='ltr'><strong>ad</strong></span> <span class='ocrx_word' id='word_1_183' title='bbox 1168 2868 1488 2931; x_wconf 79' lang='lat' dir='ltr'><strong>Eumaeum</strong></span> <span class='ocrx_word' id='word_1_184' title='bbox 1538 2875 1603 2932; x_wconf 84' lang='lat' dir='ltr'><strong>et</strong></span> <span class='ocrx_word' id='word_1_185' title='bbox 1648 2867 2030 2932; x_wconf 74' lang='lat' dir='ltr'><strong>Philoetium.</strong></span> 
     </span>
    </p>
   </div>
   <div class='ocr_carea' id='block_1_5' title="bbox 515 2986 2891 3498">
    <p class='ocr_par' dir='ltr' id='par_1_10' title="bbox 517 2986 2885 3173">
     <span class='ocr_line' id='line_1_25' title="bbox 517 2986 2885 3074; baseline -0.002 -20"><span class='ocrx_word' id='word_1_186' title='bbox 517 2987 869 3055; x_wconf 82' lang='lat' dir='ltr'><strong>Videantur</strong></span> <span class='ocrx_word' id='word_1_187' title='bbox 927 2995 1247 3074; x_wconf 86' lang='lat' dir='ltr'><strong>praeterea</strong></span> <span class='ocrx_word' id='word_1_188' title='bbox 1310 3009 1470 3073; x_wconf 84' lang='lat' dir='ltr'><strong>quae</strong></span> <span class='ocrx_word' id='word_1_189' title='bbox 1515 2988 1681 3054; x_wconf 87' lang='lat' dir='ltr'><strong>infra</strong></span> <span class='ocrx_word' id='word_1_190' title='bbox 1727 2987 2017 3053; x_wconf 81' lang='lat' dir='ltr'><strong>dicentur</strong></span> <span class='ocrx_word' id='word_1_191' title='bbox 2063 2987 2141 3052; x_wconf 88' lang='lat' dir='ltr'><strong>de</strong></span> <span class='ocrx_word' id='word_1_192' title='bbox 2187 2997 2243 3052; x_wconf 84' lang='lat' dir='ltr'>A</span> <span class='ocrx_word' id='word_1_193' title='bbox 2294 2986 2462 3065; x_wconf 82' lang='lat'><strong>574,</strong></span> <span class='ocrx_word' id='word_1_194' title='bbox 2511 2999 2573 3054; x_wconf 82' lang='lat' dir='ltr'>A</span> <span class='ocrx_word' id='word_1_195' title='bbox 2626 2987 2790 3062; x_wconf 82' lang='lat'><strong>782,</strong></span> <span class='ocrx_word' id='word_1_196' title='bbox 2836 2990 2885 3049; x_wconf 83' lang='lat' dir='ltr'>N</span> 
     </span>
     <span class='ocr_line' id='line_1_26' title="bbox 519 3092 897 3173; baseline 0 -13"><span class='ocrx_word' id='word_1_197' title='bbox 519 3095 605 3162; x_wconf 84' lang='lat'><strong>47</strong></span> <span class='ocrx_word' id='word_1_198' title='bbox 627 3143 643 3172; x_wconf 89' lang='lat'><strong>,</strong></span> <span class='ocrx_word' id='word_1_199' title='bbox 695 3119 741 3173; x_wconf 73' lang='lat' dir='ltr'><em>y</em></span> <span class='ocrx_word' id='word_1_200' title='bbox 792 3092 897 3160; x_wconf 88' lang='grc'><strong>81.</strong></span> 
     </span>
    </p>

    <p class='ocr_par' dir='ltr' id='par_1_11' title="bbox 515 3200 2891 3498">
     <span class='ocr_line' id='line_1_27' title="bbox 610 3200 2891 3284; baseline -0.002 -17"><span class='ocrx_word' id='word_1_201' title='bbox 610 3200 862 3267; x_wconf 78' lang='lat' dir='ltr'><strong>Tertiae</strong></span> <span class='ocrx_word' id='word_1_202' title='bbox 907 3221 1055 3266; x_wconf 83' lang='lat' dir='ltr'><strong>vero</strong></span> <span class='ocrx_word' id='word_1_203' title='bbox 1103 3219 1400 3284; x_wconf 78' lang='lat' dir='ltr'><strong>personae</strong></span> <span class='ocrx_word' id='word_1_204' title='bbox 1444 3201 1649 3266; x_wconf 86' lang='lat' dir='ltr'><strong>forma</strong></span> <span class='ocrx_word' id='word_1_205' title='bbox 1696 3207 1823 3282; x_wconf 86' lang='grc' dir='ltr'><strong>σφε</strong></span> <span class='ocrx_word' id='word_1_206' title='bbox 1869 3221 1994 3266; x_wconf 89' lang='lat' dir='ltr'><strong>non</strong></span> <span class='ocrx_word' id='word_1_207' title='bbox 2042 3201 2166 3265; x_wconf 89' lang='lat' dir='ltr'><strong>nisi</strong></span> <span class='ocrx_word' id='word_1_208' title='bbox 2212 3201 2278 3264; x_wconf 90' lang='lat' dir='ltr'><strong>in</strong></span> <span class='ocrx_word' id='word_1_209' title='bbox 2324 3202 2687 3268; x_wconf 80' lang='lat' dir='ltr'><strong>accusativo</strong></span> <span class='ocrx_word' id='word_1_210' title='bbox 2728 3219 2891 3266; x_wconf 85' lang='lat' dir='ltr'><strong>usur-</strong></span> 
     </span>
     <span class='ocr_line' id='line_1_28' title="bbox 515 3295 2891 3396; baseline -0.002 -22"><span class='ocrx_word' id='word_1_211' title='bbox 515 3314 740 3396; x_wconf 86' lang='lat' dir='ltr'><strong>patur,</strong></span> <span class='ocrx_word' id='word_1_212' title='bbox 800 3307 1342 3393; x_wconf 80' lang='lat' dir='ltr'><strong>quemadmodum</strong></span> <span class='ocrx_word' id='word_1_213' title='bbox 1401 3310 1598 3372; x_wconf 83' lang='lat' dir='ltr'><strong>etiam</strong></span> <span class='ocrx_word' id='word_1_214' title='bbox 1647 3309 1714 3372; x_wconf 88' lang='lat' dir='ltr'><strong>in</strong></span> <span class='ocrx_word' id='word_1_215' title='bbox 1762 3295 2075 3394; x_wconf 79' lang='lat' dir='ltr'><strong>singulari</strong></span> <span class='ocrx_word' id='word_1_216' title='bbox 2122 3312 2187 3371; x_wconf 83' lang='lat' dir='ltr'><strong>et</strong></span> <span class='ocrx_word' id='word_1_217' title='bbox 2234 3304 2471 3391; x_wconf 81' lang='lat' dir='ltr'><strong>plurali</strong></span> <span class='ocrx_word' id='word_1_218' title='bbox 2517 3308 2597 3373; x_wconf 86' lang='lat' dir='ltr'><strong>ab</strong></span> <span class='ocrx_word' id='word_1_219' title='bbox 2645 3307 2764 3372; x_wconf 82' lang='lat' dir='ltr'><strong>hac</strong></span> <span class='ocrx_word' id='word_1_220' title='bbox 2805 3324 2891 3370; x_wconf 78' lang='lat' dir='ltr'><strong>ra-</strong></span> 
     </span>
     <span class='ocr_line' id='line_1_29' title="bbox 518 3411 2319 3498; baseline -0.003 -16"><span class='ocrx_word' id='word_1_221' title='bbox 518 3414 657 3482; x_wconf 78' lang='lat' dir='ltr'><strong>dice</strong></span> <span class='ocrx_word' id='word_1_222' title='bbox 702 3434 826 3481; x_wconf 89' lang='lat' dir='ltr'><strong>non</strong></span> <span class='ocrx_word' id='word_1_223' title='bbox 879 3413 1190 3479; x_wconf 85' lang='lat' dir='ltr'><strong>formatur</strong></span> <span class='ocrx_word' id='word_1_224' title='bbox 1237 3415 1674 3480; x_wconf 79' lang='lat' dir='ltr'><strong>nominativus</strong></span> <span class='ocrx_word' id='word_1_225' title='bbox 1720 3412 1889 3498; x_wconf 88' lang='lat' dir='ltr'><strong>apud</strong></span> <span class='ocrx_word' id='word_1_226' title='bbox 1938 3411 2319 3479; x_wconf 88' lang='lat' dir='ltr'><strong>Homerum.</strong></span> 
     </span>
    </p>
   </div>
   <div class='ocr_carea' id='block_1_6' title="bbox 518 3657 2890 3851">
    <p class='ocr_par' dir='ltr' id='par_1_12' title="bbox 518 3657 2890 3851">
     <span class='ocr_line' id='line_1_30' title="bbox 609 3657 2890 3744; baseline -0.003 -20"><span class='ocrx_word' id='word_1_227' title='bbox 609 3658 938 3726; x_wconf 77' lang='lat' dir='ltr'><strong>Hactenus</strong></span> <span class='ocrx_word' id='word_1_228' title='bbox 998 3660 1194 3725; x_wconf 87' lang='lat' dir='ltr'><strong>statui</strong></span> <span class='ocrx_word' id='word_1_229' title='bbox 1241 3678 1400 3744; x_wconf 87' lang='lat' dir='ltr'><strong>quae</strong></span> <span class='ocrx_word' id='word_1_230' title='bbox 1448 3658 1785 3724; x_wconf 84' lang='lat' dir='ltr'><strong>statuenda</strong></span> <span class='ocrx_word' id='word_1_231' title='bbox 1830 3657 2210 3724; x_wconf 83' lang='lat' dir='ltr'><strong>videbantur</strong></span> <span class='ocrx_word' id='word_1_232' title='bbox 2221 3677 2239 3735; x_wconf 69' lang='grc' dir='ltr'><strong><em>ς</em></strong></span> <span class='ocrx_word' id='word_1_233' title='bbox 2290 3678 2459 3722; x_wconf 84' lang='lat' dir='ltr'><strong>nuno</strong></span> <span class='ocrx_word' id='word_1_234' title='bbox 2504 3657 2890 3742; x_wconf 87' lang='lat' dir='ltr'><strong>opinionem,</strong></span> 
     </span>
     <span class='ocr_line' id='line_1_31' title="bbox 518 3759 2887 3851; baseline -0.003 -21"><span class='ocrx_word' id='word_1_235' title='bbox 518 3786 710 3851; x_wconf 87' lang='lat' dir='ltr'><strong>quam</strong></span> <span class='ocrx_word' id='word_1_236' title='bbox 773 3763 1049 3850; x_wconf 85' lang='lat' dir='ltr'><strong>protuli,</strong></span> <span class='ocrx_word' id='word_1_237' title='bbox 1109 3763 1378 3830; x_wconf 86' lang='lat' dir='ltr'><strong>conabor</strong></span> <span class='ocrx_word' id='word_1_238' title='bbox 1433 3763 1793 3843; x_wconf 84' lang='lat' dir='ltr'><strong>defendere;</strong></span> <span class='ocrx_word' id='word_1_239' title='bbox 1858 3769 2313 3851; x_wconf 82' lang='lat' dir='ltr'><strong>argumentum</strong></span> <span class='ocrx_word' id='word_1_240' title='bbox 2362 3765 2533 3828; x_wconf 88' lang='lat' dir='ltr'><strong>enim</strong></span> <span class='ocrx_word' id='word_1_241' title='bbox 2583 3759 2887 3847; x_wconf 86' lang='lat' dir='ltr'><strong>quoddam</strong></span> 
     </span>
    </p>
   </div>
   <div class='ocr_carea' id='block_1_7' title="bbox 517 3870 1160 3956">
    <p class='ocr_par' dir='ltr' id='par_1_13' title="bbox 517 3870 1160 3956">
     <span class='ocr_line' id='line_1_32' title="bbox 517 3870 1160 3956; baseline 0 -19"><span class='ocrx_word' id='word_1_242' title='bbox 517 3870 683 3937; x_wconf 84' lang='lat' dir='ltr'><strong>obici</strong></span> <span class='ocrx_word' id='word_1_243' title='bbox 727 3890 908 3956; x_wconf 86' lang='lat' dir='ltr'><strong>posse</strong></span> <span class='ocrx_word' id='word_1_244' title='bbox 955 3871 1160 3938; x_wconf 84' lang='lat' dir='ltr'><strong>video.</strong></span> 
     </span>
    </p>
   </div>
   <div class='ocr_carea' id='block_1_8' title="bbox 525 4047 880 4058">
    <p class='ocr_par' dir='ltr' id='par_1_14' title="bbox 525 4047 880 4058">
     <span class='ocr_line' id='line_1_33' title="bbox 525 4047 880 4058; baseline 0 0"><span class='ocrx_word' id='word_1_245' title='bbox 525 4047 880 4058; x_wconf 95' lang='lat' dir='ltr'><strong> </strong></span> 
     </span>
    </p>
   </div>
   <div class='ocr_carea' id='block_1_9' title="bbox 515 4151 2889 4472">
    <p class='ocr_par' dir='ltr' id='par_1_15' title="bbox 515 4151 2889 4472">
     <span class='ocr_line' id='line_1_34' title="bbox 517 4151 2887 4224; baseline -0.004 -14"><span class='ocrx_word' id='word_1_246' title='bbox 517 4159 666 4210; x_wconf 79' lang='lat' dir='ltr'><strong>immo</strong></span> <span class='ocrx_word' id='word_1_247' title='bbox 700 4154 1029 4220; x_wconf 75' lang='grc' dir='ltr'><strong><em>προφανέντε,</em></strong></span> <span class='ocrx_word' id='word_1_248' title='bbox 1064 4162 1117 4208; x_wconf 84' lang='lat' dir='ltr'><strong>ut</strong></span> <span class='ocrx_word' id='word_1_249' title='bbox 1150 4159 1248 4209; x_wconf 75' lang='lat' dir='ltr'><strong>ium</strong></span> <span class='ocrx_word' id='word_1_250' title='bbox 1279 4159 1585 4209; x_wconf 76' lang='lat' dir='ltr'><strong>Aristarchus</strong></span> <span class='ocrx_word' id='word_1_251' title='bbox 1618 4158 1754 4208; x_wconf 77' lang='lat' dir='ltr'><strong>vidit.</strong></span> <span class='ocrx_word' id='word_1_252' title='bbox 1810 4160 1909 4209; x_wconf 81' lang='lat' dir='ltr'><strong>Hie</strong></span> <span class='ocrx_word' id='word_1_253' title='bbox 1942 4174 2128 4224; x_wconf 82' lang='lat' dir='ltr'><strong>quoque</strong></span> <span class='ocrx_word' id='word_1_254' title='bbox 2164 4159 2222 4208; x_wconf 81' lang='lat' dir='ltr'><strong>de</strong></span> <span class='ocrx_word' id='word_1_255' title='bbox 2253 4159 2435 4208; x_wconf 70' lang='lat' dir='ltr'><strong>Iunone</strong></span> <span class='ocrx_word' id='word_1_256' title='bbox 2460 4161 2513 4208; x_wconf 78' lang='lat' dir='ltr'><strong>ct</strong></span> <span class='ocrx_word' id='word_1_257' title='bbox 2540 4157 2754 4207; x_wconf 70' lang='lat' dir='ltr'><strong>Minerva</strong></span> <span class='ocrx_word' id='word_1_258' title='bbox 2777 4151 2887 4204; x_wconf 82' lang='lat' dir='ltr'><strong>illud</strong></span> 
     </span>
     <span class='ocr_line' id='line_1_35' title="bbox 515 4234 2887 4307; baseline -0.003 -17"><span class='ocrx_word' id='word_1_259' title='bbox 515 4236 818 4303; x_wconf 74' lang='grc' dir='ltr'><strong><em>προφανέντε</em></strong></span> <span class='ocrx_word' id='word_1_260' title='bbox 861 4239 1043 4289; x_wconf 84' lang='lat' dir='ltr'><strong>dictum</strong></span> <span class='ocrx_word' id='word_1_261' title='bbox 1086 4245 1182 4300; x_wconf 81' lang='lat' dir='ltr'><strong>est,</strong></span> <span class='ocrx_word' id='word_1_262' title='bbox 1233 4241 1352 4290; x_wconf 80' lang='lat' dir='ltr'><strong>bene</strong></span> <span class='ocrx_word' id='word_1_263' title='bbox 1399 4243 1578 4292; x_wconf 74' lang='lat' dir='ltr'><strong>factum</strong></span> <span class='ocrx_word' id='word_1_264' title='bbox 1625 4257 1737 4291; x_wconf 82' lang='lat' dir='ltr'><strong>vero</strong></span> <span class='ocrx_word' id='word_1_265' title='bbox 1782 4243 1907 4306; x_wconf 90' lang='lat' dir='ltr'><strong>quod</strong></span> <span class='ocrx_word' id='word_1_266' title='bbox 1952 4242 2108 4307; x_wconf 76' lang='lat' dir='ltr'><strong>ipsum</strong></span> <span class='ocrx_word' id='word_1_267' title='bbox 2148 4245 2357 4291; x_wconf 79' lang='lat' dir='ltr'><strong>metrum</strong></span> <span class='ocrx_word' id='word_1_268' title='bbox 2394 4239 2684 4306; x_wconf 75' lang='lat' dir='ltr'><strong>repugnabat</strong></span> <span class='ocrx_word' id='word_1_269' title='bbox 2716 4234 2887 4303; x_wconf 85' lang='lat' dir='ltr'><strong>quomi-</strong></span> 
     </span>
     <span class='ocr_line' id='line_1_36' title="bbox 516 4315 2889 4389; baseline -0.004 -15"><span class='ocrx_word' id='word_1_270' title='bbox 516 4339 606 4374; x_wconf 80' lang='lat' dir='ltr'><strong>nus</strong></span> <span class='ocrx_word' id='word_1_271' title='bbox 651 4323 701 4372; x_wconf 88' lang='lat' dir='ltr'><strong>in</strong></span> <span class='ocrx_word' id='word_1_272' title='bbox 738 4327 1021 4388; x_wconf 80' lang='lat' dir='ltr'><strong>perpetuum</strong></span> <span class='ocrx_word' id='word_1_273' title='bbox 1055 4323 1343 4372; x_wconf 79' lang='lat' dir='ltr'><strong>toleraretur</strong></span> <span class='ocrx_word' id='word_1_274' title='bbox 1377 4323 1518 4373; x_wconf 82' lang='lat' dir='ltr'><strong>lectio</strong></span> <span class='ocrx_word' id='word_1_275' title='bbox 1552 4323 1745 4380; x_wconf 79' lang='lat' dir='ltr'><strong>vitiosa.</strong></span> <span class='ocrx_word' id='word_1_276' title='bbox 1785 4322 1835 4373; x_wconf 89' lang='lat' dir='ltr'><strong>in</strong></span> <span class='ocrx_word' id='word_1_277' title='bbox 1866 4339 1961 4388; x_wconf 79' lang='lat' dir='ltr'><strong>qua</strong></span> <span class='ocrx_word' id='word_1_278' title='bbox 2002 4324 2195 4384; x_wconf 85' lang='lat' dir='ltr'><strong>Dorico,</strong></span> <span class='ocrx_word' id='word_1_279' title='bbox 2236 4323 2309 4372; x_wconf 84' lang='lat' dir='ltr'><strong>vel</strong></span> <span class='ocrx_word' id='word_1_280' title='bbox 2344 4323 2504 4389; x_wconf 74' lang='lat' dir='ltr'><strong>potius</strong></span> <span class='ocrx_word' id='word_1_281' title='bbox 2536 4323 2716 4388; x_wconf 73' lang='lat' dir='ltr'><strong>inepte,</strong></span> <span class='ocrx_word' id='word_1_282' title='bbox 2750 4315 2889 4367; x_wconf 80' lang='lat' dir='ltr'><strong>corri-</strong></span> 
     </span>
     <span class='ocr_line' id='line_1_37' title="bbox 515 4403 1514 4472; baseline 0.001 -17"><span class='ocrx_word' id='word_1_283' title='bbox 515 4404 650 4472; x_wconf 81' lang='lat' dir='ltr'><strong>pitur</strong></span> <span class='ocrx_word' id='word_1_284' title='bbox 681 4403 863 4470; x_wconf 77' lang='lat' dir='ltr'><strong>syllaba</strong></span> <span class='ocrx_word' id='word_1_285' title='bbox 897 4421 978 4461; x_wconf 81' lang='grc' dir='ltr'><strong><em>-οις</em></strong></span> <span class='ocrx_word' id='word_1_286' title='bbox 1011 4406 1264 4455; x_wconf 74' lang='lat' dir='ltr'><strong>uoeusativi</strong></span> <span class='ocrx_word' id='word_1_287' title='bbox 1299 4405 1514 4470; x_wconf 79' lang='lat' dir='ltr'><strong>pluralis.</strong></span> 
     </span>
    </p>
   </div>
   <div class='ocr_carea' id='block_1_10' title="bbox 3079 0 3085 4968">
    <p class='ocr_par' dir='ltr' id='par_1_16' title="bbox 3079 0 3085 4968">
     <span class='ocr_line' id='line_1_38' title="bbox 3079 0 3085 4968; baseline 0 0"><span class='ocrx_word' id='word_1_288' title='bbox 3079 0 3085 4968; x_wconf 95' lang='lat' dir='ltr'><strong> </strong></span> 
     </span>
    </p>
   </div>
  </div>
 </body>
</html>
