3150 5000
1287 274 1747 323 mucunnmvs,
2585 248 2709 313 241

429 443 492 509 8.
544 443 650 510 12.
725 442 1084 528 „Recepisti
1143 445 1508 528 primaeuus
1568 445 1837 532 originis
1901 449 2047 509 tuae
2108 437 2514 526 splendidum
2560 434 2629 499 fl
2647 454 2718 499 o-

336 571 538 629 rem,
604 549 1040 616 amantissime
1103 550 1272 614 mihi
1310 553 1601 615 omnium
1650 551 1879 616 frater:
1928 555 2173 616 aucta
2218 544 2502 634 gloria
2546 560 2721 606 mea

335 655 637 723 confiteor
681 659 793 741 qui
838 659 1120 722 iustus
1166 658 1234 721 in
1283 657 1617 722 deferenda
1662 657 2094 742 superiori
2143 657 2455 740 potestate
2493 646 2721 714 nobili-

338 765 461 829 tati
509 762 672 827 mihi
719 765 1105 848 propinquae
1125 810 1142 840 ‚
1183 783 1370 850 quam
1414 765 1554 847 ipsa
1596 769 1907 850 potestate
1945 762 2166 827 uideor
2205 779 2339 825 esse
2364 750 2720 822 sublimis.”

432 867 558 932 Pro
615 867 912 933 florem
979 867 1232 955 legatur
1291 868 1710 955 fulgorem
1772 868 1915 935 coll.
1964 869 2001 953 ς
2050 865 2169 931 15:
2223 861 2723 944 „Caesaremque

339 974 770 1061 suspiciebant
813 976 1208 1059 imperatorii
1257 975 1520 1040 muricis
1557 974 1809 1062 fulgore
1844 969 2285 1062 flagrantem.”
2329 1007 2411 1018 —-
2451 965 2727 1051 Sequen-

343 1084 439 1147 tia
497 1079 750 1149 nullum
798 1101 1050 1145 sensum
1103 1081 1402 1164 praebent
1449 1081 1775 1147 idoneum.
1846 1080 2025 1148 Haec
2070 1075 2404 1144 emendare
2465 1077 2727 1138 conatus

343 1207 493 1252 sum
563 1186 925 1252 scribendo:
1002 1194 1391 1264 „auctam
1478 1186 1852 1274 gloriam
1924 1206 2179 1251 meam
2252 1178 2550 1248 confiteor
2617 1179 2728 1262 qui

339 1295 674 1358 iustius
736 1293 806 1356 in
865 1292 1199 1358 deferenda
1245 1297 1609 1385 suppari.
1640 1300 1951 1378 potestate
2004 1290 2327 1356 nobilitati
2375 1287 2538 1350 mihi
2586 1303 2726 1369 pro-

344 1403 650 1485 pinquae,
703 1420 894 1484 quam
943 1402 1082 1484 ipsa
1128 1404 1440 1484 potestate
1479 1401 1699 1465 uideor
1738 1421 1871 1466 esse
1911 1395 2268 1464 sublimis.”
2294 1431 2379 1444 —
2404 1392 2731 1466 Potestas,

349 1525 541 1591 quam
592 1504 1002 1572 Constantius
1047 1509 1114 1571 in
1163 1507 1488 1572 Iulianum
1539 1509 1847 1584 contulit,
1896 1526 2058 1588 non,
2107 1507 2363 1589 opinor,
2412 1501 2732 1585 superior,

347 1610 461 1676 sed
521 1631 716 1696 paene
766 1632 877 1696 par
921 1615 966 1676 i.
993 1633 1043 1677 e.
1094 1633 1328 1698 suppar
1373 1619 1506 1678 erat
1553 1634 1724 1679 suae.
1777 1613 1966 1677 Liber
2012 1611 2215 1676 Vatic.
2264 1609 2456 1673 habet
2504 1623 2737 1688 supe-

349 1720 544 1782 rari.
596 1755 678 1765 —
733 1717 1158 1794 „Nobilitati”
1223 1719 1466 1784 dictum
1530 1727 1684 1803 puta
1731 1739 1841 1804 pro
1893 1720 2072 1795 „viro
2119 1713 2407 1798 nobili”;
2456 1711 2536 1778 cf.
2584 1710 2733 1776 Tac.

351 1824 518 1890 Ann.
567 1820 710 1887 XII.
753 1821 877 1902 20;
928 1823 1197 1910 Bentley
1243 1825 1322 1890 ad
1370 1825 1606 1890 Lucan.
1658 1825 1881 1890 Phars.
1928 1822 2039 1890 ΙΙΙ.
2092 1819 2199 1888 77.

449 2059 512 2124 8.
578 2055 683 2123 13.
759 2057 1036 2135 „Adesto
1095 2059 1301 2144 igitur
1361 2057 1653 2122 laborum
1713 2054 2267 2142 periculorumque
2313 2039 2627 2137 particeps
2674 2051 2739 2114 et

355 2162 627 2229 tutelam
673 2165 1141 2229 ministerii
1189 2166 1434 2248 suscipe
1480 2161 1901 2232 Galliarum.”

449 2269 626 2335 Haec
669 2269 977 2356 intellego
1022 2272 1078 2335 si
1117 2273 1207 2336 ita
1245 2269 1576 2358 leguntur:
1636 2269 1950 2348 „tutelam
1992 2268 2148 2334 mei
2185 2267 2454 2333 instar
2492 2265 2741 2346 suscipe

359 2373 780 2442 Galliarum.’'

456 2576 520 2644 8.
583 2577 684 2645 18.
753 2578 1144 2664 ‚,[Iulianus]
1207 2578 1514 2644 Taurinos
1574 2581 1897 2664 peruenit,
1947 2577 2060 2643 ubi
2107 2578 2333 2641 nuntio
2377 2572 2748 2659 percellitur

362 2688 550 2772 gravi
597 2732 612 2749 .
644 2734 658 2747 .
688 2732 703 2748 .
755 2685 1087 2751 Indicabat
1149 2690 1365 2750 autem
1431 2682 1760 2751 Coloniam
1810 2686 2230 2770 Agrippinam
2282 2730 2298 2745 .
2327 2728 2342 2743 .
2374 2727 2388 2743 .
2437 2679 2749 2764 pertinaci

369 2791 776 2857 barbarorum
840 2791 1163 2856 obsidione
1210 2804 1548 2857 reseratam
1601 2793 1857 2877 magnis
1905 2791 2150 2854 uiribus
2196 2794 2261 2853 et
2304 2784 2580 2851 deletam
2638 2830 2655 2849 .
2683 2829 2701 2848 .
2731 2833 2748 2851 .

367 2917 494 2981 quo
540 2918 908 2963 maerore
953 2896 1315 2983 perculsus”
1360 2903 1510 2962 cett.

462 3000 667 3091 Legae
713 3023 942 3088 quaeso
991 3024 1157 3089 „quo
1202 3023 1536 3070 rumore
1583 3000 1969 3088 perculsus.'’

467 3234 528 3300 9.
578 3234 640 3300 8.
694 3236 908 3314 „Inter
945 3258 1050 3302 eos
1096 3236 1358 3302 druidae
1397 3286 1412 3300 .
1443 3286 1458 3299 .
1490 3285 1505 3300 .
1555 3236 1873 3303 sodaliciis
1918 3235 2206 3301 adstricti
2253 3254 2286 3298 c
2303 3253 2339 3298 o
2354 3255 2397 3296 n
2416 3252 2445 3297 s
2464 3250 2500 3296 o
2516 3250 2549 3294 r
2566 3231 2672 3295 tii
2691 3248 2722 3294 s
2738 3276 2757 3308 ‚

375 3343 852 3427 quaestionibus
899 3342 1291 3409 occultarum
1343 3363 1554 3407 rerum
1604 3341 2005 3426 altarumque
2051 3361 2086 3406 e
2104 3361 2136 3404 r
2152 3360 2185 3405 e
2204 3360 2239 3403 c
2256 3340 2324 3403 ti
2368 3335 2573 3402 sunt.'’

469 3448 567 3514 Ex
610 3451 838 3535 primis
882 3449 1116 3514 litteris
1162 3470 1226 3513 u.
1277 3469 1313 3532 q
1334 3469 1375 3512 u
1394 3468 1524 3513 aes
1544 3450 1662 3512 tio
1678 3472 1718 3512 n
1737 3450 1760 3512 i
1784 3450 1879 3512 bu
1898 3469 1926 3511 s
1974 3443 2388 3531 repetendum
2436 3444 2558 3507 erit
2604 3462 2643 3526 q
2661 3462 2757 3507 ue

377 3561 445 3621 et
468 3555 871 3621 scribendum
900 3553 1260 3633 „sodaliciis
1284 3553 1571 3619 adstricti
1612 3574 1645 3618 c
1660 3575 1695 3618 o
1715 3577 1757 3618 n
1774 3574 1803 3618 s
1821 3574 1857 3619 o
1872 3575 1903 3617 r
1917 3560 1946 3617 t
1962 3553 1985 3617 i
2000 3554 2067 3617 is
2085 3572 2126 3637 q
2143 3548 2287 3616 ue.”
2312 3548 2435 3614 Pro
2472 3568 2547 3613 er
2560 3569 2594 3613 e
2610 3568 2645 3612 c
2663 3548 2762 3625 ti,

377 3661 548 3748 quod
594 3660 759 3726 nihil
806 3668 930 3737 est,
979 3664 1245 3726 restitue
1292 3660 1471 3725 sodes
1521 3662 1909 3725 exerciti.
1964 3656 2060 3723 Gf.
2102 3654 2469 3741 Nipperdey
2508 3653 2586 3719 ad
2610 3652 2762 3719 Tac.

377 3771 548 3835 Ann.
595 3765 707 3831 111.
757 3765 866 3833 67.-

481 3968 584 4033 11.
656 3966 760 4034 17.
829 3967 1045 4047 „Vnde
1101 3968 1500 4055 [Rhodanus]
1573 3972 1708 4032 sine
1768 3968 2103 4031 iactura
2164 3983 2435 4027 rerum
2494 3982 2609 4047 per
2654 3958 2765 4027 Sa-

382 4072 685 4159 paudiam
736 4074 937 4139 fertur
979 4081 1044 4140 et
1090 4073 1471 4160 Sequanos.”

477 4178 650 4245 Olim
713 4184 1021 4266 scriptum
1081 4180 1277 4245 fuisse
1343 4188 1496 4266 puto
1566 4182 1741 4258 „sine
1787 4181 2115 4243 iactura
2162 4172 2632 4262 aquarum”;
2683 4172 2765 4241 ci.

382 4288 423 4371 ᾖ
473 4285 592 4351 18:
643 4286 834 4365 „hinc
879 4285 1225 4353 Rhodanus
1273 4288 1454 4373 aquis
1500 4286 1761 4352 aduenis
1808 4281 2243 4370 locupletior.”
