3150 5000
1249 269 1647 325 monemus.
2555 248 2639 318 ‘71

301 436 554 518 ἷροτάτας
606 437 674 512 332
725 436 962 510 ἐκείνας
1012 435 1349 516 νομίζοντες
1398 431 1572 502 εἶναι.
1644 435 1887 501 Deinde
1934 434 2226 501 additur:
2269 433 2533 514 λέγεται
2576 435 2639 502 δὲ

301 545 387 610 καὶ
437 547 508 617 ὥς
565 545 774 610 ἐλαῖαι
839 539 996 619 ἦσαν
1049 542 1263 610 ἄλλοθι
1313 551 1434 622 γῆς
1487 541 1755 620 οὐδαμοῦ
1806 539 1955 608 κατ’
2010 543 2231 609 ἐκεῖνον
2279 541 2383 608 τὸν
2430 528 2666 624 χρόνον

297 654 328 728 ἢ
368 653 419 716 ἐν
461 653 756 732 ’Ammo-1.
842 650 992 716 Tria
1037 656 1355 736 postrema
1400 651 1596 718 verba
1644 647 1923 716 Oobetus
1971 649 2211 716 delevit
2257 648 2413 716 Var.
2461 649 2638 715 Leet.

297 779 346 844 p.
387 756 539 824 418:
583 757 732 824 Non
779 763 875 824 est
919 756 1160 834 hercle,
1211 759 1423 842 inquit
1443 806 1460 840 ,
1508 762 1695 824 vetus
1732 758 1999 841 scriptor
2039 754 2291 821 Ionicus
2333 757 2445 841 qui
2482 757 2639 822 haee

296 864 538 948 addidit,
581 864 694 930 sed
739 863 974 930 sciolus
1021 866 1133 952 qui
1179 862 1474 930 credebat
1519 862 1688 928 oleas
1734 861 1883 928 illas
1921 863 1989 926 in
2035 867 2180 926 urbe
2202 865 2397 928 nasei.
2438 863 2643 928 Hero-

298 971 457 1036 dotus
511 970 738 1036 saltem
799 971 862 1035 ἐν
921 980 998 1052 τῇ
1063 972 1322 1052 Ἀττικῇ
1387 969 1671 1036 dixisset.
1758 967 2045 1057 Longius
2105 969 2639 1056 progrediendum

299 1081 404 1156 est,
447 1079 539 1142 uti
582 1076 888 1162 arbitror3
937 1081 1076 1141 tota
1121 1075 1445 1140 adnotatio
1492 1074 1759 1140 delenda
1805 1079 1919 1140 est.
1992 1073 2153 1140 Tam
2189 1074 2389 1140 stulta
2426 1073 2645 1142 fabula

295 1184 427 1267 ipsis
474 1181 725 1248 Graecis
773 1182 1091 1249 veteribus
1137 1200 1494 1266 numquam
1542 1181 1791 1266 probari
1847 1183 2060 1267 potuit
2106 1184 2171 1245 et
2218 1181 2274 1246 si
2322 1182 2433 1266 qui
2481 1181 2643 1246 forte

293 1288 728 1374 probavissent,
791 1287 1157 1354 Herodotus
1216 1307 1342 1352 non
1388 1285 1713 1352 retulisset
1758 1289 1825 1350 in
1872 1287 2209 1352 historiam
2255 1287 2423 1373 quod
2470 1290 2647 1353 omni

295 1391 400 1460 fide
439 1395 810 1460 destitutum
857 1399 1040 1460 esset.
1111 1391 1202 1458 Ut
1248 1393 1374 1459 alia
1420 1399 1699 1471 taceam,
1749 1398 1930 1458 norat
1979 1399 2145 1459 certe
2192 1414 2386 1479 quam
2436 1393 2646 1460 multa

293 1499 352 1564 in
397 1499 648 1566 Graecia
714 1499 852 1566 looa
914 1501 993 1564 ab
1057 1499 1312 1565 olivetis
1373 1519 1605 1565 nomen
1668 1499 1972 1565 haberent
2039 1505 2103 1565 et
2148 1503 2529 1566 meminerat
2576 1521 2643 1566 se

291 1605 474 1694 legere
527 1606 695 1693 apud
756 1606 1152 1673 Homerum:
1219 1608 1302 1672 τὼ
1369 1605 1429 1672 δὲ
1491 1603 1869 1686 καθεζομένω
1941 1606 2096 1685 ἱερῆς
2158 1606 2331 1686 παρὰ
2386 1604 2644 1684 πυθμέν’

293 1711 498 1789 ἐλαίης.
561 1713 897 1780 Petierunt
941 1713 1148 1780 oleam
1194 1713 1272 1779 ab
1320 1711 1825 1778 Atheniensibus
1862 1711 2195 1797 Epidaurii
2233 1711 2525 1793 ἱροτοὶτας
2566 1712 2637 1787 δὴ

293 1819 496 1891 ἐκείνας
539 1819 878 1902 νομίζοντες
927 1815 1103 1885 εἶναι.
1174 1818 1353 1885 Haeo
1394 1821 1570 1903 justa
1620 1839 1810 1885 eausa
1858 1824 1974 1884 est·

367 2029 726 2120 Significant
784 2031 1080 2119 Spartani
1144 2031 1208 2098 V
1273 2030 1356 2097 91
1425 2053 1492 2098 se
1546 2029 1857 2117 Hippiam
1906 2033 1975 2097 in
2021 2035 2295 2118 patriam
2343 2034 2641 2100 reducere

294 2135 463 2214 velle,
521 2137 614 2204 ἵνα
681 2141 850 2220 κοινῷ
919 2163 987 2203 τε
1038 2139 1204 2218 λόγῳ
1251 2139 1355 2204 καὶ
1405 2139 1573 2220 κοινῷ
1622 2139 1781 2220 ςόλῳ
1829 2137 2404 2217 ἐσαγαγόντες
2451 2141 2638 2206 αὐτὸν

295 2242 344 2312 ἐς
380 2243 491 2316 τὰς
535 2245 792 2321 Ἀθήνας
833 2244 1157 2324 ἀποδῶμεν
1196 2244 1283 2310 τοὶ
1323 2245 1425 2310 καὶ
1469 2243 1877 2323 ἀπειλόμεθα.
1927 2247 2223 2312 Aoristus
2262 2246 2369 2312 hio
2410 2247 2636 2333 displi-

294 2354 374 2414 eet
411 2357 479 2416 et
519 2350 1078 2430 ἐπανάγοντες
1127 2350 1247 2419 hoc
1293 2351 1554 2418 dieitur.

363 2560 646 2631 Nondum
696 2587 736 2632 a
782 2586 1102 2651 quoquam
1147 2565 1550 2632 intellectum
1598 2566 1724 2632 fuit
1771 2567 1938 2651 quod
1987 2567 2063 2633 de
2108 2566 2375 2635 Melissa
2414 2566 2637 2635 Corin·

295 2666 390 2732 thii
429 2677 757 2737 narrarunt
787 2671 852 2738 V
889 2672 990 2737 92.
1043 2671 1324 2738 Evocate
1364 2678 1506 2758 post
1544 2678 1821 2739 mortem
1858 2693 2019 2738 uxor
2055 2671 2386 2739 Periandri
2412 2660 2645 2759 questa*
2728 2762 2733 2767 ⁸
2796 2748 2807 2755 ,

294 2780 372 2839 est
407 2798 472 2843 se
511 2779 720 2867 algere
766 2800 914 2843 oum
959 2778 1132 2845 nuda
1175 2783 1373 2845 esset:
1425 2783 1540 2845 τῶν
1588 2777 1717 2858 γάρ
1762 2781 1813 2846 οἱ
1860 2778 2313 2859 συγκατέθαψε
2361 2780 2637 2859 εἱμάτων
2732 2780 2739 2787 ’

289 2878 484 2961 ὄφελος
537 2882 686 2951 εἶναι
735 2886 902 2953 οὐδὲν
950 2888 1031 2952 οὐ
1079 2885 1788 2953 κατακαυθέντων.
1872 2886 2169 2954 Inaudita
2207 2887 2464 2973 querela
2503 2891 2631 2968 est,

291 3008 448 3072 quam
497 2996 632 3057 tum
680 2992 945 3059 demum
989 2992 1354 3081 intelligere
1401 3013 1759 3080 possemus,
1814 2996 1869 3059 si
1916 2992 2182 3059 Melissa
2228 2996 2404 3060 omni
2460 3000 2636 3061 veste

295 3092 532 3165 detracta
587 3101 656 3165 in
718 3119 951 3187 rogum
1011 3099 1316 3184 imposita
1367 3100 1613 3166 fuisset.
1684 3098 1809 3167 Sed
1855 3101 2080 3165 ricinia
2129 3121 2280 3166 oum
2328 3101 2633 3168 cadavere

297 3202 742 3283 oomburuntur3
786 3208 925 3291 jam
971 3204 1190 3271 nullus
1229 3225 1448 3271 eorum
1491 3227 1645 3271 usus
1684 3212 1813 3284 est;
1858 3208 2073 3292 itaque
2107 3205 2373 3273 Melissa
2413 3213 2636 3292 questa

299 3312 376 3371 ost
413 3310 666 3387 εἱμάτων
715 3309 936 3392 ὄφελος
985 3306 1138 3377 εἶναι
1180 3311 1346 3377 οὐδὲν
1387 3312 2265 3391 συγκατακαυθέντων.
2314 3311 2475 3379 Tam
2515 3311 2635 3378 hoo

299 3418 375 3475 ent
425 3424 733 3503 apertum,
795 3424 870 3483 ut
929 3419 1182 3484 credam
1230 3420 1430 3485 etiam
1479 3418 1639 3484 alios
1685 3418 1815 3485 fere
1861 3421 2212 3485 necessario
2258 3421 2327 3483 in
2374 3418 2639 3484 eandem

297 3523 673 3603 suspicionem
712 3524 1048 3601 incidisse3
1087 3523 1196 3591 sed
1233 3525 1500 3589 retinuit
1545 3544 1651 3589 eos
1676 3523 1843 3610 quod
1866 3544 2019 3590 mox
2042 3527 2349 3610 sequitur.
2390 3524 2638 3611 Nempe

297 3615 589 3695 Periander
646 3628 936 3715 spoliatis
1001 3628 1327 3696 nobilibus
1395 3632 1707 3695 matronis
1774 3666 1851 3677 —
1930 3636 2351 3697 convenerant
2419 3636 2638 3699 autem

299 3724 426 3795 festo
465 3732 558 3801 die
595 3738 664 3800 et
707 3736 916 3815 κόσμῳ
961 3736 1048 3815 τῷ
1097 3736 1381 3817 καλλίστῳ
1426 3733 1761 3816 χρεόμεναι
1790 3773 1860 3785 -
1898 3737 2388 3821 pretiosissimas
2426 3742 2638 3804 vestes

299 3842 656 3917 συμφορήσας
719 3843 782 3915 ἐς
827 3844 1078 3921 ὄρυγμα
1125 3843 1414 3925 Μελίσσῃ
1461 3841 1876 3923 ἐπευχόμενος
1928 3841 2346 3910 κατέκαιε.
2415 3843 2637 3929 Itaque

300 3932 382 4002 his
416 3948 680 4013 vestibus
727 3950 961 4013 misera
1007 3947 1268 4015 Melissa
1313 3969 1438 4015 non
1485 3950 1698 4035 magis
1748 3950 1847 4013 uti
1894 3948 2139 4035 potuit;
2191 3948 2361 4015 nuda
2399 3952 2639 4016 mansit
2738 4004 2741 4007 .

301 4046 360 4105 ut
409 4056 527 4115 erat
575 4073 686 4118 neo
750 4053 939 4120 video
985 4053 1301 4139 quomodo
1348 4056 1483 4141 ejus
1528 4055 1624 4119 ira
1668 4054 1918 4139 placata
1962 4054 2067 4119 sit.
2138 4044 2383 4121 Deinde
2431 4061 2639 4122 vestes

303 4145 358 4211 in
405 4150 646 4236 somam,
704 4156 988 4238 ὄρυγμα,
1056 4159 1321 4225 collatae
1375 4181 1454 4226 ne
1501 4162 1770 4226 eremari
1820 4159 2079 4244 quidem
2126 4165 2426 4245 possunt,
2478 4160 2635 4226 dum

305 4248 482 4325 fumus
539 4264 747 4330 omnia
809 4266 1053 4330 obtinet
1103 4276 1168 4333 et
1215 4287 1320 4331 aer
1365 4266 1837 4332 intercluditur.
1910 4265 2080 4347 Quid
2124 4268 2331 4355 igitur
2374 4267 2635 4333 Perian-

309 4354 429 4425 der?
485 4366 720 4457 Nempe
765 4370 991 4451 κόσμον
1038 4373 1139 4441 τὸν
1188 4371 1516 4452 κάλλιςον,
1566 4372 1685 4440 hoo
1724 4380 1821 4439 est
1862 4396 2048 4439 aurea
2085 4383 2429 4439 ornamenta
2458 4394 2633 4461 ,quae
