3150 5000
537 245 670 311 354
1393 263 1669 314 nume
1704 264 2045 339 *sosarnus

534 427 718 508 μένου
760 429 1036 509 Σενναοὶρ
1075 430 1135 494 ἕν
1175 438 1252 511 τῇ
1292 429 1665 516 Βαβυλωνίᾳ
1700 433 1875 517 χώρα
1900 429 2257 510 μνημονεύει
2297 433 2660 501 Ὲςιαῒος
2703 425 2915 507 λέγων

531 533 757 606 οὕτως·
805 543 922 600 τῶν
969 537 1032 601 δὲ
1078 537 1274 616 ἱερέων
1321 538 1459 609 τοὺς
1509 538 1914 612 διασωθέντας
1965 540 2051 604 τὰ
2096 542 2203 602 τοῦ
2244 529 2518 603 ένυαλίου
2567 535 2705 606 Διὸς
2742 535 2918 612 iepra-

531 668 714 722 ματα
777 642 1098 720 λαβόντας
1159 645 1244 716 εἷς
1307 648 1583 725 Σενναᾶρ
1644 656 1753 721 τῆς
1813 646 2215 723 Βαβυλωνίας
2266 644 2476 709 ε’λθεῖν.
2552 642 2721 709 Alibi
2764 641 2922 708 ΗΘ-

531 755 767 817 stiaeus
815 773 1127 838 nusquam
1177 760 1607 826 memoratur,
1656 754 1778 819 nisi
1830 755 1989 819 forte
2029 752 2197 837 apud
2234 749 2629 836 Stephanum
2669 749 2925 835 Byzan·

531 861 700 924 tium
728 913 740 934 ‚
789 861 898 944 qui
935 861 1003 923 in
1029 879 1180 924 voce
1206 863 1460 939 Βηρυτὸς
1488 862 1928 925 testimonium
1956 859 2297 924 denunciat
2320 857 2595 921 Histiaeo
2618 855 2879 921 cuidam
2902 901 2923 932 ,

529 968 644 1052 qui
701 964 931 1031 itidem
993 966 1070 1031 de
1117 966 1460 1032 Phoenicia
1503 969 1777 1052 scripsit.
1849 965 1995 1032 Scio
2039 965 2298 1051 quidem
2347 964 2517 1049 apud
2562 961 2923 1048 Josephum

530 1069 871 1136 admodum
935 1080 1214 1138 veterem
1278 1075 1659 1157 scripturam
1717 1094 1885 1150 esse,
1953 1091 2101 1138 nam
2166 1073 2277 1157 qui
2325 1073 2465 1136 eius
2508 1071 2705 1154 copiis
2750 1067 2923 1134 olim

531 1177 634 1243 usi
682 1184 831 1242 sunt
854 1225 869 1254 ,
916 1178 1142 1242 itidem
1192 1177 1539 1243 Hestiaeum
1588 1179 1943 1265 appellant3
1992 1198 2215 1244 verum
2266 1198 2411 1242 cum
2452 1177 2699 1242 videam
2742 1173 2925 1261 apud

531 1286 744 1369 ipsum
801 1281 1150 1369 Josephum
1213 1305 1445 1351 nomen
1510 1289 1703 1352 variis
1749 1286 1955 1352 modis
2004 1283 2648 1370 corruptum·fuisse,
2694 1283 2927 1348 scribi-

533 1393 638 1454 tur
687 1392 856 1454 enim
903 1392 971 1456 in
1016 1391 1230 1457 codice
1277 1392 1548 1477 quodam
1602 1392 1767 1477 apud
1808 1393 2350 1477 Havercampium
2394 1394 2711 1474 Ἑκταῒος,
2752 1389 2930 1455 diffi-

531 1495 654 1561 cile
719 1502 814 1562 est
859 1517 982 1562 non
1028 1499 1312 1576 credere,
1354 1500 1473 1564 sub
1521 1499 1877 1585 corruptela
1923 1499 2121 1565 latere
2166 1519 2398 1564 nomen
2444 1497 2735 1562 Hecataei
2782 1497 2927 1562 Ab·

533 1601 792 1669 deritae.
864 1601 1160 1670 Ceterum
1211 1608 1367 1670 satis
1414 1612 1705 1672 accurate
1751 1604 1998 1671 definiri
2044 1607 2275 1690 poterit
2323 1610 2615 1690 tempus,
2662 1602 2932 1690 quando

533 1707 571 1775 J
578 1709 814 1775 udaeus
875 1710 1070 1776 huius
1131 1709 1472 1777 Abderitae
1537 1732 1724 1798 opera
1774 1709 2285 1797 interpolaverit,
2336 1712 2392 1775 si
2439 1708 2695 1795 quidem
2748 1711 2935 1774 vixit

518 1823 660 1901 poet
720 1815 1069 1884 Diodorum
1130 1815 1423 1883 Siculum
1489 1823 1554 1883 et
1613 1827 1751 1882 ante
1811 1819 2127 1883 Aristeam
2150 1866 2165 1892 ,
2216 1837 2405 1901 quem
2458 1814 2757 1882 Grfitziue
2802 1815 2931 1880 ΙΙΙ.

532 1943 595 2008 p.
661 1922 794 1988 442
853 1923 1138 1990 floruisse
1200 1924 1524 1989 contendit
1577 1926 1743 1989 circa
1804 1924 2127 1988 decimum
2188 1943 2423 1988 annum
2473 1922 2666 1986 huius
2709 1942 2931 1986 aerae.

532 2028 715 2109 Quod
781 2030 856 2094 ad
921 2027 1312 2114 Stephanum
1381 2030 1535 2116 Byz.
1599 2031 1859 2114 attinet,
1924 2032 2247 2094 sciendum
2298 2041 2395 2093 est
2440 2028 2609 2094 hunc
2657 2026 2931 2092 laudare

531 2135 927 2202 Hecataeum
977 2137 1349 2202 Abderitam
1397 2141 1462 2202 in
1512 2159 1575 2204 v.
1623 2135 1899 2211 Ἑλίξοια
1947 2143 2010 2201 et
2060 2135 2509 2213 Καραμβύκαι.
2567 2133 2662 2199 De
2706 2132 2931 2198 Heca-

531 2248 672 2307 taeo
733 2263 934 2328 nuper
995 2263 1144 2308 cum
1209 2263 1359 2309 cura
1420 2244 1558 2331 egit
1620 2242 1739 2310 Ed.
1785 2241 2181 2309 Schwarzius
2221 2241 2291 2306 in
2338 2237 2567 2306 Museo
2608 2239 2930 2307 Rhenano

530 2347 668 2414 XL.
719 2348 877 2416 223.

623 2518 701 2584 In
748 2516 1064 2603 colloquio
1113 2538 1259 2583 cum
1303 2517 1440 2583 Noe
1490 2518 1650 2584 dicit
1691 2518 1899 2595 Deus,
1950 2518 2166 2602 Antiq.
2222 2516 2280 2581 1.
2334 2514 2398 2581 3.
2448 2514 2531 2594 8,
2578 2535 2645 2581 se
2686 2514 2931 2581 huma-

529 2646 687 2691 num
749 2646 954 2713 genus
1023 2624 1278 2711 perdere
1347 2624 1657 2690 noluisse:
1731 2631 2037 2704 σῶφρον
2109 2624 2240 2704 γὰρ
2310 2618 2461 2687 εἶναι
2533 2624 2643 2697 τὴν
2712 2623 2933 2703 ἀρχὴν

530 2733 742 2803 αὐτοῖς
794 2732 945 2807 μηδὲ
994 2731 1378 2810 χαρίσασθαι
1425 2731 1495 2794 τὸ
1543 2729 1651 2812 ζῆν
1700 2730 1733 2806 ἢ
1782 2730 1964 2797 δόντα
2005 2730 2253 2801 τούτους
2297 2729 2683 2809 διαφθείρειν.
2724 2725 2932 2794 Com-

529 2841 895 2927 parativum
976 2838 1225 2922 requiro
1303 2843 1365 2901 et
1427 2857 1764 2923 reponam:
1830 2838 2321 2917 σοφώτερον,
2382 2856 2587 2921 neque
2647 2834 2931 2901 abuten-

530 2945 683 3009 dum
751 2950 883 3021 eet,
949 2941 1112 3008 illud
1175 2946 1411 3023 σῶφρον
1473 2948 1547 3007 ut
1606 2944 1871 3020 tuearis,
1936 2941 2200 3028 Joeephi
2260 2942 2471 3008 verbis
2528 2942 2606 3007 ad
2653 2941 2930 3026 fmtres,

529 3050 744 3134 Antiq.
797 3050 860 3115 2.
905 3048 966 3113 6.
993 3047 1075 3114 8:
1126 3048 1264 3115 οὔτε
1312 3050 1441 3128 γὰρ
1488 3054 1700 3114 τοῦτον
1747 3048 2041 3114 ἀπολύειν
2087 3049 2191 3115 διὰ
2237 3049 2378 3121 τοὺς
2426 3047 2595 3113 οὐδὲν
2635 3045 2931 3127 ἐξαμαρ-

529 3152 753 3226 τόντας
804 3161 1111 3236 σῶφρον
1159 3154 1408 3235 ἔλεγεν,
1454 3154 1598 3222 οὔτε
1647 3154 2060 3237 συγκολάζειν
2108 3156 2364 3229 ἐκείνους
2407 3156 2493 3235 τῷ
2533 3155 2639 3228 τὴν
2680 3157 2929 3229 κλοπὴν

530 3259 956 3344 ἐργασαμένῳ.

619 3442 692 3509 In
757 3442 1024 3509 Abrami
1069 3442 1336 3509 historia
1382 3442 1663 3531 leg-imus
1709 3445 1927 3529 Antiq.
1980 3444 2042 3509 1.
2094 3442 2201 3508 10.
2252 3441 2331 3509 4:
2379 3442 2674 3522 γενομένη
2724 3444 2931 3523 ἐγκύ-

529 3576 657 3628 μων
723 3552 756 3626 ἦ
823 3551 1170 3629 θεραπαινὶς
1236 3550 1569 3633 ἐξυβρίζειν
1634 3553 1719 3625 εἷς
1781 3553 1891 3627 τὴν
1938 3548 2182 3631 Σάρραν
2230 3550 2538 3628 ἐτόλμησε
2584 3551 2933 3627 βασιλί-

532 3657 804 3739 ζουσα.
876 3656 1001 3724 Sed
1050 3658 1233 3745 Agar
1276 3666 1430 3724 tunc
1478 3657 1644 3723 nihil
1692 3661 1907 3724 minus
1960 3665 2095 3724 erat
2144 3680 2338 3744 quam
2384 3656 2813 3738 βασιλίζουσα
2870 3665 2930 3725 et

529 3763 960 3851 reponendum
1027 3770 1122 3830 est
1184 3763 1509 3843 βασκαί
1524 3787 1805 3843 νουσα,
1866 3784 2018 3829 nam
2082 3770 2158 3829 ut
2216 3764 2459 3851 legitur
2519 3767 2737 3852 Antiq.
2818 3766 2926 3833 10.

534 3869 640 3935 11.
693 3870 767 3934 5:
815 3870 1224 3949 βασκαίνουσι
1273 3869 1400 3949 γὰρ
1449 3870 1500 3935 οἱ
1545 3874 1795 3946 μᾶλλον
1843 3871 2042 3935 αὑτῶν
2089 3870 2320 3952 ἑτέρους
2373 3871 2434 3934 ἐν
2477 3872 2709 3937 πλείονι
2756 3884 2925 3957 τιμῇ

532 3974 709 4058 παρὰ
755 3983 880 4047 τοῖς
929 3975 1265 4051 βασιλεῦσι
1313 3973 1679 4054 βλέποντες.

621 4154 905 4223 Rebecca
969 4156 1251 4245 virg-ines
1312 4160 1674 4245 vituperat,
1739 4178 1899 4245 quae
1961 4158 2200 4245 hospiti
2259 4178 2488 4245 aquam
2536 4166 2885 4247 negassent
2902 4208 2920 4241 ‚

529 4266 748 4349 Antiq.
817 4262 879 4328 1.
945 4262 1048 4328 16.
1112 4262 1192 4329 2:
1255 4264 1414 4339 τίνος
1464 4263 1662 4330 ἄλλον
1711 4266 2079 4340 κοινωνήσειν
2128 4264 2270 4348 πρὸς
2318 4266 2657 4348 ἀνθρώπους
2704 4264 2919 4339 αὐτάς

527 4393 680 4438 ποτε
697 4415 716 4449 ,
766 4360 838 4435 αἳ
881 4368 1039 4449 μηδὲ
1088 4367 1308 4443 ὕδατος
1353 4370 1714 4449 μετέδοσαν.
1782 4370 1993 4460 Lege:
2043 4396 2074 4437 ε
2090 4372 2135 4441 ἶ.
