3150 5000
1120 1018 1264 1125 TH
1272 1019 1869 1127 UGYDIDEA.

1366 1298 1650 1350 solman·

1223 1500 1291 1570 S.
1336 1504 1411 1569 A.
1462 1500 1774 1571 NABEB.

391 2198 471 2263 In
540 2200 746 2283 primo
809 2196 973 2263 libro
1036 2197 1258 2263 scribit
1311 2194 1718 2283 Thucydides
1763 2194 2036 2263 secundo
2075 2195 2281 2281 capite
2328 2198 2576 2265 crebras
2623 2202 2694 2266 in

292 2302 579 2371 Graecia
644 2306 999 2389 antiquitus
1059 2304 1475 2390 migrationes
1538 2301 1920 2389 populorum
1985 2301 2178 2368 fuisse
2225 2322 2532 2389 saepeque
2577 2306 2695 2373 ho-

292 2410 518 2475 mines
581 2408 757 2474 sedes
820 2430 964 2475 suas
1027 2408 1153 2475 alio
1213 2407 1554 2477 contulisse
1617 2406 2016 2487 βιαζομένους
2078 2406 2233 2471 ὑπό
2288 2432 2522 2475 τινων
2571 2413 2695 2478 ἀεὶ

293 2532 407 2582 vra
429 2544 456 2582 ε
482 2515 553 2582 ad
573 2541 601 2579 ν
620 2541 661 2580 ω
680 2541 730 2581 ν.
775 2516 1028 2583 Horum
1073 2517 1412 2583 verborum
1463 2516 1843 2581 sententiam
1892 2515 2048 2580 satis
2084 2516 2506 2600 perspicimus
2525 2565 2542 2595 ,
2585 2519 2695 2586 sed

292 2622 753 2689 incommodus
812 2643 966 2687 usus
1020 2629 1116 2688 est
1160 2623 1551 2709 pronominis
1597 2618 1946 2697 indefiniti,
1996 2640 2112 2685 nec
2160 2620 2508 2706 quidquam
2556 2644 2696 2710 pro-

296 2728 446 2794 dest
496 2749 643 2793 cum
692 2728 875 2794 libris
920 2730 1137 2814 paucis
1185 2749 1298 2794 nec
1341 2729 1521 2793 bonis
1563 2726 1902 2791 rescribere
1941 2722 2057 2790 ὑπὸ
2103 2731 2218 2790 τῶν
2257 2725 2354 2791 ἀεὶ
2383 2728 2694 2795 πλειόνων.

296 2833 473 2901 mici
538 2837 768 2920 poterit
828 2837 967 2920 ipsa
1028 2832 1423 2920 Thucydidis
1482 2852 1714 2897 manus
1769 2851 1849 2896 ex
1895 2831 1978 2896 iis
2025 2851 2184 2914 quae
2229 2831 2394 2898 infra
2439 2835 2698 2923 scripsit

302 2939 382 3005 de
431 2939 798 3026 Spartanis,
848 2942 962 3024 qui
1009 2937 1311 3006 Deceleae
1356 2937 1744 3024 praesidium
1791 2939 2223 3025 imposuerant
2247 2935 2366 3004 ΠΙ
2389 2936 2510 3007 27:
2552 2939 2696 3008 τότε

303 3043 366 3109 δὲ
431 3043 709 3128 ξυνεχῶς
773 3046 1229 3122 ἐπικαθημένων
1292 3044 1397 3110 καὶ
1463 3043 1612 3109 ποτὲ
1675 3043 1786 3121 μὲν
1846 3043 1952 3108 καὶ
2001 3041 2393 3109 πλειόνων
2441 3043 2696 3112 ἔπιόν-

303 3173 495 3231 των,
547 3151 697 3217 ποτὲ
742 3153 796 3217 δ’
846 3151 915 3230 ἐξ
959 3151 1243 3230 ἀνάγκης
1291 3158 1403 3227 τῆς
1453 3150 1587 3226 ἴσης
1635 3153 1901 3230 Φρουρᾶς
1950 3148 2366 3225 καταθεούσης
2416 3153 2524 3226 τὴν
2568 3156 2695 3233 χώ-

306 3279 444 3336 ραν.
542 3256 659 3323 Est
736 3278 883 3325 sane
969 3257 1157 3324 facile
1234 3255 1597 3324 intellectu:
1679 3253 2032 3337 βιαζόμενοι
2109 3253 2502 3322 ἐπιόντων
2568 3251 2696 3322 ἃεὶ

306 3361 724 3430 πλειόνων.

398 3575 810 3644 Probandum
858 3582 955 3643 est
1002 3575 1168 3664 quod
1214 3575 1402 3642 hodie
1449 3573 1660 3641 editur
1705 3573 1756 3642 Ι.
1807 3574 1888 3640 4:
1949 3575 2018 3642 τὸ
2066 3574 2313 3656 ληςικόν
2365 3576 2608 3660 καθῇρ
2626 3603 2694 3644 ει

312 3685 383 3746 ἐκ
427 3690 539 3759 τῆς
588 3683 938 3757 θαλάσσης,
1005 3702 1149 3749 nam
1207 3683 1274 3746 in
1322 3703 1393 3747 ea
1437 3680 1758 3748 locutione
1804 3700 1929 3747 non
1975 3686 2072 3747 est
2116 3679 2296 3748 locus
2340 3681 2534 3749 verbo
2579 3706 2691 3748 xa-

312 3787 530 3868 θαίρειν
548 3839 565 3874 ,
645 3790 813 3875 quod
881 3788 1224 3855 Herbstius
1290 3791 1357 3852 in
1420 3807 1671 3854 morosa
1732 3783 1958 3854 Cobeti
2020 3808 2281 3853 censura
2340 3787 2698 3858 luculenter

314 3896 527 3961 evicit.
598 3894 739 3962 Hoc
802 3915 1004 3960 unum
1063 3901 1383 3981 praeterea
1430 3893 1790 3960 addendum
1838 3899 1967 3971 est,
2015 3893 2185 3980 apud
2228 3892 2496 3962 Dionem
2544 3893 2694 3964 Gas-

313 3999 479 4066 sium
528 3999 819 4067 LXXVI.
850 4001 933 4067 10
980 4003 1047 4066 in
1096 3999 1380 4066 Reimari
1428 3999 1704 4066 editione
1749 3998 1917 4088 legi:
1963 3999 2047 4082 τῷ
2088 4023 2160 4064 τε
2198 4001 2441 4082 ans-mh
2482 4003 2694 4069 καθαι-

318 4110 509 4184 ροῦντι
524 4155 542 4185 ,
594 4105 703 4174 sed
748 4103 1147 4173 Dindorfium
1195 4107 1358 4173 ratio
1402 4105 1610 4210 fugit,
1658 4125 1805 4172 cum
1853 4105 2065 4172 ederet
2110 4105 2475 4188 καθαιίροντι.

409 4321 666 4404 Quaerit
714 4321 1121 4413 Vollgraffius
1167 4325 1232 4389 in
1282 4323 1505 4390 Mum.
1556 4321 1746 4390 XXI.
1797 4322 1966 4403 415,
2026 4327 2274 4390 rectene
2320 4322 2477 4388 satis
2519 4319 2694 4410 lega-
