3150 5000
1055 267 1330 366 nnius
1374 316 1711 368 sosarnus.
2391 311 2404 324 ·
2442 297 2575 374 355

311 481 666 552 Coniunctio
729 481 910 557 οὕτως
975 484 1210 551 excidit
1274 485 1488 572 Antiq.
1559 485 1619 550 1.
1686 483 1791 554 19.
1856 483 1933 552 4:
1996 482 2295 565 Ἰάκωβος
2342 485 2405 552 δὲ
2454 488 2575 569 οὐχ

221 586 492 678 (οὕτως)
553 591 668 656 ὑπὸ
727 600 837 668 τῆς
901 591 1274 670 συγγενείας
1335 590 1468 656 οὐδὲ
1514 599 1627 666 τῆς
1674 593 1777 658 διὰ
1822 593 2057 663 ταύτην
2105 594 2378 678 εὐνοίας,
2425 594 2575 658 άλλ’

219 695 375 776 ἔρωτι
417 708 517 772 τῆς
571 698 788 769 παιδὸς
840 701 1134 775 ἡττηθείς.
1208 697 1446 763 Rachel
1493 705 1708 764 autem
1759 701 1929 784 ipsa,
1982 701 2197 785 Antiq.
2243 700 2296 765 1.
2349 697 2453 766 19.
2494 700 2573 778 3,

213 804 625 870 delectabatur
687 805 802 871 ὑπὸ
865 803 1346 880 νηπιότητος
1409 815 1486 887 τῇ
1547 809 1849 888 παρουσίᾳ
1915 812 2017 871 τοῦ
2076 806 2415 884 Ἰακώβου,
2466 807 2574 872 sed

213 910 434 976 melius
489 913 852 999 intelligam
917 911 1018 977 ὑπ’
1077 911 1531 986 ἠπιότητος.
1620 911 1817 978 Recte
1884 914 2165 999 positum
2238 923 2333 978 est
2402 912 2575 978 κατὰ

213 1017 535 1094 νηπιότητα
579 1020 801 1106 Antiq.
847 1017 910 1085 2.
961 1017 1024 1085 9.
1076 1017 1135 1088 ’7.

288 1231 518 1298 Itidem
581 1229 826 1318 aliquid
883 1231 1120 1297 excidit
1175 1233 1393 1317 Antiq.
1448 1235 1505 1296 1.
1556 1231 1668 1298 20.
1720 1230 1800 1296 2:
1851 1232 2147 1308 Ἰάκωβος
2197 1233 2575 1312 ὑπολελειμ-

211 1339 375 1414 μένος
413 1339 580 1428 (μόν
599 1341 702 1426 ος)
739 1342 1160 1424 Φαντάσματι
1198 1341 1513 1421 συντυχὼν
1536 1339 1936 1424 διεπάλαιεν,
1963 1340 2042 1406 ef.
2070 1337 2298 1411 Genes.
2327 1339 2435 1408 32.
2464 1339 2571 1406 24.

285 1557 500 1640 Antiq.
555 1558 610 1622 1.
662 1553 768 1621 21.
829 1555 900 1620 1:
953 1557 1144 1637 ἀπῄει
1193 1555 1306 1630 μὲν
1352 1549 1448 1621 οὖν
1501 1555 1532 1620 ὅ
1576 1555 1922 1632 βασιλεύς,
1973 1554 2236 1636 ἐλπίζων
2275 1554 2576 1636 Ἰάκωβον

211 1659 576 1741 παρέξειν
622 1663 726 1728 τὸν
772 1660 998 1741 γάμον.
1073 1661 1281 1750 Lege:
1331 1661 1691 1740 πράξειν.

285 1875 380 1942 Ex
424 1873 608 1941 libris
653 1881 870 1942 eontra
918 1878 1230 1961 Apionem
1279 1881 1538 1962 apparet
1556 1924 1573 1954 ‚
1626 1882 1937 1961 quantum
1986 1896 2210 1962 operae
2256 1875 2297 1941 J
2300 1877 2572 1961 osephus
2674 1951 2681 1960 ,

211 1983 262 2046 in
317 1981 598 2048 Homero
659 1983 1089 2070 cognoscendo
1135 1985 1524 2048 insumserit.
1598 1981 1849 2059 Veluti,
1902 1990 2209 2068 quantum
2262 1985 2571 2060 memini,

101 2148 113 2177 ,
214 2108 318 2152 non
376 2095 663 2172 superest
725 2089 892 2173 apud
948 2086 1222 2154 Graecos
1266 2091 1724 2174 grammaticos
1772 2090 2126 2155 observat-io
2147 2136 2161 2164 ,
2212 2086 2573 2153 Homerum

99 2230 108 2241 -
211 2191 402 2280 legem
469 2193 748 2258 nondum
811 2202 1130 2260 NOMON
1197 2193 1652 2279 appellavisse,
1720 2195 1799 2260 of.
1866 2215 1920 2260 o.
1984 2197 2211 2280 Apion.
2258 2193 2321 2258 2.
2378 2193 2462 2260 15
2510 2200 2577 2260 et

211 2299 564 2366 incredibile
612 2301 787 2366 dictu
836 2307 967 2378 est,
1017 2308 1323 2387 quantum
1373 2302 1553 2367 nobis
1602 2323 1675 2368 ex
1722 2301 2301 2368 Alexandrinorum
2342 2299 2574 2366 studiis

96 2429 97 2434 ¹
209 2409 472 2490 perierit.
540 2405 662 2474 Sed
711 2409 948 2492 ubique
992 2407 1288 2474 videmus
1333 2410 1459 2494 ipsi
1501 2407 1776 2494 Josepbo
1826 2407 2095 2473 Homeri
2144 2409 2429 2473 earmina
2474 2427 2575 2474 ae-

96 2564 97 2571 ,
211 2520 404 2580 curate
474 2516 729 2601 cognita
790 2514 1023 2582 fuisse:
1087 2518 1324 2581 rariora
1380 2519 1659 2603 vestigia
1720 2521 1871 2580 eunt
1930 2518 2000 2580 in
2046 2513 2229 2580 Bello
2274 2512 2313 2579 J
2320 2514 2574 2592 udaioo‚

210 2619 300 2685 sed
358 2620 530 2708 quod
595 2622 944 2705 exspectari
1007 2628 1333 2707 potuerat,
1395 2624 1462 2686 in
1519 2622 2035 2708 Antiquitatibus
2060 2670 2076 2699 ,
2126 2640 2283 2706 quas
2329 2619 2575 2705 aliquot

211 2727 366 2793 annis
412 2732 559 2813 post
603 2728 1008 2811 conseripsit,
1060 2725 1351 2813 exempla
1397 2727 1741 2813 pullulant.
1816 2726 1941 2795 Sed
1990 2729 2245 2793 invenio
2281 2729 2347 2791 in
2391 2725 2571 2793 Bello

212 2828 335 2899 Jud.
393 2832 462 2897 3.
515 2831 578 2897 8.
629 2832 701 2896 4:
757 2827 793 2906 ἦ
840 2832 1088 2911 μεγάλ’
1139 2832 1215 2899 ἂν
1261 2831 1585 2909 ςενάξειαν
1628 2836 1682 2899 οἱ
1732 2833 1971 2914 πάτριοι
2025 2836 2188 2911 νόμοι
2237 2840 2301 2898 et
2347 2831 2411 2897 2.
2464 2830 2570 2900 18.

215 2934 274 3001 8:
319 2939 566 3004 ἐτέλουν
613 2939 732 3008 τοὶς
784 2939 1076 3016 ἐντολάς,
1125 2942 1192 3005 οὐ
1238 2942 1360 3018 μην
1407 2942 1831 3016 άναιμωτί
1856 2991 1872 3016 ,
1924 2940 2110 3007 modo
2157 2943 2392 3006 inserta
2430 2960 2576 3027 par-

213 3044 386 3111 ticula
449 3044 664 3133 legas:
728 3046 795 3111 οὖ
859 3047 980 3123 μὴν
1040 3047 1456 3124 ἀναιμωτί
1519 3070 1631 3125 γε.
1717 3048 1815 3114 De
1873 3046 2109 3114 Jacobo
2156 3046 2323 3132 apud
2370 3046 2573 3112 Laba-

211 3170 338 3215 num
395 3154 669 3218 verbum
732 3152 1022 3227 θητεῦσαι
1081 3158 1250 3219 recte
1311 3160 1661 3239 usurpatur
1718 3155 1935 3240 Antiq.
2003 3154 2063 3219 1.
2134 3152 2237 3218 19.
2290 3154 2331 3215 6
2377 3158 2442 3218 et
2490 3152 2569 3219 of.

213 3256 400 3344 Antiq.
471 3256 532 3323 8.
584 3257 647 3324 6.
697 3256 757 3326 3.
831 3258 1039 3345 Impia
1101 3279 1225 3326 vox
1282 3267 1378 3325 est
1424 3259 1748 3327 adulterae
1794 3282 1957 3348 quae
2000 3260 2349 3347 Josephum
2398 3280 2572 3326 ama-

213 3360 332 3449 bat,
378 3364 463 3431 ad
511 3368 815 3431 maritum
866 3367 1082 3452 Antiq.
1132 3364 1194 3431 2.
1248 3365 1308 3431 4.
1362 3366 1432 3433 5:
1486 3368 1763 3443 τεθναίης
1814 3366 1954 3448 άνερ
2004 3368 2037 3442 ἢ
2078 3368 2323 3448 πονηρὸν
2362 3366 2569 3432 δοῦλον

215 3468 470 3535 κόλασον.
529 3468 724 3537 ‘Eam
789 3480 958 3539 recte
1011 3478 1075 3538 et
1121 3472 1469 3539 seeundum
1516 3472 1785 3540 Homeri
1832 3495 2022 3539 usum
2071 3474 2241 3539 dicta
2284 3472 2570 3539 invenies

215 3576 400 3665 Antiq.
455 3576 515 3643 6.
573 3578 676 3645 10.
722 3577 800 3664 2,
850 3600 1241 3666 quamquam
1291 3580 1620 3646 fatendum
1668 3588 1764 3646 est
1809 3580 1987 3646 brevi
2039 3586 2177 3665 post
2222 3579 2349 3645 dici
2388 3576 2569 3658 ἕδνα,

217 3700 346 3765 quae
397 3686 616 3763 μείλια
680 3686 949 3754 fuissent
1009 3686 1401 3773 appellanda.
1489 3686 1721 3752 Itidem
1783 3685 2092 3753 notabilia
2157 3685 2351 3752 verba
2419 3691 2570 3751 sunt

219 3790 400 3880 Antiq.
473 3794 579 3859 15.
627 3790 688 3857 9.
741 3793 810 3857 6:
861 3797 939 3868 ὥς
989 3794 1130 3865 τούς
1179 3817 1248 3859 τε
1297 3794 1562 3874 ὄμβρους
1613 3795 1892 3873 εὐμαρῶς
1942 3792 2045 3859 καὶ
2094 3792 2180 3858 τά
2229 3790 2567 3871 λύματα

217 3900 304 3957 τῶν
361 3898 676 3979 οἰκητόρων
725 3901 1169 3966 συνεκδίδοσθαι
1214 3904 1278 3966 et
1323 3901 1544 3985 Antiq.
1599 3900 1704 3965 15.
1758 3899 1862 3967 10.
1914 3899 1955 3966 3
2002 3902 2307 3977 σπήλαιον
2355 3922 2569 3979 περι-

84 4044 85 4049 1
219 4002 492 4077 καλλές
540 4012 606 4073 et
652 4004 873 4092 Antiq.
937 4005 1042 4073 19.
1096 4007 1156 4072 l.
1211 4006 1296 4070 14
1337 4006 1769 4087 μεσσηγὺς
1818 4013 1925 4072 τοῦ
1973 4032 2044 4072 τε
2091 4007 2253 4084 ὤμου
2304 4007 2566 4073 καὶτοῦ

217 4111 524 4191 τραχήλου.
595 4111 726 4178 Nee
789 4114 1004 4179 minus
1068 4134 1145 4179 ex
1193 4112 1477 4180 Homero
1525 4113 1717 4180 habet
1764 4112 1991 4198 Antiq.
2038 4110 2103 4179 8.
2154 4113 2217 4179 8.
2270 4113 2351 4179 4:
2398 4115 2566 4194 ἀρχῆ

83 4264 85 4267 <
217 4221 386 4280 κακῶν
447 4218 690 4298 ἐγένετο
747 4223 924 4285 τοῦτο
999 4226 1065 4286 et
1125 4221 1337 4307 Antiq.
1405 4220 1512 4286 15.
1587 4217 1650 4284 8.
1723 4217 1801 4285 3:
1873 4221 2173 4301 μεγάλων
2244 4221 2567 4299 ἡγούμενοι

220 4318 388 4399 ἀρχὴν
452 4326 650 4390 κακῶν
713 4331 778 4394 et
842 4316 1056 4412 Ant‘iq.
1116 4323 1219 4391 1¹7.
1271 4324 1331 4394 3.
1383 4324 1461 4392 3:
1509 4330 1690 4392 τοῦτο
1740 4326 2129 4409 ’Λντιπάτριρ
2177 4333 2379 4394 κακῶν
2424 4325 2566 4406 ἐγέ-

82 4494 85 4513 .
219 4442 328 4490 νιτο
368 4428 564 4513 ἀρχή,
611 4431 760 4499 vide
805 4431 994 4499 modo
1041 4429 1224 4497 Iliad.
1271 4446 1312 4499 λ
1352 4430 1500 4498 604.
