3150 5000
561 267 694 333 252
1115 305 1123 312 ·
1588 292 1918 340 annusve

648 453 754 523 13.
820 454 882 520 3.
957 455 1276 540 „Ideoque
1339 457 1407 520 in
1467 475 1534 520 se
1598 476 1851 543 pugnae
1912 407 2155 522 molem
2216 421 2544 544 suspicati.
2564 459 2917 526 uei-tendam

555 561 790 629 dolos
837 563 1143 648 parabant
1189 567 1254 628 et
1298 561 1540 628 ferrum
1588 567 1655 626 et
1698 561 1981 648 preces.”

643 667 906 757 Cori-ige
953 669 1265 736 dolose.

646 857 754 924 13.
801 857 862 922 9.
915 855 1160 938 „Cuius
1207 859 1436 924 furoris
1480 861 1835 925 amentiam
1882 857 2131 948 [miles]
2184 863 2603 928 exercitus
2640 863 2737 928 ira
2778 863 2924 928 ferre

547 987 672 1032 non
721 967 931 1051 potuit
975 985 1216 1050 eosque·
1249 967 1625 1050 imperatori
1661 1013 1676 1029 .
1706 1014 1723 1031 .
1749 1014 1765 1029 .
1806 967 2037 1032 acriter
2079 970 2493 1035 imminentes
2541 1019 2555 1033 .
2586 1017 2605 1034 .
2632 1017 2649 1034 .
2688 971 2925 1054 impetu

548 1073 800 1138 disiecit
847 1071 1093 1138 ardenti
1141 1075 1205 1136 et
1251 1069 1472 1136 dextra
1515 1070 1763 1157 pedites
1809 1078 2096 1139 cateruas
2146 1075 2437 1160 peditum
2494 1075 2923 1141 obtrunca·

546 1179 778 1262 bant,
825 1180 1070 1263 equites
1114 1174 1299 1243 laeua
1345 1182 1636 1263 equitum
1686 1199 1755 1244 se
1801 1181 2035 1244 turmis
2079 1179 2361 1267 agilibus
2406 1180 2841 1247 infuderunt.”

637 1285 862 1370 Neque
917 1281 1333 1349 obtruncandi
1393 1284 1663 1350 verbum
1683 1332 1699 1362 ,
1748 1304 1951 1369 neque
1995 1286 2446 1371 imperfectum
2491 1296 2749 1372 tempus
2795 1287 2859 1351 h.
2880 1286 2922 1350 l.

543 1393 692 1459 ferri
737 1395 964 1478 potest.
1013 1389 1432 1456 Scribendum
1481 1392 1606 1455 erit
1650 1390 2229 1457 obturbarunt.
2287 1431 2369 1442 —
2417 1392 2544 1458 Pro
2587 1394 2925 1472 „exerci-

545 1505 675 1565 tus
723 1497 862 1562 ira”
912 1494 1135 1561 malim
1187 1496 1616 1580 „percitus
1662 1495 1812 1560 ira.”

639 1701 745 1768 13.
810 1700 916 1767 13.
991 1700 1342 1778 „Incitante
1403 1702 1621 1785 itaque
1678 1699 1923 1766 feruore
1986 1703 2411 1768 certaminum
2481 1703 2927 1790 fructuque

542 1809 840 1874 uincendi
902 1813 1375 1873 consurrectum
1439 1811 1534 1870 est
1593 1807 1661 1869 in
1722 1809 2067 1891 perniciem
2136 1827 2356 1873 eorum
2377 1856 2394 1887 ,
2443 1813 2555 1894 qui
2601 1809 2925 1876 deseruere

542 1914 836 2001 proelia.”

633 2021 776 2087 Non
827 2039 1122 2106 assequor
1171 2017 1246 2097 „f
1253 2039 1341 2083 ru
1361 2022 1587 2083 ctum
1636 2018 1934 2084 uincendi
1955 2017 2009 2097 ,'’
2054 2039 2168 2085 nec
2210 2021 2366 2086 satis
2402 2020 2591 2087 uideo
2628 2041 2757 2106 quo
2796 2024 2924 2086 iure

541 2126 898 2214 Wagnerus
943 2125 1210 2210 praedae
1256 2124 1622 2208 cupidinem
1668 2123 2175 2211 intellegendum
2224 2125 2658 2192 affirmauerit.
2711 2125 2923 2212 Suspi-

543 2253 648 2298 cor
713 2232 1148 2316 „fastuque
1208 2227 1572 2294 uincendi.”
1646 2227 1926 2295 Victoria
1988 2230 2299 2296 nimirum
2366 2231 2519 2297 elati
2581 2243 2783 2298 erant.
2832 2230 2923 2297 cf.

540 2335 777 2404 XVIII.
825 2335 887 2401 3.
938 2335 1010 2400 6:
1076 2333 1446 2413 „nobilioris
1495 2333 1773 2400 militiae
1818 2334 2054 2400 fastu.”
2106 2335 2286 2402 XIX.
2342 2336 2448 2402 11.
2503 2337 2604 2403 13.
2661 2337 2925 2416 „salutis

539 2444 710 2510 fastu
757 2441 1117 2509 fidentior.”

636 2648 740 2715 13.
789 2648 899 2716 27.
952 2648 1169 2729 „Quae
1214 2645 1473 2734 longius
1518 2646 1854 2733 disparati,
1904 2668 2029 2732 qua
2068 2650 2217 2715 ferri
2256 2653 2583 2734 poterant,
2620 2648 2917 2732 tulimus,

537 2755 810 2824 leuiores
855 2758 1132 2821 iacturas
1179 2752 1456 2819 efficacia
1501 2752 1739 2817 ducum
1788 2760 1928 2818 uet
1946 2774 1984 2818 a
2002 2756 2070 2818 ri
2116 2775 2297 2839 posse
2342 2754 2725 2840 sperantes.'’

629 2862 839 2929 Immo
886 2863 1100 2947 potius
1145 2862 1444 2925 uitari.

632 3074 736 3141 13.
797 3072 904 3138 30.
973 3072 1254 3153 „Zizaim
1301 3070 1722 3155 praefecimus
1768 3070 1985 3137 liberis
2003 3118 2020 3149 ‚
2063 3071 2349 3137 dicatum
2396 3072 2581 3138 nobis
2628 3074 2918 3141 futurum

537 3186 602 3246 0ss
625 3178 889 3350 1333}
927 3283 1093 3370 apud
1134 3284 1554 3349 Ammianum
1596 3288 1661 3346 et
1699 3279 2034 3348 Ammiani
2075 3281 2367 3369 aequales
2401 3282 2725 3371 significat
2749 3286 2913 3351 idem

535 3392 703 3477 quod
767 3390 1054 3474 deditus,
1123 3390 1408 3455 deuotus.
1482 3385 1581 3455 Cf.
1653 3388 1849 3453 Inscr.
1912 3410 2015 3475 ap.
2079 3388 2273 3456 Orell.
2340 3388 2552 3455 1083:
2626 3393 2916 3469 „numini

533 3496 978 3580 maiestatique
1023 3498 1162 3561 eius
1207 3493 1663 3579 [Constantini]
1712 3493 2221 3575 dicatissimus'';
2274 3516 2375 3582 ap.
2424 3494 2678 3579 Rdnier,
2728 3498 2913 3565 Inscr.

531 3603 728 3670 Afric.
780 3601 987 3667 3455:
1040 3601 1466 3681 „dicatissime
1514 3598 1731 3666 deuoti
1778 3600 2029 3665 numini
2075 3600 2211 3667 eius
2255 3601 2607 3668 fecerunt.”

1477 4056 1679 4124 Lunm
1730 4057 1963 4123 xvm.

620 4271 681 4337 1.
733 4271 795 4336 4.
854 4269 1245 4349 „Numerius
1291 4290 1439 4335 cum
1485 4268 1863 4339 infitiatione
1910 4272 2271 4341 defenderet
2318 4276 2565 4342 obiecta
2613 4298 2729 4343 nec
2776 4294 2907 4363 pos-

525 4385 622 4445 set
689 4380 754 4443 in
819 4396 1136 4462 quoquam
1199 4374 1548 4461 confutari,
1612 4376 1991 4463 Delphidius
2056 4385 2265 4446 orator
2323 4384 2671 4448 acerrimus
2721 4384 2900 4449 uehe-
