3150 5000
1253 236 1674 295 mmmm.
2573 189 2674 293 79'

259 430 417 478 rum
485 416 653 479 certe
694 416 811 479 -est
870 411 1037 498 quod
1101 411 1343 499 legitur
1401 410 1451 477 1.
1504 411 1583 477 7:
1650 408 1728 477 a?
1778 437 1849 477 τε
1897 413 1959 478 ἓν
2005 418 2148 485 ταῖς
2200 412 2392 488 νήσοις
2442 410 2547 477 καὶ
2598 412 2661 476 ἐν

260 529 413 593 ταῖς
482 520 777 604 ἠπείροις,
840 518 897 585 1.
952 517 1064 584 10:
1133 517 1325 593 δηλῶν
1388 517 1507 587 τὰς
1556 518 1833 596 μεγῖςοις
1881 518 1984 585 καὶ
2033 517 2353 601 ἐλαχίςοις
2402 524 2468 585 et
2511 518 2660 596 πρὸς

259 628 385 697 τὰς
453 626 730 706 asyle-ae,-
780 626 831 691 δ’
878 620 976 692 οὖν
1026 626 1129 690 καὶ
1179 625 1495 704 ε’λοιχίςας
1546 630 1693 699 ναῦς
1740 625 1810 690 τὸ
1859 626 2046 703 μέσον
2091 630 2412 691 σκοποῦντι
2440 676 2456 698 .
2509 623 2658 691 VII.

263 732 391 798 56:
445 734 589 811 πρὸς
639 737 748 807 τήν
796 732 1129 806 Ἀθηναίων
1176 754 1248 797 τε
1296 731 1475 796 πόλιν
1522 731 1628 797 καὶ
1656 732 2191 818 Λακεδαιμονίων,
2216 730 2394 800 alibi.
2419 730 2660 798 Melius

258 846 439 905 certe
486 840 700 906 editur
742 838 793 903 l.
850 837 1018 904 105:
1066 834 1129 903 οἵ
1164 862 1235 903 τε
1284 838 1706 917 πρεσβύτατοι
1755 840 1858 904 καὶ
1906 840 1960 904 οἱ
2010 840 2297 904 νεώτατοι
2343 845 2408 904 et
2445 836 2496 903 Ῑ.
2529 836 2654 905 141

260 942 553 1012 Cobetus
620 945 925 1010 correxit:
994 941 1031 1019 ἥ
1076 969 1148 1010 τε
1194 945 1428 1023 mylen
1482 947 1586 1009 καὶ
1635 945 1730 1031 (ἦ)
1779 945 2053 1026 &naxia-n
2104 944 2430 1017 δικαίωσις.
2499 942 2676 1015 Vide,

258 1058 596 1136 praeterea
641 1050 794 1137 quid
840 1049 1301 1117 Herwerdenus
1346 1051 1750 1138 adscripserit
1793 1051 1874 1117 ad
1921 1050 1970 1117 Ι.
2025 1049 2170 1117 139.

356 1265 675 1353 Legimus
720 1263 773 1329 Ι.
820 1263 861 1331 9
918 1270 1175 1332 mortuo
1222 1264 1585 1352 Eurystheo
1634 1267 1904 1332 Atreum
1954 1268 2301 1351 imperium
2349 1265 2663 1349 accepisse

263 1370 373 1436 κοο)
426 1372 549 1435 τῶν
600 1371 932 1449 Περσειδῶν
979 1370 1116 1441 τοὺς
1166 1372 1517 1447 Πελοπίδας
1568 1370 1812 1453 μείζους
1861 1380 2366 1459 narse-uvae,
2397 1370 2508 1436 sed
2530 1368 2662 1455 pla-

142 1479 149 1495 '
263 1486 369 1545 cet
434 1486 934 1553 κοιταςῆσοιι.
1002 1475 1128 1545 Sed
1189 1478 1472 1544 nondum
1538 1481 1696 1544 satis
1759 1486 2050 1545 accurate
2093 1480 2471 1564 quaesitum
2535 1476 2664 1542 fuit

263 1582 425 1670 quid
505 1583 773 1650 tandum
834 1582 1241 1671 Thucydides
1300 1583 1575 1650 traderet
1635 1584 1690 1652 I.
1759 1583 1865 1650 12.
1956 1584 2172 1650 Etiam
2237 1589 2379 1670 post
2441 1582 2666 1649 'l'roica

262 1696 561 1775 tempora
606 1691 675 1754 in
724 1688 991 1757 Graecia
1039 1691 1455 1777 migrationes
1501 1690 1706 1757 factae
1748 1696 1933 1757 sunt:
1975 1690 2082 1755 καὶ
2109 1692 2279 1768 μετὰ
2303 1690 2389 1759 τοὶ
2414 1689 2662 1771 Τρωικὰ

266 1797 302 1871 ἦ
353 1800 417 1861 Ἐ
434 1796 599 1867 λλὰς
664 1791 756 1859 ἔτι
804 1794 1193 1872 μετανίςωτδ
1236 1820 1309 1861 τε
1358 1796 1462 1861 καὶ
1515 1794 1888 1877 κατῳκίζετο
1910 1843 1927 1876 ,
1976 1794 2092 1865 ὅτε
2137 1798 2227 1874 μὴ
2277 1795 2664 1877 ἡσυχάσασιν

264 1900 634 1981 αὐξηθῆναι.
708 1900 890 1981 Quae⁴
946 1899 1404 1989 migrationem
1451 1901 1714 1969 illarum
1762 1923 1952 1969 causa
1995 1899 2162 1968 fuit?
2231 1900 2664 1988 Respondebis

265 2029 416 2074 cum
483 2006 894 2094 Thucydide:
962 2008 999 2085 ἥ
1041 2032 1115 2072 τε
1173 2009 1298 2088 γὰρ
1361 2010 1750 2091 ἀναχώρησις
1818 2016 1935 2074 τῶν
1981 2008 2290 2084 Ἐλλήνων
2351 2006 2419 2085 ἐξ
2476 2007 2660 2073 Ἰλίου

267 2114 495 2195 χρονία
553 2114 851 2193 γενομένη
914 2115 1128 2179 πολλὰ
1174 2112 1527 2195 ἐνεόχμωσε
1576 2115 1683 2180 καὶ
1736 2114 1946 2189 τάσεις
1994 2116 2054 2179 ἐν
2099 2124 2244 2188 ταῖς
2288 2113 2539 2180 πόλεσιν
2586 2114 2664 2187 ὥς

269 2221 371 2285 ἐπὶ
422 2220 497 2285 τὸ
550 2219 711 2286 πολὺ
760 2219 1117 2298 ἐγίγνοντο,
1166 2220 1278 2302 ὑφ’
1324 2216 1399 2287 ὧν
1449 2222 1850 2297 ἐκπίπτοντες
1899 2221 2017 2293 τοὶς
2064 2219 2276 2293 πόλεις
2325 2218 2661 2299 ἔκτιζον.

266 2324 397 2394 Sed
458 2347 623 2414 quae
682 2332 779 2393 est
840 2327 965 2393 ista
1026 2325 1465 2394 ratiocinatio?
1528 2328 1952 2415 Migratioues
2013 2328 2217 2394 factae
2277 2337 2456 2404 sunt,
2525 2347 2662 2390 nam

266 2438 412 2520 post
480 2433 861 2500 diuturnum
917 2432 1164 2500 bellum
1219 2432 1620 2520 aliquantum
1669 2436 2001 2502 turbarum
2049 2435 2176 2501 fuit
2219 2439 2286 2502 et
2330 2435 2440 2520 qui
2485 2431 2665 2502 civili

268 2539 441 2608 bello
508 2539 679 2627 pulsi
741 2540 993 2607 fuerant
1054 2529 1132 2606 dx
1193 2541 1459 2607 urbibus
1513 2544 1582 2607 in
1630 2541 1930 2608 exsilium
1950 2591 1968 2627 ‚
2013 2543 2204 2607 urbes
2249 2541 2663 2606 condiderunt.

269 2647 410 2721 Τὰς
462 2645 675 2719 πόλεις
724 2644 991 2728 ἔκτιζονς
1042 2646 1357 2728 Quasnam
1408 2645 1706 2714 tandem?
1772 2648 2016 2714 Deinde
2061 2646 2344 2736 legimus
2397 2646 2664 2713 Boeotos

268 2751 603 2820 Boeotiam
654 2755 1057 2839 occupavisse
1105 2762 1171 2819 et
1215 2753 1549 2820 Dorienses
1599 2753 2102 2841 Peloponnesum
2123 2801 2140 2832 ‚
2197 2753 2306 2819 sed
2355 2753 2432 2818 de
2477 2753 2662 2818 novis

268 2861 544 2927 urbibus
586 2881 667 2926 ne
711 2861 983 2926 verbum
1025 2861 1281 2946 quidem
1324 2882 1524 2926 unum
1564 2858 1659 2926 fit.
1705 2861 2041 2928 Praeterea
2063 2857 2452 2926 Graecorum
2477 2877 2660 2944 opes,

270 2969 371 3032 uti
444 2967 743 3034 videmus
762 3013 778 3045 ‚
851 2987 963 3052 per
1034 2965 1197 3032 illud
1262 2966 1675 3034 intervallum
1741 2969 2007 3032 minime
2067 2969 2400 3033 creverunt
2460 2983 2662 3050 neque

273 3068 545 3139 Graecia
592 3071 979 3152 ἡσυχάσασιν
1029 3072 1251 3151 ηὐξήθη
1273 3092 1289 3110 ·
1338 3078 1638 3140 tamenne
1685 3073 1935 3140 exsules
1979 3093 2175 3140 novas
2212 3072 2400 3138 urbes
2423 3073 2665 3137 interea

274 3175 669 3245 condebant?
762 3178 929 3260 Quid
1008 3184 1261 3246 tantum
1340 3199 1563 3266 operae
1631 3181 2056 3260 insumimus,
2127 3184 2202 3245 ut
2269 3175 2664 3265 Thucydidis

274 3286 469 3352 verba
516 3305 765 3371 semper
808 3287 1043 3350 rectius
1088 3284 1550 3374 intellegantur
1567 3333 1586 3364 ,
1632 3289 1688 3351 si
1733 3288 1868 3373 ipse
1915 3291 2046 3352 tam
2093 3284 2436 3351 desultoris
2473 3284 2663 3368 scrip-

276 3389 400 3455 sit?
470 3389 598 3457 Sed
656 3413 733 3456 ex
794 3391 895 3458 his
952 3392 1213 3460 salebris
1276 3395 1523 3458 exitum
1583 3392 1791 3459 video.
1862 3393 2148 3458 Fuerunt
2209 3391 2624 3478 migrationes
2643 3433 2662 3468 ,

278 3514 549 3579 quarum
610 3497 1069 3585 migrationum
1130 3497 1425 3584 exempla
1490 3505 1639 3564 sunt
1687 3499 1909 3564 Boeoti
1956 3505 2020 3564 et
2064 3497 2417 3564 Dorienses.
2465 3495 2664 3562 Hisce

281 3604 773 3690 migrationibus
851 3604 1146 3670 effectum
1214 3611 1311 3670 est
1328 3651 1346 3682 ,
1384 3584 1402 3597 “
1418 3609 1491 3669 ut
1551 3625 1632 3670 ne
1697 3602 1966 3670 Graecia
2027 3608 2153 3669 cito
2214 3601 2662 3669 effloresceret:

280 3706 457 3771 huius
516 3709 611 3774 rei
673 3729 863 3775 causa
917 3712 1202 3795 primum
1267 3710 1588 3776 redditur:
1652 3731 1881 3796 nempe
1927 3709 2238 3775 discordia
2283 3729 2383 3774 res
2429 3707 2663 3774 dilabe-

282 3810 545 3881 bantur:
596 3814 808 3888 ςοὶσεις
858 3817 919 3879 ἐν
964 3823 1106 3888 τοιῒς
1156 3814 1409 3883 πόλεσιν
1452 3819 1533 3888 ὥς
1583 3816 1684 3880 ἐπὶ
1727 3817 1798 3881 τὸ
1839 3815 1998 3881 πολὺ
2039 3817 2387 3894 ἐγίγνοντο·
2437 3814 2664 3880 deinde

284 3919 527 3987 exsules
572 3922 692 3994 τὰς
739 3922 946 3995 πόλεις
996 3918 1027 3986 ἔ
1043 3921 1228 4004 κτιζ
1236 3945 1263 3987 ο
1283 3946 1333 3987 ν.
1406 3923 1531 3988 Ain
1581 3919 1880 3990 tandem?
1921 3920 2132 3987 Vertit
2171 3919 2663 3988 Bloomfieldus:

285 4023 413 4110 they
455 4036 607 4093 ιοοιιι
650 4029 779 4092 and
818 4029 1118 4094 colonised
1158 4028 1339 4095 other
1383 4029 1577 4094 cicino:
1621 4050 1823 4115 neque
1863 4029 1940 4095 de
1979 4029 2124 4092 aliis
2161 4027 2430 4095 urbibus
2451 4046 2661 4094 sermo

287 4127 411 4195 fuit
468 4147 533 4199 et.
578 4136 633 4199 si
678 4155 897 4201 revera
941 4155 1143 4202 novae
1188 4136 1376 4201 urbes
1423 4135 1501 4201 ab
1548 4135 1878 4200 exsulibus
1921 4135 2210 4201 conditae
2254 4141 2406 4200 sunt
2424 4180 2441 4213 ,
2489 4134 2664 4199 dixe-

287 4230 374 4299 ris
434 4235 767 4306 Graeciam
829 4243 919 4318 μὴ
984 4238 1403 4321 ἦσυχοίσοισοιν
1460 4247 1677 4308 tamen
1723 4242 2065 4329 insigniter
2109 4239 2463 4319 οοῦξηθῆνοιι.
2535 4237 2662 4306 Sed

292 4339 451 4410 nihil
491 4345 716 4430 horum
764 4349 1033 4435 scriptor
1076 4348 1449 4416 contendere
1492 4348 1704 4435 potuit
1743 4356 1809 4414 et
1846 4347 2097 4416 exsules
2133 4366 2281 4418 suas
2315 4347 2504 4414 urbes
2535 4366 2662 4414 non
