3150 5000
1313 315 1556 367 monuo.
2542 301 2627 370 4¹7

241 483 412 550 unde
455 481 900 572 cognoscitur?
943 483 1192 550 Nonius
1234 507 1356 569 qua
1375 531 1390 561 ‚
1437 483 1636 550 codex
1684 484 1837 570 quid
1882 483 2021 569 (pro
2068 483 2196 570 φασὶ)
2218 533 2237 560 ,
2283 487 2631 571 utrumque

243 609 320 654 ex
363 590 766 656 correctione.
838 589 1034 656 Nonii
1078 589 1254 656 locus
1301 595 1398 656 est
1443 588 1599 656 239.
1651 588 1731 660 8:
1783 591 2091 668 „aemulus
2132 589 2629 658 similitudinem

241 696 412 762 vitae
458 695 566 762 vel
605 697 891 762 instituti
929 716 1216 782 sequens.
1279 695 1374 762 M.
1421 695 1681 763 'Pullius
1720 696 1799 762 de
1836 695 2163 782 republica
2203 695 2263 762 I:
2311 717 2437 782 qua
2458 698 2629 762 enim

241 801 564 868 iudicatur
622 805 748 868 iste
809 799 1133 887 optimus?
1195 802 1480 869 doctrina
1542 804 1787 868 artibus
1846 802 2078 868 studiis
2138 804 2321 868 audio
2392 805 2629 890 quando

239 907 582 974 lacunosus
627 917 726 974 est
767 911 837 973 in
885 907 1038 974 fine:
1091 908 1352 975 fortasse
1395 911 1659 974 aemulos
1699 910 2027 996 aequando.

327 1121 437 1187 51.
503 1120 678 1186 Nam
740 1120 1040 1198 divitiae,
1107 1142 1337 1189 nomeu
1356 1170 1372 1200 ‚
1437 1121 1587 1208 opes
1648 1144 1885 1190 vacuae
1950 1122 2213 1189 consilio
2260 1126 2325 1189 et
2369 1123 2631 1189 vivendi

241 1231 424 1312 atque
472 1226 623 1292 aliis
669 1227 1024 1312 imperandi
1067 1229 1258 1294 modo
1277 1277 1295 1312 ,
1344 1229 1664 1296 dedecoris
1709 1229 1935 1315 plenae
1984 1237 2135 1295 sunt
2181 1234 2247 1295 et
2298 1229 2631 1295 insolentis

239 1331 630 1418 superbiae”.

325 1441 572 1506 Mosero
635 1439 1020 1506 desideranti
1081 1461 1360 1519 „vacuae
1403 1446 1560 1506 iusto
1609 1442 1913 1510 vivendi”
1962 1444 2195 1510 obiecit
2244 1441 2523 1508 Orellius
2562 1440 2631 1507 id

239 1546 366 1610 iam
424 1548 640 1611 inesse
683 1547 752 1610 in
793 1547 960 1610 modo
978 1593 996 1624 ,
1047 1547 1214 1632 quod
1261 1568 1386 1613 uon
1451 1546 1769 1635 significet
1832 1549 1911 1615 W
1902 1549 2025 1614 eise
2068 1548 2177 1615 sed
2224 1549 2459 1614 Maacc.
2529 1547 2631 1613 In-

240 1652 398 1718 iuria
464 1654 526 1717 si
571 1652 728 1736 quid
774 1652 981 1718 video.
1050 1651 1318 1720 Modum
1365 1674 1597 1739 ponere
1644 1674 1701 1719 e.
1749 1677 1817 1742 g.
1868 1654 2333 1742 cupiditatibus
2378 1652 2627 1742 signifi-

239 1762 370 1822 cat.-
407 1778 541 1823 non
577 1759 774 1823 nimis
809 1758 1146 1825 extendere
1161 1807 1181 1840 ‚
1225 1761 1741 1826 circumscribere
1778 1761 2195 1847 cupiditatem
2248 1762 2375 1839 „sit
2396 1760 2627 1826 modus

237 1861 568 1929 laborum”
605 1862 927 1952 significat
949 1863 1131 1931 finias
1153 1865 1398 1932 labores
1425 1866 1785 1951 aliquando.
1835 1865 2110 1932 Modum
2135 1866 2299 1933 habe
2323 1865 2585 1932 vivendi
2604 1911 2624 1944 ,

239 1969 312 2033 ad
371 1991 521 2035 eam
584 1989 879 2036 normam
940 1970 1188 2036 dictum
1208 2018 1225 2048 ,
1290 1976 1490 2037 esset:
1554 1993 1637 2037 ne
1697 1972 1893 2037 fueris
1948 1972 2145 2038 nimis
2204 1973 2439 2055 vivax,
2490 1969 2625 2038 noli

239 2076 428 2140 nimis
470 2075 586 2141 diu
622 2077 870 2150 vivere,
910 2076 1083 2161 quod·
1115 2082 1524 2162 praeceptum
1562 2080 1673 2162 qui
1698 2077 1843 2162 dat,
1881 2083 2018 2143 tam
2044 2076 2285 2142 stultus
2311 2084 2409 2142 est
2429 2097 2621 2162 quam

239 2182 342 2266 qui
380 2183 441 2247 ei
483 2182 877 2266 obsequitur.
927 2181 1123 2248 Aliud
1159 2186 1358 2248 esset:
1402 2185 1490 2248 sit
1523 2183 1755 2249 modus
1776 2183 2075 2269 cupiendi
2105 2182 2369 2270 longam
2392 2185 2625 2250 vitam.

241 2288 452 2352 Modus
501 2289 712 2375 igitur
756 2287 822 2352 h.
847 2286 893 2352 1.
935 2309 1059 2354 ιιοιι
1097 2287 1416 2376 significat
1455 2290 1832 2367 modulum3
1868 2309 1997 2355 non
2034 2291 2167 2356 sine
2190 2309 2381 2355 causa
2402 2289 2625 2356 haese-

241 2399 382 2457 runt
403 2393 704 2460 Moserus
732 2397 752 2474 (
764 2396 974 2471 „iusto
997 2394 1318 2483 vivendi”)
1339 2401 1404 2462 et
1426 2394 1721 2461 Osannus
1742 2395 2115 2480 (,‚iubendi”
2143 2415 2256 2481 pro
2282 2391 2623 2474 „vivendi”

243 2500 674 2587 substituens).
743 2497 1116 2585 Requiritur
1177 2502 1346 2587 quod
1407 2504 1550 2567 aliis
1596 2508 1985 2588 opponatur3
2035 2523 2187 2569 nam
2239 2503 2306 2569 id
2350 2503 2624 2570 vocabu-

241 2603 368 2669 lum
412 2628 587 2672 nunc
637 2606 948 2673 abundat:
1002 2607 1259 2674 offensio
1306 2608 1572 2674 tolletur
1591 2657 1608 2686 ,
1658 2610 1715 2674 si
1760 2629 1874 2695 pro
1912 2626 2177 2674 mmm
2218 2609 2624 2675 substituetis

243 2726 339 2776 sm
393 2729 676 2780 nem1
695 2760 714 2791 ,
777 2733 894 2779 nec
953 2734 1175 2802 regere
1232 2720 1498 2800 possunt
1555 2735 1624 2781 se
1680 2717 1852 2801 ipsos
1912 2734 2029 2779 nec
2090 2714 2237 2779 aliis
2280 2717 2619 2800 imperare.

243 2814 501 2905 Aliquot
544 2818 798 2886 litterae
843 2820 1211 2887 exciderant
1259 2838 1352 2887 .u1
1372 2869 1388 2886 .
1419 2868 1436 2885 .
1467 2870 1482 2886 .
1505 2839 1694 2906 imm,
1742 2821 1911 2888 unde
1960 2838 2242 2887 vmmm.

329 3032 434 3097 52.
485 3035 762 3119 „quibus
801 3036 1274 3124 (optimatibus)
1311 3058 1448 3103 rem
1487 3035 1809 3121 publicam
1861 3035 2187 3102 tuentibus
2218 3035 2621 3102 beatissimos

247 3156 366 3204 esse
399 3140 670 3225 populos
714 3162 966 3207 necesse
1012 3148 1110 3207 est
1128 3190 1144 3221 ,
1197 3162 1432 3209 vacuos
1479 3144 1654 3209 omni
1703 3161 1855 3207 cura
1904 3147 1970 3207 et
2007 3143 2393 3230 cogitatione
2407 3189 2424 3220 ,
2475 3140 2623 3208 aliis

245 3248 540 3327 permisso
577 3248 711 3313 otio
757 3268 874 3313 suo
892 3296 911 3333 ,
958 3249 1190 3333 quibus
1237 3249 1308 3314 id
1355 3248 1668 3315 tuendum
1709 3252 1805 3314 est
1840 3268 2045 3333 neque
2086 3248 2621 3314 committendum

245 3356 312 3415 ut
354 3374 468 3418 sua
511 3353 852 3421 commoda
894 3354 1170 3441 populus
1213 3354 1475 3443 neglegi
1522 3375 1561 3421 a
1599 3355 1993 3441 principibus
2030 3352 2281 3439 putet.”

325 3458 610 3546 Populus
665 3460 904 3542 σχολὴν
965 3459 1115 3540 ἄγει
1165 3460 1310 3543 πρὸς
1361 3460 1447 3526 τὰ
1494 3460 1718 3525 ἑαυτοῦ
1738 3508 1756 3543 ,
1803 3458 1967 3526 liber
2013 3480 2147 3525 esse
2191 3458 2337 3526 vult
2384 3478 2423 3524 a
2468 3478 2623 3525 cura

249 3564 489 3648 publica
529 3572 609 3632 ut
655 3568 792 3633 suis
837 3568 1027 3635 rebus
1073 3572 1292 3645 vacet,
1347 3586 1448 3633 res
1493 3567 1703 3653 igitur
1744 3567 2099 3632 committit
2141 3566 2363 3651 paucis
2408 3563 2617 3629 mode·

247 3672 544 3739 tatoribus
561 3720 580 3751 ,
625 3674 862 3759 quibus
907 3674 976 3748 id
1015 3673 1336 3761 agendum
1387 3677 1484 3739 est
1499 3722 1514 3751 ‚
1567 3678 1645 3737 ut
1689 3671 1963 3760 populus
2009 3672 2078 3736 in
2126 3674 2261 3737 otio
2296 3676 2359 3737 et
2401 3672 2617 3755 quiete

247 3784 618 3859 permaneat.
681 3778 822 3845 Hoc
868 3800 1062 3866 quam
1113 3778 1381 3846 moleste
1425 3779 1675 3846 dicatur
1719 3780 2132 3863 „permittere
2150 3776 2366 3841 'alicui
2404 3776 2615 3843 otium

249 3883 468 3949 suum’'
511 3888 782 3970 quisque
829 3886 1039 3962 videt3
1087 3892 1280 3970 puto:
1334 3884 1522 3962 „aliis
1570 3886 1877 3970 permisso
1923 3883 2155 3965 amotio
2202 3881 2375 3949 suo.”
2436 3878 2617 3948 Gete-

251 4006 380 4053 rum
425 3988 743 4058 Graecum
792 3992 1032 4057 fontem
1079 3994 1149 4056 in
1193 3992 1314 4057 hac
1361 3990 1791 4075 disputatione
1830 3989 2079 4055 odorari
2119 3988 2371 4073 videor,
2414 3989 2613 4055 etiam

251 4092 310 4156 in
351 4096 558 4162 verbis
609 4116 775 4182 „quo
821 4096 985 4161 nihil
1031 4102 1237 4182 potest
1274 4116 1408 4162 esse
1446 4094 1867 4161 moderatius”
1908 4090 1978 4160 οὗ
2015 4094 2179 4159 οὐδὲν
2222 4093 2299 4157 ἂν
2334 4092 2424 4168 εἴη
2464 4092 2609 4172 πρὸς

254 4202 446 4277 κρᾶσιν
486 4202 958 4284 ἐπιτηδειότερον
1004 4201 1138 4288 (vel
1183 4199 1650 4287 εὐκαιρότερον).
1722 4199 1940 4267 videri
1984 4204 2249 4285 possunt
2292 4219 2373 4265 ex
2417 4197 2613 4284 paulo

253 4300 518 4393 longiore
577 4308 1108 4375 demonstratione
1171 4313 1388 4373 sumta
1406 4353 1423 4383 ,
1491 4327 1618 4391 quo
1673 4304 1743 4370 τὸ
1809 4305 1995 4383 μέσον
2056 4303 2285 4385 ἄριστα
2336 4304 2611 4381 κείμενον

258 4406 596 4493 ἑκατέρωθεν
615 4461 630 4487 ,
671 4433 868 4499 eoque
903 4414 1042 4498 ipso
1081 4413 1160 4479 ad
1201 4412 1725 4498 temperationem
1769 4412 2174 4496 aptissimum
2198 4429 2333 4475 esse
2355 4409 2613 4475 demon-
