3150 5000
491 187 626 254 262
1529 193 1864 254 Aummvs

577 373 640 436 ὅ.
693 371 756 436 7.
824 371 1060 446 „Miles
1106 369 1264 434 olim
1311 369 1737 434 deliberatum
1784 366 2122 452 impleuit,
2172 367 2452 432 fremens
2498 363 2885 447 secundique

529 493 572 544 11
591 497 633 562 p
647 496 684 542 a
702 478 771 541 ti
791 498 882 542 en
897 497 929 540 s
976 474 1097 542 loci
1149 477 1529 541 rectorem.”

573 580 838 670 Cori-ige
895 581 1318 668 „secundique
1364 601 1462 647 no
1481 605 1522 646 n
1573 583 1903 666 patiens
1950 579 2074 646 loci
2123 579 2501 645 rectorem.”

575 779 638 846 8.
689 779 754 845 9.
831 775 1185 857 „Cohorrui
1201 829 1218 864 ‚
1285 778 1507 856 fateor,
1557 783 1622 843 et
1670 780 1895 844 secessi
1948 777 2449 862 amendatusque
2496 777 2651 842 dum
2700 779 2889 862 potui

487 910 518 954 s
536 887 672 954 alu
690 893 846 951 tem
893 905 961 949 m
979 905 1160 950 ussa
1177 888 1240 948 ti
1257 905 1352 949 on
1371 905 1406 949 e
1455 884 1891 969 quaeritabam
1944 891 2009 950 et
2056 884 2385 949 latebris.'’

583 992 660 1058 V.
723 1013 790 1057 m
810 993 1185 1056 ussation
1205 1012 1238 1055 e
1302 991 1478 1055 dedit
1526 989 1683 1054 olim
1736 989 2059 1056 Gelenius.
2108 989 2180 1054 In
2232 989 2383 1056 Vat.
2432 995 2529 1054 est
2576 1009 2607 1054 s
2626 987 2817 1054 alut
2834 1009 2899 1053 e-

491 1120 674 1164 mus
718 1097 1080 1173 latione,
1131 1096 1296 1162 unde
1343 1095 1713 1183 Kiessling:
1756 1095 2123 1160 salutem
2161 1094 2605 1162 dilatione.
2656 1094 2897 1162 Malim

493 1225 579 1270 sa
599 1203 855 1269 lutem
925 1223 962 1268 o
981 1225 1064 1268 cc
1087 1201 1518 1268 ultatione
1582 1201 2021 1288 quaeritabam
2091 1201 2172 1266 cf.
2242 1202 2346 1267 11.
2412 1199 2497 1266 21
2576 1201 2897 1285 ,Romani

492 1332 642 1377 cum
693 1310 918 1376 Persas
961 1308 1270 1376 occultari
1316 1309 1610 1374 viderent
1661 1309 1958 1394 pauore.”

585 1509 648 1577 8.
698 1509 760 1576 9.
836 1506 1170 1594 „Cumque
1241 1507 1454 1573 nullae
1520 1507 1824 1572 darentur
1884 1507 2205 1583 indutiae,
2271 1506 2558 1573 libero
2624 1507 2905 1606 pectoris

495 1636 710 1694 mure,
779 1622 855 1680 ut
921 1615 1014 1680 ita
1083 1615 1350 1680 dixerim
1373 1663 1390 1698 ,
1463 1620 1720 1698 saeptus
1738 1661 1754 1690 ‚
1825 1634 2193 1701 progressus
2262 1619 2412 1679 ante
2484 1618 2903 1698 conspectum

501 1723 792 1789 omnium
843 1721 1060 1787 steti.''

592 1827 801 1892 Immo
850 1825 1009 1904 „lib
1027 1847 1062 1891 e
1079 1825 1150 1891 ri
1196 1827 1468 1912 pectoris
1513 1828 1769 1891 muro.''

593 2025 656 2091 8.
711 2024 812 2090 10.
889 2025 1154 2104 „Victus
1211 2026 1482 2110 denique
1541 2045 1921 2111 mecumque
1966 2026 2103 2112 ipse
2146 2031 2673 2100 contestans,
2724 2022 2903 2110 quod

502 2132 664 2199 alter
721 2133 1004 2198 confosso
1066 2152 1172 2196 me
1231 2131 1498 2196 forsitan
1559 2131 1766 2198 libens
1828 2133 2249 2198 declarabitur
2292 2134 2618 2218 princeps,
2668 2131 2895 2196 adsen-

503 2259 612 2305 sus
661 2239 880 2303 sum.''

595 2344 720 2410 Pro
765 2348 1246 2410 contestans
1294 2345 1540 2430 corrige
1588 2344 2193 2429 contemplans.

595 2546 700 2611 11.
773 2546 834 2610 l.
912 2544 1132 2625 „Quae
1198 2543 1358 2609 dum
1421 2546 1517 2609 ita
1565 2563 1859 2630 prospere
1903 2544 2257 2611 succedunt
2303 2551 2368 2610 et
2414 2565 2497 2610 ca
2516 2552 2693 2623 ute,
2740 2541 2906 2610 Con-

507 2650 826 2719 stantius'’
877 2670 1049 2736 soqq.

595 2760 723 2823 Pro
786 2763 1030 2825 caute
1093 2757 1497 2823 scribendum
1545 2764 1703 2842 puto
1749 2758 2060 2835 fauste,
2115 2758 2283 2843 quod
2332 2759 2648 2824 sententia
2694 2759 2908 2823 mani-

505 2868 664 2932 festo
720 2867 1005 2949 requirit.
1077 2863 1424 2929 Rarissime
1471 2864 1591 2928 hoc
1636 2864 1936 2929 aduerbio
1984 2868 2373 2949 antiquiores
2418 2868 2761 2950 scriptores
2808 2865 2911 2930 usi

508 2978 678 3039 sunt.
727 2970 944 3037 Semel
988 2968 1228 3057 legitur
1275 2970 1444 3055 apud
1493 2966 1865 3035 Ciceronem
1912 2972 1979 3034 in
2027 2970 2132 3035 Or.
2182 2991 2295 3054 pro
2335 2970 2509 3035 Mur.
2555 2972 2629 3037 1:
2678 2980 2793 3049 „ut
2818 2974 2913 3037 eis

507 3078 877 3145 hominibus
924 3097 998 3140 ea
1045 3097 1143 3141 res
1187 3076 1394 3140 fauste
1415 3124 1433 3159 ‚
1479 3075 1753 3141 feliciter
1800 3096 2216 3161 prospereque
2262 3077 2614 3142 eueniret.”

606 3264 708 3329 11.
773 3262 837 3328 2.
911 3261 1272 3340 „Audiebat
1333 3260 1741 3327 Constantius
1804 3264 2057 3345 saepius
2111 3265 2387 3329 Arsacen
2431 3268 2828 3349 temptatum
2876 3284 2912 3329 a

509 3391 661 3457 rege
721 3369 1056 3435 Persarum
1123 3367 1517 3434 fallaciis
1579 3374 1643 3432 et
1703 3369 1899 3431 minis
1966 3372 2031 3433 et
2096 3368 2292 3446 dolis,
2341 3374 2415 3433 ut
2468 3369 2907 3437 Romanorum

512 3478 812 3541 societate
860 3474 1222 3558 posthabita
1269 3476 1402 3537 suis
1452 3472 1805 3538 rationibus
1850 3474 2335 3561 stringeretur.”

604 3580 845 3645 Dubito
909 3601 1064 3643 num
1130 3578 1520 3645 fallaciis
1576 3579 1727 3645 ferri
1775 3584 1974 3665 possit
2020 3588 2273 3665 propter
2320 3602 2586 3666 sequens
2638 3582 2909 3661 „dolis”

514 3685 932 3753 Scribendum
982 3687 1265 3769 suspicor
1311 3685 1711 3770 pellaciis
1759 3689 1803 3749 i.
1828 3708 1881 3751 e.
1926 3685 2382 3752 blandimentis
2421 3696 2485 3753 et
2525 3688 2911 3755 delenimen-

413 3792 423 3803 ‘
517 3796 620 3857 tis.
671 3790 844 3856 Usus
889 3796 986 3855 est
1030 3790 1150 3857 hoc
1199 3792 1392 3857 uerbo
1443 3792 1778 3856 Lucretius
1824 3790 1906 3856 II.
1962 3792 2124 3870 5593
2186 3792 2253 3859 V.
2309 3794 2502 3860 1004.
2558 3794 2914 3881 Aliquoties

517 3900 712 3965 uerba
751 3920 828 3963 ex
872 3898 1168 3963 Lucretio
1203 3898 1669 3983 deprompsisse
1707 3898 1962 3963 videtur
2007 3902 2406 3968 Ammianus.
2452 3900 2551 3969 Of.
2582 3902 2663 3967 ad
2688 3902 2911 3969 XXII.

525 4006 632 4075 16.
683 4006 807 4081 22;
859 4004 1076 4069 XXV.
1131 4004 1234 4069 10.
1292 4006 1394 4068 14.

616 4194 721 4259 11.
795 4192 897 4258 10.
992 4190 1220 4269 „Dolia
1302 4191 1570 4275 desuper
1637 4193 1977 4277 cadebant,
2050 4193 2257 4261 molae
2326 4202 2390 4262 et
2466 4196 2910 4264 columnarum

524 4300 919 4388 fragmenta,
962 4319 1232 4383 quorum
1277 4297 1661 4383 ponderibus
1693 4301 1915 4365 nimiis
1951 4302 2380 4367 obruebantur
2418 4312 2911 4392 oppugnatores,
