3150 5000
1286 306 1527 360 munao.
2458 289 2591 356 295

479 491 531 540 a.
582 471 702 538 131
753 471 834 540 U.
868 469 978 551 C.‚
1029 471 1159 538 623
1207 493 1262 538 a.
1305 470 1380 540 G.
1421 495 1482 538 n.
1525 474 1673 538 Iun.

581 578 710 643 150
1031 578 1164 642 604
1528 579 1661 644 lan.

579 681 710 749 168
1031 682 1160 749 586
1527 685 1695 772 Aug.

583 787 710 854 187
1033 787 1162 856 567
1527 790 1725 858 Mart.

578 895 711 962 205
1037 895 1166 962 549
1489 983 1494 988 .
1532 895 1669 962 Oet.

579 999 712 1065 224
1033 1000 1164 1067 530
1529 1001 1691 1067 Mai.

575 1106 708 1172 242
1032 1106 1164 1174 512
1532 1106 1688 1174 Deo.

579 1211 708 1278 261
1033 1213 1166 1280 493
1437 1285 1443 1291 .
1529 1211 1659 1280 Iu'l.

579 1319 712 1383 280
1033 1320 1117 1386 47
1124 1319 1166 1384 4
1529 1319 1711 1385 Febr.

577 1420 714 1490 298
1032 1423 1162 1490 456
1529 1425 1706 1511 Sept.

584 1529 715 1598 317
1037 1529 1168 1598 437
1533 1533 1690 1618 Apr.

581 1634 712 1702 335
1033 1635 1165 1702 419
1527 1637 1697 1703 Νον.

583 1740 716 1806 354
1034 1741 1168 1808 400
1527 1741 1566 1808 J
1572 1764 1679 1808 un.

238 1846 564 1914 Intervalla
608 1847 790 1914 vides
836 1868 1144 1914 annorum
1196 1847 1279 1913 18
1326 1869 1622 1914 mensum
1674 1848 1735 1915 ’7.
1804 1847 2125 1914 Romulus
2171 1854 2467 1915 mortuus
2504 1853 2601 1914 est

239 1959 364 2040 post
425 1953 704 2040 expletos
762 1956 946 2042 regni
997 1974 1202 2021 annos
1265 1952 1370 2032 37,
1436 1957 1653 2040 itaque
1694 1974 1757 2032 a.
1781 1976 1847 2021 u.
1897 1953 2017 2033 38,
2066 1977 2215 2021 eum
2262 1976 2464 2022 annus
2512 1953 2595 2020 37

240 2059 563 2126 effluxisset
621 2081 840 2126 mense
902 2058 1146 2145 Aprili,
1212 2061 1381 2126 Iulio
1439 2063 1752 2146 proximo.
1833 2061 1927 2128 De
1974 2062 2186 2128 reditu
2232 2061 2599 2127 defectuum

241 2163 474 2231 Plinius
533 2164 615 2233 11.
682 2165 767 2231 13
829 2164 1008 2254 (56):
1075 2165 1398 2244 „defectus
1456 2163 1805 2234 CCXXIII
1866 2168 2193 2234 mensibus
2260 2167 2463 2233 redire
2532 2168 2601 2231 in

241 2291 369 2338 suos
426 2273 594 2338 orbis
651 2279 898 2340 eertum
949 2270 1110 2338 est''.
1181 2272 1326 2338 Non
1374 2275 1703 2358 quaeritur
1749 2295 1915 2339 nune
1936 2320 1953 2352 ,
2000 2295 2157 2338 num
2203 2274 2324 2339 hoo
2371 2294 2596 2339 verum

241 2380 314 2442 sit
357 2416 430 2426 —
485 2399 876 2466 quamquam
923 2399 964 2444 a
1007 2399 1156 2445 vero
1201 2399 1325 2444 non
1375 2379 1659 2444 multum
1700 2379 1989 2446 recedere
2027 2379 2284 2447 videtur
2326 2417 2411 2429 —-
2433 2427 2449 2458 ‚
2490 2379 2601 2445 sed

241 2481 374 2567 quid
437 2491 679 2551 veteres
740 2486 1104 2551 statuerint.
1188 2484 1385 2552 Porro
1446 2484 1791 2552 tenendum
1849 2492 1945 2551 est
1964 2536 1980 2559 .
2044 2507 2168 2552 non
2231 2485 2601 2554 Ciceronem

240 2589 434 2673 ipsum
494 2596 665 2656 retro
726 2591 1117 2658 numerando
1178 2596 1554 2676 computum
1602 2592 1857 2669 fecisse,
1908 2630 1981 2641 —-
2041 2593 2206 2677 quod
2256 2596 2311 2659 si
2357 2594 2597 2659 factum

241 2700 418 2773 esset,
479 2694 1004 2782 proficiscendum
1063 2703 1228 2763 esset
1288 2699 1368 2763 ab
1431 2717 1595 2763 anno
1650 2697 1825 2762 urbis
1872 2698 2163 2764 conditae
2208 2698 2307 2763 Ol.
2358 2698 2501 2765 VII.
2555 2698 2598 2763 2

241 2801 308 2885 (a.
335 2804 404 2869 υ.
457 2801 542 2868 75
571 2804 713 2889 Ἰθ),
759 2823 953 2888 quem
997 2801 1217 2870 Cicero
1261 2805 1330 2868 in
1378 2803 1480 2868 his
1527 2803 1710 2870 libris
1758 2806 1988 2869 statuit
2038 2842 2117 2853 —
2168 2805 2278 2871 sed
2316 2824 2354 2870 a
2390 2806 2601 2871 nescio

243 2908 452 2991 quibus
509 2928 646 2973 rem
707 2907 944 2974 saetam
995 2930 1130 2975 esse
1178 2909 1336 2974 dicit
1348 2930 1366 2987 ;
1415 2908 1486 2975 hi
1532 2914 1877 2994 potuerunt
1924 2930 2160 2975 annum
2209 2910 2403 2976 Urbis
2448 2931 2599 2977 eon-

242 3011 393 3079 ditae
451 3035 598 3079 cum
660 3014 940 3080 Varrone
1000 3021 1067 3080 et
1112 3016 1326 3084 Attico
1374 3015 1455 3081 ad
1501 3014 1602 3081 01.
1652 3014 1757 3079 VI.
1810 3012 1849 3081 3
1896 3012 2011 3101 (75
2040 3017 2143 3103 ⁴13)
2190 3016 2439 3084 referre.
2512 3015 2603 3081 Ut

239 3117 344 3183 hoe
403 3126 550 3187 utar
567 3170 585 3207 ,
652 3122 910 3187 Atticus
965 3123 1100 3207 ipse
1161 3124 1373 3207 potuit
1435 3123 1526 3186 sie
1579 3120 1817 3187 ludere.
1891 3118 2112 3187 Oieero
2158 3125 2228 3189 in
2275 3122 2376 3189 his
2423 3122 2604 3188 libris

241 3220 568 3313 Polybium
629 3228 918 3311 sequitur
937 3272 954 3305 ‚
1016 3225 1117 3291 01.
1181 3226 1336 3292 VII.
1401 3226 1442 3290 2
1499 3227 1871 3312 (posteriore
1940 3233 2119 3313 parte
2181 3231 2328 3295 anni
2377 3227 2604 3316 Olym—

241 3332 420 3417 pisci,
481 3352 632 3397 nam
693 3330 901 3397 Roma
956 3331 1208 3398 condita
1252 3330 1597 3418 Palilibus)
1647 3334 1693 3398 i.
1720 3353 1773 3397 e.
1828 3331 1959 3401 750
2007 3334 2232 3399 urbem
2280 3335 2601 3400 conditam

241 3436 492 3503 referens
553 3437 663 3524 (ef.
725 3436 806 3503 IL
874 3434 990 3525 27)
1005 3488 1028 3521 ,
1081 3438 1380 3522 idemque
1439 3458 1641 3503 annus
1705 3438 1963 3504 videtur
2030 3461 2177 3506 eum
2241 3440 2604 3507 Annalibus

242 3538 528 3609 Maximis
572 3543 939 3610 convenisse
981 3544 1124 3630 („in
1164 3542 1521 3609 Annalibus
1574 3546 1880 3609 maximis
1930 3548 2373 3634 consignatum
2433 3546 2605 3613 vide·

241 3649 412 3715 mus”
453 3670 646 3735 supra
691 3649 745 3714 Ι.
794 3649 946 3736 25),
994 3670 1146 3716 nam
1194 3670 1396 3715 annus
1445 3646 1623 3727 „350
1662 3649 1858 3727 fere”,
1900 3652 1967 3715 in
2006 3651 2363 3717 Annalibus
2402 3653 2601 3741 signi-

241 3748 446 3820 ficatus
463 3803 482 3833 ‚
530 3758 826 3822 convenit
865 3776 1015 3819 eum
1055 3754 1189 3821 400
1228 3774 1283 3820 a.
1313 3751 1421 3833 O.;
1463 3754 1574 3820 sed
1612 3755 1759 3820 inde
1796 3776 1920 3821 non
1946 3760 2293 3822 necessario
2316 3760 2606 3845 sequitur

242 3856 451 3946 illum,
498 3861 610 3947 qui
649 3868 816 3928 retro
856 3860 1280 3947 computando
1319 3860 1585 3927 Romuli
1626 3881 1859 3926 annum
1904 3861 2163 3927 fatalem
2204 3864 2605 3929 constituerit

243 3970 342 4029 sut
407 3964 794 4033 confirmarit
860 3969 1022 4032 iam‘
1069 3968 1494 4034 constitutum
1568 3965 2041 4052 computatione
2108 3988 2257 4046 sua,
2330 3969 2602 4035 eundem

243 4088 362 4137 esse
420 4075 530 4159 qui
595 4071 872 4139 Annales
933 4071 1324 4158 suppleverit
1370 4079 1435 4137 et
1483 4072 1775 4137 ediderit.
1850 4073 1915 4136 Is
1935 4119 1951 4151 ‚
2000 4093 2190 4158 quem
2241 4071 2461 4139 Cicero
2507 4096 2605 4141 ra-

243 4174 462 4243 tionem
521 4178 706 4245 illam
768 4180 958 4244 inisse
1014 4178 1206 4255 dicit,
1255 4180 1498 4263 potuit,
1552 4182 1641 4256 ut,
1675 4178 1921 4243 dietum
1941 4228 1959 4263 ,
2006 4180 2263 4244 Atticus
2310 4201 2443 4245 esse
2490 4187 2603 4246 aut

245 4279 430 4349 faeere
487 4306 635 4351 eum
696 4286 949 4362 Attice,
1013 4303 1204 4368 quem
1260 4282 1480 4349 Cicero
1527 4290 1671 4367 post
1718 4286 1855 4349 eius
1908 4282 2196 4349 annalem
2250 4283 2489 4350 librum
2536 4288 2603 4350 in

249 4382 440 4453 lucem
500 4393 809 4456 emissum
871 4392 1006 4477 ipse
1066 4396 1285 4475 postea
1330 4396 1585 4455 secutus
1637 4396 1763 4467 est,
1818 4410 2052 4455 annum
2104 4390 2280 4455 urbis
2326 4390 2603 4455 natalem
