3150 5000
546 247 679 320 382
1380 297 1385 300 -
1529 271 1939 324 An'rnonoeu

634 436 910 504 Molesta
966 437 1085 502 hoo
1144 457 1395 504 carmen
1460 439 1818 527 tautologia
1877 439 2184 507 liberetur
2201 489 2220 520 ‚
2279 444 2336 508 si
2395 447 2672 508 statuere
2729 441 2912 508 liceat

540 545 926 632 Dionysium
984 545 1155 609 huno
1216 543 1549 610 Protarchi
1597 544 1806 611 filium
1854 552 2062 612 aetate
2110 547 2254 613 adm
2262 549 2458 614 odum
2505 549 2778 615 iuvenili
2823 567 2916 614 oo-

540 654 789 721 ohleam
833 654 1268 741 (aptissimum
1314 673 1465 718 sane
1502 653 1770 739 puerulo
1811 654 2144 720 donarium
2187 655 2445 722 cochlea
2481 677 2608 742 qua
2647 657 2918 720 luda-est

538 760 909 848 Nymphae)
956 761 1239 825 Antriasi
1285 758 1622 825 dedicasse.
1673 758 1778 826 Ita
1826 763 2000 826 enim
2047 760 2224 828 facili
2270 763 2628 828 mutatione
2652 761 2918 828 scribere

540 869 893 954 possimus:
1624 917 1630 922 ,

1108 969 1164 1026 Π
1183 985 1226 1024 ά
1247 982 1265 1024 ι
1284 959 1357 1026 δΙ
1372 983 1443 1024 ον
1488 959 1808 1040 άντριάσιν
1858 958 2168 1034 Διονύσιος
2215 960 2345 1028 κτὲ.

628 1143 748 1231 Ep.
798 1142 952 1221 225,
1004 1141 1045 1207 3

708 1235 725 1250 ’
946 1248 1133 1315 τέκνα
1182 1251 1341 1328 θεῶν,
1389 1247 1646 1326 δέξαισθε
1693 1249 2013 1324 Φιλῆτιδος
2062 1250 2194 1331 ἱερὰ
2242 1253 2519 1318 ταῦτα

942 1355 1287 1436 δράγματα
1338 1394 1425 1406 -
1476 1393 1561 1406 -
1601 1356 1778 1422 άλλᾶ
1825 1357 1961 1422 καὶ
2013 1353 2258 1430 οὕτως

943 1465 1207 1542 ἡρῷσσαι
1254 1462 1506 1541 Λιβύων
1552 1462 1814 1544 χαίρετε
1859 1463 2237 1536 ὄεσσι-άτιδες.

539 1569 867 1657 Oppositio
927 1569 997 1632 in
1058 1570 1467 1654 sequentibus
1521 1568 1709 1635 valde
1754 1567 2149 1655 probabilem
2186 1569 2462 1636 reddunt
2509 1567 2728 1638 Geelii
2777 1590 2924 1638 oon·

535 1679 847 1742 iacturam
910 1699 1019 1740 τά
1038 1678 1119 1756 ῦρ
1138 1701 1181 1739 ω
1242 1695 1354 1761 pro
1416 1679 1647 1741 ταῦτα.
1709 1675 1854 1742 Nisi
1913 1675 2075 1742 forte
2134 1675 2354 1742 eodem
2418 1697 2608 1743 sensu
2677 1677 2924 1744 dictum

538 1783 820 1870 praefers·
856 1805 943 1850 τυ
958 1783 1037 1846 ‘ro
1059 1779 1126 1847 ά.

628 1980 742 2067 Ep.
794 1978 949 2066 230,
999 1978 1040 2046 3

569 2077 577 2083 ⁷
788 2091 999 2164 Δᾶμις
1045 2085 1074 2151 ὃ
1113 2087 1596 2169 κυρτευτύς,
1644 2084 1895 2167 ψάμμῳ
1946 2086 2178 2164 κέρας
2230 2086 2358 2152 albu
2409 2086 2662 2168 ἐρείδων.

540 2193 751 2276 „Bene
816 2194 1197 2258 monstravit
1260 2191 1574 2277 Toupius,
1639 2195 1731 2256 ait
1793 2191 2172 2258 Boissonade
2194 2241 2210 2271 ,
2274 2192 2453 2274 κέρως
2520 2216 2656 2260 esse
2727 2217 2924 2262 cornu

542 2302 772 2380 „hamo
841 2300 1443 2386 superimpositum,
1508 2298 1617 2364 sed
1675 2299 1829 2384 quid
1891 2306 2054 2365 esset
2115 2298 2365 2383 ψάμμῳ
2429 2301 2612 2382 κέρας
2673 2302 2920 2382 ἐρείδειν

540 2431 705 2488 „non
759 2405 1034 2473 docuit.''
1093 2403 1552 2470 Difficultatem
1609 2405 1902 2491 expedire
1948 2406 2072 2470 sibi
2119 2407 2373 2472 videtur
2419 2406 2720 2474 Duebner
2770 2411 2917 2474 sori·

534 2518 738 2583 bendo
804 2515 1101 2593 „videtur
1164 2512 1311 2577 illos
1373 2512 1700 2591 άῖγιάλοὺς
1760 2511 2000 2578 alluere
2046 2533 2220 2578 mare
2264 2513 2437 2580 haud
2482 2514 2915 2599 profundum,

538 2629 654 2703 „ut
701 2622 1011 2688 demissus
1058 2620 1287 2685 hamus
1336 2620 1683 2707 attingeret
1724 2618 2006 2685 arenas.'’
2052 2618 2418 2704 Permirum
2465 2626 2562 2685 est
2608 2626 2918 2705 neutrum

534 2728 1058 2796 animadvertisse
1119 2734 1447 2809 κυρτευτῇ,
1511 2726 1554 2789 1.
1606 2746 1660 2791 e.
1710 2727 1769 2790 ei
1818 2728 1928 2811 qui
1973 2745 2155 2791 nassa
2199 2728 2519 2811 piscatur,
2570 2726 2743 2792 nihil
2793 2748 2920 2793 esse

532 2856 681 2901 eum
728 2834 957 2910 hamo,
1003 2833 1219 2916 itaque
1266 2830 1443 2912 κέρας
1492 2829 1680 2918 longe
1726 2829 1904 2896 aliud
1951 2830 2054 2896 hie
2103 2828 2419 2918 significet
2461 2852 2720 2897 neeesse
2764 2853 2917 2899 essa.

532 2940 884 3027 Suspieeris
961 2939 1161 3003 ferme
1234 2956 1366 3003 esse
1436 2938 1706 3001 baculum
1764 2936 1871 3002 vel
1925 2936 2220 3020 paxillum
2291 2937 2547 3023 aliquem
2621 2941 2920 3024 (superne

532 3054 608 3113 ut
669 3048 938 3111 arbitror
996 3042 1353 3129 inflexum),
1416 3043 1522 3128 qui
1570 3065 1790 3108 arenae
1835 3042 2038 3107 litoris
2087 3043 2309 3115 infimus
2355 3050 2617 3127 aptatam
2666 3044 2727 3107 ei
2777 3067 2916 3108 nas-

531 3178 654 3219 sum
701 3151 1009 3236 impediret
1051 3149 1361 3235 quominus
1389 3150 1684 3233 fluctibus
1735 3150 2024 3234 undisque
2070 3148 2322 3213 marinis
2371 3149 2578 3213 cedem
2615 3151 2916 3235 abripere-

534 3268 651 3325 tur.
714 3258 809 3323 De
869 3256 1013 3321 aliis
1075 3276 1321 3341 quoque
1384 3256 1828 3321 instrumentis
1877 3276 2000 3321 non
2049 3258 2325 3340 corneis,
2376 3254 2556 3321 velut
2603 3262 2912 3334 antenna,

464 3440 471 3447 ,
532 3363 843 3431 voeabula
890 3361 1065 3443 κέρας
1116 3366 1181 3427 et
1226 3383 1411 3426 cornu
1456 3362 1803 3447 improprie
1851 3361 2142 3447 usurpari
2187 3370 2413 3427 notum
2461 3365 2579 3429 est.

622 3546 741 3633 Ep·
790 3542 1039 3702 233,λὲ
1084 3636 1273 3718 arxe„
1321 3643 1591 3717 μνιάροῒο
1637 3634 2208 3717 βάθυρράίνοιο
2251 3636 2628 3715 τάπητος

817 3817 822 3823 ,
915 3742 1153 3808 ἕνδυτὸν
1199 3744 1444 3807 εὐάνθεῖ
1484 3742 1761 3824 πορφύρῃ
1804 3740 2128 3821 εἰδόμενον.

620 3849 769 3916 Sola
838 3848 1100 3915 lenitate
1166 3847 1650 3915 commendatur
1717 3847 1996 3915 Heekeri
2071 3853 2426 3917 coniectura
2499 3851 2870 3933 βαθυρρίνοιο
2887 3898 2904 3929 ,

530 3957 695 4044 quod
756 3957 1027 4021 minime
1083 3961 1289 4040 potest
1352 3954 1708 4043 significare
1727 4002 1742 4033 ‚
1805 3962 1880 4019 ut
1939 3958 2242 4041 putabat,
2305 3958 2580 4022 villosum
2599 4007 2617 4042 ,
2689 3965 2906 4043 estque

529 4064 863 4149 elephanto
903 4060 1159 4147 quidem
1199 4067 1422 4146 aptum
1463 4061 1571 4127 sed
1614 4060 1790 4127 molli
1832 4065 2032 4148 tapeti
2055 4063 2533 4148 ineptissimum
2558 4062 2900 4149 epitheton.

527 4170 795 4255 Propter
840 4186 1098 4232 versum
1136 4172 1504 4253 sequentem
1545 4166 1728 4233 credo
1753 4168 1830 4233 de
1853 4173 2067 4233 saturo
2093 4168 2200 4252 (ef.
2233 4167 2417 4255 Verg.
2447 4166 2562 4235 Ge.
2590 4168 2699 4247 IV,
2726 4169 2898 4254 325).

528 4296 653 4361 quo
692 4274 924 4358 tapetis
961 4271 1107 4337 lana
1144 4275 1399 4357 penitus
1436 4274 1692 4339 imbuta
1733 4276 1945 4351 tuerit,
1975 4273 2181 4340 colore
2205 4276 2620 4341 Anmmmm
2641 4275 2900 4363 loquen-

527 4389 661 4450 tem
710 4381 1066 4466 scripsisse:
