<?xml version="1.0" encoding="UTF-8"?>
<!DOCTYPE html PUBLIC "-//W3C//DTD XHTML 1.0 Transitional//EN"
    "http://www.w3.org/TR/xhtml1/DTD/xhtml1-transitional.dtd">
<html xmlns="http://www.w3.org/1999/xhtml" xml:lang="en" lang="en">
 <head>
  <title>
</title>
<meta http-equiv="Content-Type" content="text/html;charset=utf-8" />
  <meta name='ocr-system' content='tesseract 3.04.00' />
  <meta name='ocr-capabilities' content='ocr_page ocr_carea ocr_par ocr_line ocrx_word'/>
</head>
<body>
  <div class='ocr_page' id='page_1' title='image "./mnemosyne06servgoog_0507.png"; bbox 0 0 3150 5000; ppageno 0'>
   <div class='ocr_carea' id='block_1_1' title="bbox 1129 258 2590 333">
    <p class='ocr_par' dir='ltr' id='par_1_1' title="bbox 1129 258 2590 333">
     <span class='ocr_line' id='line_1_1' title="bbox 1129 258 2590 333; baseline -0.005 0"><span class='ocrx_word' id='word_1_1' title='bbox 1129 278 1375 333; x_wconf 71' lang='lat' dir='ltr'><strong>Pom-Ar.</strong></span> <span class='ocrx_word' id='word_1_2' title='bbox 1420 280 1670 332; x_wconf 64' lang='lat' dir='ltr'><strong>smum.</strong></span> <span class='ocrx_word' id='word_1_3' title='bbox 2504 258 2590 325; x_wconf 85' lang='lat'><strong>29</strong></span> 
     </span>
    </p>
   </div>
   <div class='ocr_carea' id='block_1_2' title="bbox 220 443 2590 644">
    <p class='ocr_par' dir='ltr' id='par_1_2' title="bbox 220 443 2590 644">
     <span class='ocr_line' id='line_1_2' title="bbox 306 443 2590 536; baseline -0.003 -18"><span class='ocrx_word' id='word_1_4' title='bbox 306 448 465 519; x_wconf 84' lang='lat' dir='ltr'><strong>Cum</strong></span> <span class='ocrx_word' id='word_1_5' title='bbox 542 453 617 517; x_wconf 86' lang='lat' dir='ltr'><strong>in</strong></span> <span class='ocrx_word' id='word_1_6' title='bbox 679 452 873 517; x_wconf 82' lang='lat' dir='ltr'><strong>verbo</strong></span> <span class='ocrx_word' id='word_1_7' title='bbox 930 449 1099 536; x_wconf 87' lang='lat' dir='ltr'><strong>quod</strong></span> <span class='ocrx_word' id='word_1_8' title='bbox 1160 454 1253 515; x_wconf 82' lang='lat' dir='ltr'><strong>est</strong></span> <span class='ocrx_word' id='word_1_9' title='bbox 1316 456 1511 513; x_wconf 80' lang='grc' dir='ltr'><strong><em>κυνεῖν</em></strong></span> <span class='ocrx_word' id='word_1_10' title='bbox 1573 443 1814 513; x_wconf 75' lang='lat' dir='ltr'><strong>vocalis</strong></span> <span class='ocrx_word' id='word_1_11' title='bbox 1873 443 2084 511; x_wconf 81' lang='lat' dir='ltr'><strong>brevis</strong></span> <span class='ocrx_word' id='word_1_12' title='bbox 2149 445 2269 523; x_wconf 90' lang='lat' dir='ltr'><strong>sit,</strong></span> <span class='ocrx_word' id='word_1_13' title='bbox 2341 444 2590 511; x_wconf 88' lang='lat' dir='ltr'><strong>editum</strong></span> 
     </span>
     <span class='ocr_line' id='line_1_3' title="bbox 220 557 877 644; baseline -0.006 -19"><span class='ocrx_word' id='word_1_14' title='bbox 220 561 493 644; x_wconf 85' lang='lat' dir='ltr'><strong>oportuit</strong></span> <span class='ocrx_word' id='word_1_15' title='bbox 538 557 740 623; x_wconf 77' lang='grc' dir='ltr'><strong><em>κύσσ</em></strong></span> <span class='ocrx_word' id='word_1_16' title='bbox 763 581 877 631; x_wconf 83' lang='grc' dir='ltr'><strong>ας.</strong></span> 
     </span>
    </p>
   </div>
   <div class='ocr_carea' id='block_1_3' title="bbox 300 768 2312 1075">
    <p class='ocr_par' dir='ltr' id='par_1_3' title="bbox 300 768 2312 1075">
     <span class='ocr_line' id='line_1_4' title="bbox 305 768 2312 849; baseline -0.004 -9"><span class='ocrx_word' id='word_1_17' title='bbox 305 774 378 840; x_wconf 84' lang='lat' dir='ltr'><strong>V.</strong></span> <span class='ocrx_word' id='word_1_18' title='bbox 432 772 559 842; x_wconf 81' lang='grc'><strong>175</strong></span> <span class='ocrx_word' id='word_1_19' title='bbox 1729 775 1855 841; x_wconf 76' lang='grc' dir='ltr'><strong>πῶς</strong></span> <span class='ocrx_word' id='word_1_20' title='bbox 1901 769 2027 849; x_wconf 71' lang='grc' dir='ltr'><strong>γὰρ</strong></span> <span class='ocrx_word' id='word_1_21' title='bbox 2075 768 2312 843; x_wconf 71' lang='grc' dir='ltr'><strong><em>ἀλήτης</em></strong></span> 
     </span>
     <span class='ocr_line' id='line_1_5' title="bbox 524 874 2230 960; baseline -0.004 -11"><span class='ocrx_word' id='word_1_22' title='bbox 524 880 711 959; x_wconf 79' lang='grc' dir='ltr'><strong><em>ξεῖνος</em></strong></span> <span class='ocrx_word' id='word_1_23' title='bbox 762 881 870 949; x_wconf 72' lang='grc' dir='ltr'><strong><em>ἐὼν</em></strong></span> <span class='ocrx_word' id='word_1_24' title='bbox 915 882 1019 947; x_wconf 74' lang='grc' dir='ltr'><strong>καὶ</strong></span> <span class='ocrx_word' id='word_1_25' title='bbox 1068 877 1367 956; x_wconf 77' lang='grc' dir='ltr'><strong><em>ἄπιστος,</em></strong></span> <span class='ocrx_word' id='word_1_26' title='bbox 1418 877 1569 960; x_wconf 64' lang='grc' dir='ltr'><strong>ἐμῆ</strong></span> <span class='ocrx_word' id='word_1_27' title='bbox 1617 875 1912 959; x_wconf 75' lang='grc' dir='ltr'><strong>Φιλότητι</strong></span> <span class='ocrx_word' id='word_1_28' title='bbox 1959 874 2230 958; x_wconf 71' lang='grc' dir='ltr'><strong><em>μιγείης.</em></strong></span> 
     </span>
     <span class='ocr_line' id='line_1_6' title="bbox 300 985 1463 1075; baseline -0.007 -19"><span class='ocrx_word' id='word_1_29' title='bbox 300 987 577 1075; x_wconf 86' lang='lat' dir='ltr'><strong>Requiro</strong></span> <span class='ocrx_word' id='word_1_30' title='bbox 623 989 800 1068; x_wconf 77' lang='grc' dir='ltr'><strong><em>ἐμοὶ</em></strong></span> <span class='ocrx_word' id='word_1_31' title='bbox 850 988 1144 1071; x_wconf 73' lang='grc' dir='ltr'><strong>Φιλότητι</strong></span> <span class='ocrx_word' id='word_1_32' title='bbox 1192 985 1463 1067; x_wconf 72' lang='grc' dir='ltr'><strong><em>μιγείης.</em></strong></span> 
     </span>
    </p>
   </div>
   <div class='ocr_carea' id='block_1_4' title="bbox 307 1188 563 1259">
    <p class='ocr_par' dir='ltr' id='par_1_4' title="bbox 307 1188 563 1259">
     <span class='ocr_line' id='line_1_7' title="bbox 307 1188 563 1259; baseline 0.012 -5"><span class='ocrx_word' id='word_1_33' title='bbox 307 1188 381 1259; x_wconf 81' lang='lat' dir='ltr'><strong>V.</strong></span> <span class='ocrx_word' id='word_1_34' title='bbox 428 1190 563 1258; x_wconf 81' lang='lat'><strong>210</strong></span> 
     </span>
    </p>
   </div>
   <div class='ocr_carea' id='block_1_5' title="bbox 220 1289 2606 2660">
    <p class='ocr_par' dir='ltr' id='par_1_5' title="bbox 387 1289 2223 1378">
     <span class='ocr_line' id='line_1_8' title="bbox 387 1289 2223 1378; baseline -0.004 -14"><span class='ocrx_word' id='word_1_35' title='bbox 387 1302 627 1364; x_wconf 82' lang='grc' dir='ltr'><strong><em>Μοῦνον</em></strong></span> <span class='ocrx_word' id='word_1_36' title='bbox 675 1297 811 1375; x_wconf 73' lang='grc' dir='ltr'><strong><em>ἐμοί</em></strong></span> <span class='ocrx_word' id='word_1_37' title='bbox 855 1320 994 1370; x_wconf 84' lang='grc' dir='ltr'><strong><em>τινα</em></strong></span> <span class='ocrx_word' id='word_1_38' title='bbox 1040 1296 1271 1378; x_wconf 78' lang='grc' dir='ltr'><strong><em>λύχνον</em></strong></span> <span class='ocrx_word' id='word_1_39' title='bbox 1320 1294 1434 1359; x_wconf 69' lang='grc' dir='ltr'><strong>ἀπ’</strong></span> <span class='ocrx_word' id='word_1_40' title='bbox 1487 1289 1795 1371; x_wconf 66' lang='grc' dir='ltr'><strong><em>ἠλιβάτου</em></strong></span> <span class='ocrx_word' id='word_1_41' title='bbox 1841 1290 1942 1357; x_wconf 80' lang='grc' dir='ltr'><strong><em>σέο</em></strong></span> <span class='ocrx_word' id='word_1_42' title='bbox 1988 1290 2223 1371; x_wconf 71' lang='grc' dir='ltr'><strong><em>πύργου</em></strong></span> 
     </span>
    </p>

    <p class='ocr_par' dir='ltr' id='par_1_6' title="bbox 392 1396 2164 1486">
     <span class='ocr_line' id='line_1_9' title="bbox 392 1396 2164 1486; baseline -0.003 -17"><span class='ocrx_word' id='word_1_43' title='bbox 392 1405 462 1469; x_wconf 80' lang='grc' dir='ltr'><strong>ἐκ</strong></span> <span class='ocrx_word' id='word_1_44' title='bbox 510 1404 779 1486; x_wconf 67' lang='grc' dir='ltr'><strong><em>περάτης</em></strong></span> <span class='ocrx_word' id='word_1_45' title='bbox 826 1402 1136 1483; x_wconf 56' lang='lat' dir='ltr'><strong>&amp;vamme</strong></span> <span class='ocrx_word' id='word_1_46' title='bbox 1188 1399 1357 1465; x_wconf 71' lang='grc' dir='ltr'><strong><em>κατὰ</em></strong></span> <span class='ocrx_word' id='word_1_47' title='bbox 1408 1400 1644 1480; x_wconf 82' lang='grc' dir='ltr'><strong><em>κνέφας</em></strong></span> <span class='ocrx_word' id='word_1_48' title='bbox 1665 1448 1683 1481; x_wconf 88' lang='grc'><strong><em>,</em></strong></span> <span class='ocrx_word' id='word_1_49' title='bbox 1731 1396 1897 1479; x_wconf 78' lang='grc' dir='ltr'><strong><em>ὄφρα</em></strong></span> <span class='ocrx_word' id='word_1_50' title='bbox 1945 1397 2164 1472; x_wconf 76' lang='grc' dir='ltr'><strong><em>νοήσας</em></strong></span> 
     </span>
    </p>

    <p class='ocr_par' dir='ltr' id='par_1_7' title="bbox 392 1503 2205 1589">
     <span class='ocr_line' id='line_1_10' title="bbox 392 1503 2205 1589; baseline -0.004 -13"><span class='ocrx_word' id='word_1_51' title='bbox 392 1510 653 1588; x_wconf 78' lang='grc' dir='ltr'><strong><em>ἔσσομαι</em></strong></span> <span class='ocrx_word' id='word_1_52' title='bbox 702 1510 893 1582; x_wconf 71' lang='grc' dir='ltr'><strong><em>ὁλκὰς</em></strong></span> <span class='ocrx_word' id='word_1_53' title='bbox 934 1508 1201 1589; x_wconf 78' lang='grc' dir='ltr'><strong><em>’Ἑρωτος</em></strong></span> <span class='ocrx_word' id='word_1_54' title='bbox 1250 1506 1411 1588; x_wconf 80' lang='grc' dir='ltr'><strong><em>ἔχων</em></strong></span> <span class='ocrx_word' id='word_1_55' title='bbox 1457 1505 1626 1570; x_wconf 80' lang='grc' dir='ltr'><strong><em>σέθεν</em></strong></span> <span class='ocrx_word' id='word_1_56' title='bbox 1673 1503 1906 1583; x_wconf 72' lang='grc' dir='ltr'><strong><em>ἀστέρα</em></strong></span> <span class='ocrx_word' id='word_1_57' title='bbox 1954 1503 2205 1585; x_wconf 80' lang='grc' dir='ltr'><strong>λύχνον.</strong></span> 
     </span>
    </p>

    <p class='ocr_par' dir='ltr' id='par_1_8' title="bbox 392 1610 2065 1695">
     <span class='ocr_line' id='line_1_11' title="bbox 392 1610 2065 1695; baseline -0.006 -13"><span class='ocrx_word' id='word_1_58' title='bbox 392 1620 520 1683; x_wconf 84' lang='grc' dir='ltr'><strong>Καί</strong></span> <span class='ocrx_word' id='word_1_59' title='bbox 565 1641 675 1693; x_wconf 81' lang='grc' dir='ltr'><strong>μιν</strong></span> <span class='ocrx_word' id='word_1_60' title='bbox 719 1616 1063 1682; x_wconf 78' lang='grc' dir='ltr'><strong><em>όπιπτεύων</em></strong></span> <span class='ocrx_word' id='word_1_61' title='bbox 1111 1612 1274 1678; x_wconf 80' lang='grc' dir='ltr'><strong><em>δόντ’</em></strong></span> <span class='ocrx_word' id='word_1_62' title='bbox 1320 1611 1553 1694; x_wconf 80' lang='grc' dir='ltr'><strong><em>ὄψομαι</em></strong></span> <span class='ocrx_word' id='word_1_63' title='bbox 1603 1610 1743 1676; x_wconf 82' lang='grc' dir='ltr'><strong><em>οὔτε</em></strong></span> <span class='ocrx_word' id='word_1_64' title='bbox 1793 1610 2065 1695; x_wconf 80' lang='grc' dir='ltr'><strong><em>Βοώτην,</em></strong></span> 
     </span>
    </p>

    <p class='ocr_par' dir='ltr' id='par_1_9' title="bbox 392 1714 2133 1804">
     <span class='ocr_line' id='line_1_12' title="bbox 392 1714 2133 1804; baseline -0.003 -17"><span class='ocrx_word' id='word_1_65' title='bbox 392 1724 459 1788; x_wconf 77' lang='grc' dir='ltr'><strong><em>οὐ</em></strong></span> <span class='ocrx_word' id='word_1_66' title='bbox 509 1721 729 1804; x_wconf 76' lang='grc' dir='ltr'><strong><em>θρασὺν</em></strong></span> <span class='ocrx_word' id='word_1_67' title='bbox 778 1721 1055 1801; x_wconf 83' lang='grc' dir='ltr'><strong><em>Ὠρίωνα</em></strong></span> <span class='ocrx_word' id='word_1_68' title='bbox 1104 1720 1208 1785; x_wconf 77' lang='grc' dir='ltr'><strong>καὶ</strong></span> <span class='ocrx_word' id='word_1_69' title='bbox 1256 1717 1530 1797; x_wconf 74' lang='grc' dir='ltr'><strong><em>ἄβροχον</em></strong></span> <span class='ocrx_word' id='word_1_70' title='bbox 1573 1716 1751 1782; x_wconf 75' lang='grc' dir='ltr'><strong><em>ὁλκὸν</em></strong></span> <span class='ocrx_word' id='word_1_71' title='bbox 1794 1714 2133 1795; x_wconf 49' lang='lat' dir='ltr'><strong>‘All-55¹5?</strong></span> 
     </span>
    </p>

    <p class='ocr_par' dir='ltr' id='par_1_10' title="bbox 220 1818 2606 2660">
     <span class='ocr_line' id='line_1_13' title="bbox 395 1818 2439 1909; baseline -0.002 -16"><span class='ocrx_word' id='word_1_72' title='bbox 395 1828 761 1909; x_wconf 88' lang='grc' dir='ltr'><strong><em>πατρίδος</em></strong></span> <span class='ocrx_word' id='word_1_73' title='bbox 808 1828 1243 1905; x_wconf 72' lang='grc' dir='ltr'><strong><em>ἀντιπόροιο</em></strong></span> <span class='ocrx_word' id='word_1_74' title='bbox 1293 1824 1462 1890; x_wconf 81' lang='grc' dir='ltr'><strong><em>ποτὶ</em></strong></span> <span class='ocrx_word' id='word_1_75' title='bbox 1511 1822 1810 1902; x_wconf 72' lang='grc' dir='ltr'><strong><em>γλυκὺν</em></strong></span> <span class='ocrx_word' id='word_1_76' title='bbox 1858 1818 2072 1903; x_wconf 73' lang='grc' dir='ltr'><strong><em>ὅρμον</em></strong></span> <span class='ocrx_word' id='word_1_77' title='bbox 2119 1823 2439 1899; x_wconf 74' lang='grc' dir='ltr'><strong><em>ἱκοίμην.</em></strong></span> 
     </span>
     <span class='ocr_line' id='line_1_14' title="bbox 220 1929 2603 2017; baseline 0 -17"><span class='ocrx_word' id='word_1_78' title='bbox 220 1934 313 2000; x_wconf 76' lang='lat' dir='ltr'><strong>Ex</strong></span> <span class='ocrx_word' id='word_1_79' title='bbox 369 1937 670 2001; x_wconf 84' lang='lat' dir='ltr'><strong>universo</strong></span> <span class='ocrx_word' id='word_1_80' title='bbox 727 1933 867 2000; x_wconf 83' lang='lat' dir='ltr'><strong>loeo</strong></span> <span class='ocrx_word' id='word_1_81' title='bbox 922 1932 1089 1999; x_wconf 82' lang='lat' dir='ltr'><strong>elate</strong></span> <span class='ocrx_word' id='word_1_82' title='bbox 1139 1937 1397 2017; x_wconf 84' lang='lat' dir='ltr'><strong>apparet</strong></span> <span class='ocrx_word' id='word_1_83' title='bbox 1445 1931 1716 2009; x_wconf 78' lang='grc' dir='ltr'><strong><em>πατρίδα</em></strong></span> <span class='ocrx_word' id='word_1_84' title='bbox 1762 1929 2077 2010; x_wconf 69' lang='grc' dir='ltr'><strong><em>ἀντίπορον</em></strong></span> <span class='ocrx_word' id='word_1_85' title='bbox 2125 1951 2258 1997; x_wconf 86' lang='lat' dir='ltr'><strong>esse</strong></span> <span class='ocrx_word' id='word_1_86' title='bbox 2303 1930 2603 2012; x_wconf 79' lang='lat' dir='ltr'><strong>Sestum,</strong></span> 
     </span>
     <span class='ocr_line' id='line_1_15' title="bbox 220 2036 2600 2128; baseline -0.002 -20"><span class='ocrx_word' id='word_1_87' title='bbox 220 2040 424 2108; x_wconf 85' lang='lat' dir='ltr'><strong>Herus</strong></span> <span class='ocrx_word' id='word_1_88' title='bbox 489 2044 761 2128; x_wconf 86' lang='lat' dir='ltr'><strong>patriam</strong></span> <span class='ocrx_word' id='word_1_89' title='bbox 780 2089 798 2119; x_wconf 88' lang='lat'><em>,</em></span> <span class='ocrx_word' id='word_1_90' title='bbox 860 2043 1078 2125; x_wconf 86' lang='lat' dir='ltr'><strong>itaque</strong></span> <span class='ocrx_word' id='word_1_91' title='bbox 1133 2041 1347 2123; x_wconf 89' lang='lat' dir='ltr'><strong>inepte</strong></span> <span class='ocrx_word' id='word_1_92' title='bbox 1364 2084 1382 2115; x_wconf 89' lang='lat'>‚</span> <span class='ocrx_word' id='word_1_93' title='bbox 1445 2036 1730 2123; x_wconf 89' lang='lat' dir='ltr'><strong>loquitur</strong></span> <span class='ocrx_word' id='word_1_94' title='bbox 1792 2038 1986 2102; x_wconf 88' lang='lat' dir='ltr'><strong>enim·</strong></span> <span class='ocrx_word' id='word_1_95' title='bbox 2025 2036 2342 2116; x_wconf 76' lang='lat' dir='ltr'><strong>Leander,</strong></span> <span class='ocrx_word' id='word_1_96' title='bbox 2407 2042 2600 2106; x_wconf 82' lang='lat' dir='ltr'><strong>omis-</strong></span> 
     </span>
     <span class='ocr_line' id='line_1_16' title="bbox 222 2142 2602 2231; baseline -0 -20"><span class='ocrx_word' id='word_1_97' title='bbox 222 2168 358 2212; x_wconf 86' lang='lat' dir='ltr'><strong>sum</strong></span> <span class='ocrx_word' id='word_1_98' title='bbox 398 2154 496 2213; x_wconf 85' lang='lat' dir='ltr'><strong>est</strong></span> <span class='ocrx_word' id='word_1_99' title='bbox 532 2149 959 2213; x_wconf 80' lang='lat' dir='ltr'><strong>necessarium</strong></span> <span class='ocrx_word' id='word_1_100' title='bbox 1003 2164 1344 2231; x_wconf 82' lang='lat' dir='ltr'>pronomen</span> <span class='ocrx_word' id='word_1_101' title='bbox 1371 2150 1501 2218; x_wconf 78' lang='grc' dir='ltr'><strong><em>σῆς.</em></strong></span> <span class='ocrx_word' id='word_1_102' title='bbox 1550 2142 1884 2208; x_wconf 86' lang='lat' dir='ltr'><strong>Praeterea</strong></span> <span class='ocrx_word' id='word_1_103' title='bbox 1907 2142 2230 2209; x_wconf 84' lang='lat' dir='ltr'><strong>offensioni</strong></span> <span class='ocrx_word' id='word_1_104' title='bbox 2255 2152 2350 2210; x_wconf 86' lang='lat' dir='ltr'><strong>est</strong></span> <span class='ocrx_word' id='word_1_105' title='bbox 2374 2147 2602 2231; x_wconf 87' lang='lat' dir='ltr'><strong>abrup-</strong></span> 
     </span>
     <span class='ocr_line' id='line_1_17' title="bbox 221 2250 2604 2341; baseline -0.001 -22"><span class='ocrx_word' id='word_1_106' title='bbox 221 2258 357 2319; x_wconf 87' lang='lat' dir='ltr'><strong>tum</strong></span> <span class='ocrx_word' id='word_1_107' title='bbox 403 2253 704 2339; x_wconf 87' lang='lat' dir='ltr'><strong>loquendi</strong></span> <span class='ocrx_word' id='word_1_108' title='bbox 752 2272 956 2341; x_wconf 81' lang='lat' dir='ltr'><strong>genus</strong></span> <span class='ocrx_word' id='word_1_109' title='bbox 980 2298 997 2329; x_wconf 87' lang='lat'>‚</span> <span class='ocrx_word' id='word_1_110' title='bbox 1046 2272 1171 2337; x_wconf 90' lang='lat' dir='ltr'><strong>quo</strong></span> <span class='ocrx_word' id='word_1_111' title='bbox 1219 2251 1337 2317; x_wconf 85' lang='lat' dir='ltr'><strong>hoe</strong></span> <span class='ocrx_word' id='word_1_112' title='bbox 1384 2250 1658 2315; x_wconf 77' lang='lat' dir='ltr'><strong>Leandri</strong></span> <span class='ocrx_word' id='word_1_113' title='bbox 1703 2257 1928 2316; x_wconf 85' lang='lat' dir='ltr'><strong>votum</strong></span> <span class='ocrx_word' id='word_1_114' title='bbox 1976 2252 2234 2335; x_wconf 87' lang='lat' dir='ltr'><strong>ponitur</strong></span> <span class='ocrx_word' id='word_1_115' title='bbox 2278 2254 2415 2341; x_wconf 83' lang='lat' dir='ltr'><strong>sine</strong></span> <span class='ocrx_word' id='word_1_116' title='bbox 2454 2261 2604 2338; x_wconf 87' lang='lat' dir='ltr'><strong>apto</strong></span> 
     </span>
     <span class='ocr_line' id='line_1_18' title="bbox 224 2355 2606 2447; baseline 0 -23"><span class='ocrx_word' id='word_1_117' title='bbox 224 2380 361 2425; x_wconf 82' lang='lat' dir='ltr'><strong>eum</strong></span> <span class='ocrx_word' id='word_1_118' title='bbox 423 2362 809 2447; x_wconf 78' lang='lat' dir='ltr'><strong>praegressis</strong></span> <span class='ocrx_word' id='word_1_119' title='bbox 864 2357 1141 2425; x_wconf 81' lang='lat' dir='ltr'><strong>vinculo.</strong></span> <span class='ocrx_word' id='word_1_120' title='bbox 1214 2359 1349 2423; x_wconf 87' lang='lat' dir='ltr'><strong>Aut</strong></span> <span class='ocrx_word' id='word_1_121' title='bbox 1394 2358 1598 2445; x_wconf 82' lang='lat' dir='ltr'><strong>igitur</strong></span> <span class='ocrx_word' id='word_1_122' title='bbox 1644 2355 2014 2421; x_wconf 83' lang='lat' dir='ltr'><strong>exciderunt</strong></span> <span class='ocrx_word' id='word_1_123' title='bbox 2059 2362 2204 2422; x_wconf 88' lang='lat' dir='ltr'><strong>ante</strong></span> <span class='ocrx_word' id='word_1_124' title='bbox 2249 2356 2418 2423; x_wconf 82' lang='lat' dir='ltr'><strong>hune</strong></span> <span class='ocrx_word' id='word_1_125' title='bbox 2466 2378 2606 2424; x_wconf 81' lang='lat' dir='ltr'><strong>ver-</strong></span> 
     </span>
     <span class='ocr_line' id='line_1_19' title="bbox 224 2460 2602 2551; baseline 0 -21"><span class='ocrx_word' id='word_1_126' title='bbox 224 2485 357 2532; x_wconf 87' lang='lat' dir='ltr'><strong>sum</strong></span> <span class='ocrx_word' id='word_1_127' title='bbox 402 2464 742 2544; x_wconf 86' lang='lat' dir='ltr'><strong>nonnulla,</strong></span> <span class='ocrx_word' id='word_1_128' title='bbox 794 2470 907 2532; x_wconf 88' lang='lat' dir='ltr'><strong>aut</strong></span> <span class='ocrx_word' id='word_1_129' title='bbox 953 2484 1171 2532; x_wconf 86' lang='lat' dir='ltr'><strong>versus</strong></span> <span class='ocrx_word' id='word_1_130' title='bbox 1190 2511 1207 2542; x_wconf 86' lang='lat'>‚</span> <span class='ocrx_word' id='word_1_131' title='bbox 1249 2481 1373 2549; x_wconf 91' lang='lat' dir='ltr'><strong>quo</strong></span> <span class='ocrx_word' id='word_1_132' title='bbox 1413 2460 1602 2529; x_wconf 78' lang='lat' dir='ltr'><strong>facile</strong></span> <span class='ocrx_word' id='word_1_133' title='bbox 1643 2482 1930 2528; x_wconf 81' lang='lat' dir='ltr'><strong>caremus</strong></span> <span class='ocrx_word' id='word_1_134' title='bbox 1949 2511 1968 2548; x_wconf 90' lang='lat'>,</span> <span class='ocrx_word' id='word_1_135' title='bbox 1995 2481 2119 2529; x_wconf 91' lang='lat' dir='ltr'><strong>non</strong></span> <span class='ocrx_word' id='word_1_136' title='bbox 2142 2467 2241 2529; x_wconf 91' lang='lat' dir='ltr'><strong>est</strong></span> <span class='ocrx_word' id='word_1_137' title='bbox 2264 2465 2602 2551; x_wconf 81' lang='lat' dir='ltr'><strong>genuinus.</strong></span> 
     </span>
     <span class='ocr_line' id='line_1_20' title="bbox 226 2569 1855 2660; baseline -0.002 -22"><span class='ocrx_word' id='word_1_138' title='bbox 226 2569 629 2660; x_wconf 84' lang='lat' dir='ltr'><strong>Corruptelae</strong></span> <span class='ocrx_word' id='word_1_139' title='bbox 676 2579 842 2638; x_wconf 81' lang='lat' dir='ltr'><strong>certe</strong></span> <span class='ocrx_word' id='word_1_140' title='bbox 891 2570 1071 2638; x_wconf 91' lang='lat' dir='ltr'><strong>nulla</strong></span> <span class='ocrx_word' id='word_1_141' title='bbox 1117 2574 1327 2656; x_wconf 89' lang='lat' dir='ltr'><strong>potest</strong></span> <span class='ocrx_word' id='word_1_142' title='bbox 1374 2590 1507 2636; x_wconf 86' lang='lat' dir='ltr'><strong>esse</strong></span> <span class='ocrx_word' id='word_1_143' title='bbox 1552 2570 1855 2654; x_wconf 79' lang='lat' dir='ltr'><strong>suspicio,</strong></span> 
     </span>
    </p>
   </div>
   <div class='ocr_carea' id='block_1_6' title="bbox 309 2787 571 2858">
    <p class='ocr_par' dir='ltr' id='par_1_11' title="bbox 309 2787 571 2858">
     <span class='ocr_line' id='line_1_21' title="bbox 309 2787 571 2858; baseline -0.011 0"><span class='ocrx_word' id='word_1_144' title='bbox 309 2787 386 2858; x_wconf 83' lang='lat' dir='ltr'><strong>V.</strong></span> <span class='ocrx_word' id='word_1_145' title='bbox 432 2789 571 2857; x_wconf 80' lang='lat'><strong>245</strong></span> 
     </span>
    </p>
   </div>
   <div class='ocr_carea' id='block_1_7' title="bbox 228 2892 2610 4469">
    <p class='ocr_par' dir='ltr' id='par_1_12' title="bbox 400 2892 2340 3194">
     <span class='ocr_line' id='line_1_22' title="bbox 400 2892 2318 2977; baseline -0.003 -14"><span class='ocrx_word' id='word_1_146' title='bbox 400 2899 610 2970; x_wconf 81' lang='grc' dir='ltr'><strong><em>Δεινὸς</em></strong></span> <span class='ocrx_word' id='word_1_147' title='bbox 650 2897 884 2977; x_wconf 82' lang='grc' dir='ltr'><strong><em>Ἔρως,</em></strong></span> <span class='ocrx_word' id='word_1_148' title='bbox 935 2894 1039 2960; x_wconf 78' lang='grc' dir='ltr'><strong>καὶ</strong></span> <span class='ocrx_word' id='word_1_149' title='bbox 1089 2894 1305 2967; x_wconf 80' lang='grc' dir='ltr'><strong><em>πόντος</em></strong></span> <span class='ocrx_word' id='word_1_150' title='bbox 1352 2895 1689 2974; x_wconf 70' lang='grc' dir='ltr'><strong><em>ἀμείλιχος</em></strong></span> <span class='ocrx_word' id='word_1_151' title='bbox 1709 2912 1726 2930; x_wconf 88' lang='grc'><em>·</em></span> <span class='ocrx_word' id='word_1_152' title='bbox 1773 2893 1962 2962; x_wconf 72' lang='grc' dir='ltr'><strong><em>ἀλλὰ,</em></strong></span> <span class='ocrx_word' id='word_1_153' title='bbox 1998 2892 2318 2968; x_wconf 69' lang='grc' dir='ltr'><strong><em>θαλάσσης</em></strong></span> 
     </span>
     <span class='ocr_line' id='line_1_23' title="bbox 402 2996 2340 3085; baseline -0.003 -16"><span class='ocrx_word' id='word_1_154' title='bbox 402 3004 569 3069; x_wconf 80' lang='grc' dir='ltr'><strong><em>ἐστὶν</em></strong></span> <span class='ocrx_word' id='word_1_155' title='bbox 616 3001 799 3085; x_wconf 80' lang='grc' dir='ltr'><strong><em>ὕδωρ,</em></strong></span> <span class='ocrx_word' id='word_1_156' title='bbox 846 3004 915 3069; x_wconf 79' lang='grc' dir='ltr'><strong><em>τὸ</em></strong></span> <span class='ocrx_word' id='word_1_157' title='bbox 963 3002 1017 3067; x_wconf 89' lang='grc' dir='ltr'><strong>δ’</strong></span> <span class='ocrx_word' id='word_1_158' title='bbox 1058 3005 1328 3082; x_wconf 67' lang='grc' dir='ltr'><strong><em>*Ἑρωτος</em></strong></span> <span class='ocrx_word' id='word_1_159' title='bbox 1375 3000 1488 3078; x_wconf 76' lang='grc' dir='ltr'><strong>ἐμὲ</strong></span> <span class='ocrx_word' id='word_1_160' title='bbox 1534 2999 1769 3083; x_wconf 72' lang='grc' dir='ltr'><strong><em>Φλέγει</em></strong></span> <span class='ocrx_word' id='word_1_161' title='bbox 1817 2996 2154 3082; x_wconf 79' lang='grc' dir='ltr'><strong><em>ἐνδόμυχον</em></strong></span> <span class='ocrx_word' id='word_1_162' title='bbox 2201 3005 2340 3082; x_wconf 82' lang='grc' dir='ltr'><strong><em>πῦρ.</em></strong></span> 
     </span>
     <span class='ocr_line' id='line_1_24' title="bbox 400 3102 2026 3194; baseline -0.004 -18"><span class='ocrx_word' id='word_1_163' title='bbox 400 3109 609 3191; x_wconf 74' lang='grc' dir='ltr'><strong><em>Λάζεο</em></strong></span> <span class='ocrx_word' id='word_1_164' title='bbox 656 3115 811 3194; x_wconf 79' lang='grc' dir='ltr'><strong><em>πῦρ,</em></strong></span> <span class='ocrx_word' id='word_1_165' title='bbox 859 3107 1105 3188; x_wconf 85' lang='grc' dir='ltr'><strong><em>κραδίη,</em></strong></span> <span class='ocrx_word' id='word_1_166' title='bbox 1157 3109 1245 3184; x_wconf 67' lang='grc' dir='ltr'><strong>μὴ</strong></span> <span class='ocrx_word' id='word_1_167' title='bbox 1292 3105 1492 3171; x_wconf 81' lang='grc' dir='ltr'><strong><em>δείδιθι</em></strong></span> <span class='ocrx_word' id='word_1_168' title='bbox 1542 3105 1807 3186; x_wconf 72' lang='grc' dir='ltr'><strong><em>νήχυτον</em></strong></span> <span class='ocrx_word' id='word_1_169' title='bbox 1855 3102 2026 3186; x_wconf 80' lang='grc' dir='ltr'><strong><em>ὕδωρ.</em></strong></span> 
     </span>
    </p>

    <p class='ocr_par' dir='ltr' id='par_1_13' title="bbox 228 3213 2610 3709">
     <span class='ocr_line' id='line_1_25' title="bbox 310 3213 2609 3301; baseline -0.001 -18"><span class='ocrx_word' id='word_1_170' title='bbox 310 3215 399 3283; x_wconf 89' lang='lat' dir='ltr'><strong>Hi</strong></span> <span class='ocrx_word' id='word_1_171' title='bbox 445 3237 667 3284; x_wconf 80' lang='lat' dir='ltr'><strong>versus</strong></span> <span class='ocrx_word' id='word_1_172' title='bbox 687 3263 705 3295; x_wconf 91' lang='lat'>‚</span> <span class='ocrx_word' id='word_1_173' title='bbox 752 3223 827 3282; x_wconf 90' lang='lat' dir='ltr'><strong>ut</strong></span> <span class='ocrx_word' id='word_1_174' title='bbox 874 3214 987 3281; x_wconf 88' lang='lat' dir='ltr'><strong>alii</strong></span> <span class='ocrx_word' id='word_1_175' title='bbox 1025 3213 1289 3300; x_wconf 86' lang='lat' dir='ltr'><strong>plurimi</strong></span> <span class='ocrx_word' id='word_1_176' title='bbox 1328 3215 1398 3279; x_wconf 90' lang='lat' dir='ltr'><strong>in</strong></span> <span class='ocrx_word' id='word_1_177' title='bbox 1422 3214 1541 3279; x_wconf 81' lang='lat' dir='ltr'><strong>hoe</strong></span> <span class='ocrx_word' id='word_1_178' title='bbox 1564 3215 1879 3297; x_wconf 82' lang='lat' dir='ltr'><strong>carmine,</strong></span> <span class='ocrx_word' id='word_1_179' title='bbox 1905 3215 2113 3300; x_wconf 78' lang='lat' dir='ltr'><strong>mag-is</strong></span> <span class='ocrx_word' id='word_1_180' title='bbox 2137 3214 2412 3300; x_wconf 88' lang='lat' dir='ltr'><strong>produnt</strong></span> <span class='ocrx_word' id='word_1_181' title='bbox 2433 3215 2609 3301; x_wconf 85' lang='lat' dir='ltr'><strong>inep-</strong></span> 
     </span>
     <span class='ocr_line' id='line_1_26' title="bbox 228 3320 2607 3408; baseline 0 -21"><span class='ocrx_word' id='word_1_182' title='bbox 228 3327 363 3388; x_wconf 89' lang='lat' dir='ltr'><strong>tum</strong></span> <span class='ocrx_word' id='word_1_183' title='bbox 408 3325 726 3390; x_wconf 82' lang='lat' dir='ltr'><strong>rhetorem</strong></span> <span class='ocrx_word' id='word_1_184' title='bbox 776 3329 839 3390; x_wconf 88' lang='lat' dir='ltr'><strong>et</strong></span> <span class='ocrx_word' id='word_1_185' title='bbox 885 3321 1236 3408; x_wconf 74' lang='lat' dir='ltr'><strong>sophistam</strong></span> <span class='ocrx_word' id='word_1_186' title='bbox 1286 3341 1477 3405; x_wconf 87' lang='lat' dir='ltr'><strong>quam</strong></span> <span class='ocrx_word' id='word_1_187' title='bbox 1526 3320 1760 3386; x_wconf 89' lang='lat' dir='ltr'><strong>bonum</strong></span> <span class='ocrx_word' id='word_1_188' title='bbox 1801 3329 2054 3405; x_wconf 85' lang='lat' dir='ltr'><strong>poetam</strong></span> <span class='ocrx_word' id='word_1_189' title='bbox 2073 3367 2091 3398; x_wconf 89' lang='lat'>‚</span> <span class='ocrx_word' id='word_1_190' title='bbox 2129 3341 2244 3387; x_wconf 84' lang='lat' dir='ltr'><strong>nec</strong></span> <span class='ocrx_word' id='word_1_191' title='bbox 2266 3321 2396 3387; x_wconf 86' lang='lat' dir='ltr'><strong>fere</strong></span> <span class='ocrx_word' id='word_1_192' title='bbox 2419 3321 2607 3407; x_wconf 90' lang='lat' dir='ltr'><strong>quid-</strong></span> 
     </span>
     <span class='ocr_line' id='line_1_27' title="bbox 230 3425 2608 3514; baseline 0 -20"><span class='ocrx_word' id='word_1_193' title='bbox 230 3448 416 3513; x_wconf 87' lang='lat' dir='ltr'><strong>quam</strong></span> <span class='ocrx_word' id='word_1_194' title='bbox 463 3433 532 3495; x_wconf 91' lang='lat' dir='ltr'><strong>in</strong></span> <span class='ocrx_word' id='word_1_195' title='bbox 578 3436 713 3496; x_wconf 86' lang='lat' dir='ltr'><strong>toto</strong></span> <span class='ocrx_word' id='word_1_196' title='bbox 757 3428 1009 3495; x_wconf 86' lang='lat' dir='ltr'><strong>Musaei</strong></span> <span class='ocrx_word' id='word_1_197' title='bbox 1054 3435 1347 3514; x_wconf 86' lang='lat' dir='ltr'><strong>poemate</strong></span> <span class='ocrx_word' id='word_1_198' title='bbox 1394 3425 1646 3512; x_wconf 80' lang='lat' dir='ltr'><strong>pulchri</strong></span> <span class='ocrx_word' id='word_1_199' title='bbox 1689 3435 1784 3492; x_wconf 88' lang='lat' dir='ltr'><strong>est</strong></span> <span class='ocrx_word' id='word_1_200' title='bbox 1829 3433 2078 3513; x_wconf 88' lang='lat' dir='ltr'><strong>praeter</strong></span> <span class='ocrx_word' id='word_1_201' title='bbox 2117 3429 2330 3514; x_wconf 87' lang='lat' dir='ltr'><strong>ipsum</strong></span> <span class='ocrx_word' id='word_1_202' title='bbox 2355 3427 2608 3494; x_wconf 82' lang='lat' dir='ltr'><strong>fabulae</strong></span> 
     </span>
     <span class='ocr_line' id='line_1_28' title="bbox 231 3532 2610 3622; baseline 0.001 -24"><span class='ocrx_word' id='word_1_203' title='bbox 231 3542 715 3622; x_wconf 77' lang='lat' dir='ltr'><strong>argumentum3</strong></span> <span class='ocrx_word' id='word_1_204' title='bbox 776 3556 970 3620; x_wconf 88' lang='lat' dir='ltr'><strong>quam</strong></span> <span class='ocrx_word' id='word_1_205' title='bbox 1018 3533 1189 3620; x_wconf 91' lang='lat' dir='ltr'><strong>apud</strong></span> <span class='ocrx_word' id='word_1_206' title='bbox 1236 3538 1479 3599; x_wconf 82' lang='lat' dir='ltr'><strong>veteres</strong></span> <span class='ocrx_word' id='word_1_207' title='bbox 1526 3540 1662 3598; x_wconf 72' lang='lat' dir='ltr'><strong>vate</strong></span> <span class='ocrx_word' id='word_1_208' title='bbox 1708 3555 1912 3597; x_wconf 78' lang='lat' dir='ltr'><strong>carere</strong></span> <span class='ocrx_word' id='word_1_209' title='bbox 1955 3555 2123 3598; x_wconf 71' lang='lat' dir='ltr'><strong>sacro</strong></span> <span class='ocrx_word' id='word_1_210' title='bbox 2171 3532 2356 3600; x_wconf 82' lang='lat' dir='ltr'><strong>valde</strong></span> <span class='ocrx_word' id='word_1_211' title='bbox 2393 3534 2610 3601; x_wconf 91' lang='lat' dir='ltr'><strong>dolen-</strong></span> 
     </span>
     <span class='ocr_line' id='line_1_29' title="bbox 233 3639 547 3709; baseline 0.01 -5"><span class='ocrx_word' id='word_1_212' title='bbox 233 3639 379 3706; x_wconf 88' lang='lat' dir='ltr'><strong>dum</strong></span> <span class='ocrx_word' id='word_1_213' title='bbox 429 3647 547 3709; x_wconf 86' lang='lat' dir='ltr'><strong>est.</strong></span> 
     </span>
    </p>

    <p class='ocr_par' dir='ltr' id='par_1_14' title="bbox 232 3746 2610 4050">
     <span class='ocr_line' id='line_1_30' title="bbox 312 3746 2609 3835; baseline 0.001 -23"><span class='ocrx_word' id='word_1_214' title='bbox 312 3747 653 3835; x_wconf 79' lang='lat' dir='ltr'><strong>Proprium</strong></span> <span class='ocrx_word' id='word_1_215' title='bbox 716 3752 811 3814; x_wconf 89' lang='lat' dir='ltr'><strong>est</strong></span> <span class='ocrx_word' id='word_1_216' title='bbox 871 3748 1023 3813; x_wconf 80' lang='lat' dir='ltr'><strong>huie</strong></span> <span class='ocrx_word' id='word_1_217' title='bbox 1083 3753 1402 3832; x_wconf 84' lang='lat' dir='ltr'><strong>poetastro</strong></span> <span class='ocrx_word' id='word_1_218' title='bbox 1465 3753 1539 3811; x_wconf 85' lang='lat' dir='ltr'><strong>ut</strong></span> <span class='ocrx_word' id='word_1_219' title='bbox 1601 3748 1926 3812; x_wconf 85' lang='lat' dir='ltr'><strong>sententiis</strong></span> <span class='ocrx_word' id='word_1_220' title='bbox 1989 3746 2395 3835; x_wconf 81' lang='lat' dir='ltr'><strong>generalibus</strong></span> <span class='ocrx_word' id='word_1_221' title='bbox 2446 3767 2609 3834; x_wconf 87' lang='lat' dir='ltr'><strong>quae</strong></span> 
     </span>
     <span class='ocr_line' id='line_1_31' title="bbox 234 3851 2610 3940; baseline 0.001 -23"><span class='ocrx_word' id='word_1_222' title='bbox 234 3861 509 3921; x_wconf 88' lang='lat' dir='ltr'><strong>amantes</strong></span> <span class='ocrx_word' id='word_1_223' title='bbox 552 3855 795 3921; x_wconf 76' lang='lat' dir='ltr'><strong>faciunt</strong></span> <span class='ocrx_word' id='word_1_224' title='bbox 840 3862 953 3919; x_wconf 89' lang='lat' dir='ltr'><strong>aut</strong></span> <span class='ocrx_word' id='word_1_225' title='bbox 998 3854 1282 3918; x_wconf 85' lang='lat' dir='ltr'><strong>sentiunt</strong></span> <span class='ocrx_word' id='word_1_226' title='bbox 1326 3851 1634 3919; x_wconf 81' lang='lat' dir='ltr'><strong>illustret.</strong></span> <span class='ocrx_word' id='word_1_227' title='bbox 1682 3852 1755 3917; x_wconf 90' lang='lat' dir='ltr'><strong>V.</strong></span> <span class='ocrx_word' id='word_1_228' title='bbox 1784 3851 1870 3918; x_wconf 87' lang='lat'><strong>86</strong></span> <span class='ocrx_word' id='word_1_229' title='bbox 1896 3874 2028 3940; x_wconf 89' lang='lat' dir='ltr'><strong>sqq.</strong></span> <span class='ocrx_word' id='word_1_230' title='bbox 2075 3852 2359 3920; x_wconf 84' lang='lat' dir='ltr'><strong>Leander</strong></span> <span class='ocrx_word' id='word_1_231' title='bbox 2395 3855 2610 3920; x_wconf 85' lang='lat' dir='ltr'><strong>subito</strong></span> 
     </span>
     <span class='ocr_line' id='line_1_32' title="bbox 232 3958 1637 4050; baseline -0.002 -24"><span class='ocrx_word' id='word_1_232' title='bbox 232 3959 524 4044; x_wconf 79' lang='lat' dir='ltr'><strong>pulchrae</strong></span> <span class='ocrx_word' id='word_1_233' title='bbox 570 3962 842 4050; x_wconf 78' lang='lat' dir='ltr'><strong>virginis</strong></span> <span class='ocrx_word' id='word_1_234' title='bbox 892 3965 1230 4045; x_wconf 81' lang='lat' dir='ltr'><strong>conspeetu</strong></span> <span class='ocrx_word' id='word_1_235' title='bbox 1275 3958 1637 4024; x_wconf 81' lang='lat' dir='ltr'><strong>incenditur</strong></span> 
     </span>
    </p>

    <p class='ocr_par' dir='ltr' id='par_1_15' title="bbox 406 4067 2116 4469">
     <span class='ocr_line' id='line_1_33' title="bbox 406 4067 1997 4148; baseline -0.003 -14"><span class='ocrx_word' id='word_1_236' title='bbox 406 4068 640 4141; x_wconf 68' lang='grc' dir='ltr'><strong><em>κάλλος</em></strong></span> <span class='ocrx_word' id='word_1_237' title='bbox 686 4067 841 4148; x_wconf 71' lang='grc' dir='ltr'><strong>γὰρ</strong></span> <span class='ocrx_word' id='word_1_238' title='bbox 887 4068 1257 4147; x_wconf 82' lang='grc' dir='ltr'><strong><em>περίπυστον</em></strong></span> <span class='ocrx_word' id='word_1_239' title='bbox 1304 4067 1664 4143; x_wconf 70' lang='grc' dir='ltr'><strong><em>ἀμωμήτοιο</em></strong></span> <span class='ocrx_word' id='word_1_240' title='bbox 1708 4067 1997 4144; x_wconf 75' lang='grc' dir='ltr'><strong><em>γυναικὸς</em></strong></span> 
     </span>
     <span class='ocr_line' id='line_1_34' title="bbox 408 4171 1978 4256; baseline -0.002 -16"><span class='ocrx_word' id='word_1_241' title='bbox 408 4175 679 4256; x_wconf 79' lang='grc' dir='ltr'><strong><em>ὀξύτερον</em></strong></span> <span class='ocrx_word' id='word_1_242' title='bbox 727 4171 1058 4254; x_wconf 85' lang='grc' dir='ltr'><strong><em>μερόπεσσι</em></strong></span> <span class='ocrx_word' id='word_1_243' title='bbox 1109 4171 1288 4237; x_wconf 82' lang='grc' dir='ltr'><strong><em>πέλει</em></strong></span> <span class='ocrx_word' id='word_1_244' title='bbox 1333 4171 1690 4253; x_wconf 84' lang='grc' dir='ltr'><strong><em>πτερόεντος</em></strong></span> <span class='ocrx_word' id='word_1_245' title='bbox 1739 4175 1941 4239; x_wconf 81' lang='grc' dir='ltr'><strong><em>ὀιστοῦ</em></strong></span> <span class='ocrx_word' id='word_1_246' title='bbox 1960 4194 1978 4211; x_wconf 92' lang='grc'><em>·</em></span> 
     </span>
     <span class='ocr_line' id='line_1_35' title="bbox 408 4277 2116 4366; baseline -0.002 -19"><span class='ocrx_word' id='word_1_247' title='bbox 408 4281 732 4366; x_wconf 76' lang='grc' dir='ltr'><strong><em>δφθαλμὸς</em></strong></span> <span class='ocrx_word' id='word_1_248' title='bbox 779 4279 831 4344; x_wconf 76' lang='grc' dir='ltr'><strong>δ’</strong></span> <span class='ocrx_word' id='word_1_249' title='bbox 881 4277 1011 4352; x_wconf 74' lang='grc' dir='ltr'><strong><em>ὁδός</em></strong></span> <span class='ocrx_word' id='word_1_250' title='bbox 1063 4279 1227 4345; x_wconf 72' lang='grc' dir='ltr'><strong><em>ἔστιν</em></strong></span> <span class='ocrx_word' id='word_1_251' title='bbox 1247 4300 1263 4318; x_wconf 88' lang='grc'><em>·</em></span> <span class='ocrx_word' id='word_1_252' title='bbox 1310 4279 1427 4344; x_wconf 68' lang='grc' dir='ltr'><strong>ἀπ’</strong></span> <span class='ocrx_word' id='word_1_253' title='bbox 1472 4281 1820 4363; x_wconf 77' lang='grc' dir='ltr'><strong><em>ὀφθαλμοῖο</em></strong></span> <span class='ocrx_word' id='word_1_254' title='bbox 1865 4278 2116 4357; x_wconf 70' lang='grc' dir='ltr'><strong><em>βολάων</em></strong></span> 
     </span>
     <span class='ocr_line' id='line_1_36' title="bbox 410 4385 2058 4469; baseline 0 -17"><span class='ocrx_word' id='word_1_255' title='bbox 410 4385 584 4461; x_wconf 73' lang='grc' dir='ltr'><strong><em>ἕλκος</em></strong></span> <span class='ocrx_word' id='word_1_256' title='bbox 630 4388 952 4454; x_wconf 75' lang='grc' dir='ltr'><strong><em>όλισθαίνει</em></strong></span> <span class='ocrx_word' id='word_1_257' title='bbox 1002 4385 1107 4452; x_wconf 76' lang='grc' dir='ltr'><strong>καὶ</strong></span> <span class='ocrx_word' id='word_1_258' title='bbox 1156 4385 1261 4451; x_wconf 74' lang='grc' dir='ltr'><strong>ἐπὶ</strong></span> <span class='ocrx_word' id='word_1_259' title='bbox 1309 4386 1537 4469; x_wconf 80' lang='grc' dir='ltr'><strong><em>φρένας</em></strong></span> <span class='ocrx_word' id='word_1_260' title='bbox 1585 4386 1793 4468; x_wconf 71' lang='grc' dir='ltr'><strong><em>ἀνδρὸς</em></strong></span> <span class='ocrx_word' id='word_1_261' title='bbox 1841 4385 2058 4453; x_wconf 77' lang='grc' dir='ltr'><strong><em>όδεύει.</em></strong></span> 
     </span>
    </p>
   </div>
  </div>
 </body>
</html>
