3150 5000
560 251 692 320 292
860 310 865 318 .
1050 261 1057 278 ’
1581 276 1918 324 AMMIANVS

560 440 733 507 tibus
794 440 963 507 stilis
984 491 1001 525 ,
1064 439 1365 507 fluctibus
1425 444 1652 508 erectis
1713 463 1746 507 c
1765 463 1801 508 ο
1819 465 1861 506 ιι
1877 441 1911 506 f
1919 463 1960 506 u
1978 464 2019 507 n
2041 443 2082 509 d
2100 464 2134 508 e
2151 442 2193 508 b
2209 463 2247 508 a
2261 464 2304 506 n
2321 446 2350 507 t
2367 464 2412 507 u
2427 463 2460 508 r
2475 491 2496 528 ,
2567 440 2938 528 auulsaeque

559 551 629 614 ui
673 551 957 638 gurgitis
1002 548 1406 648 interibant?

652 656 727 722 V.
794 678 826 722 c
845 654 1149 721 on·fund
1172 655 1263 720 eb
1282 675 1374 720 an
1394 661 1529 722 tur
1593 656 1770 722 dedit
1835 654 2159 722 Gelenius.
2230 654 2304 721 In
2354 654 2494 722 Vat.
2547 660 2644 722 est
2688 677 2724 721 c
2743 656 2942 722 onsi-

558 763 988 830 debantur.
1066 760 1336 847 Scripsit
1396 765 1780 828 Ammianus
1841 761 2066 828 conli
2085 763 2521 829 dabantur.
2575 800 2662 812 —-
2711 763 2800 828 Et
2843 763 2944 828 sic

558 874 693 937 iam
740 868 1122 937 Gronouius.

648 1073 712 1140 2.
766 1073 800 1139 1
812 1074 871 1139 1.
939 1073 1493 1160 „Maratocupreni
1554 1078 1940 1162 grassatores
1998 1072 2140 1138 ideo
2189 1073 2515 1139 formidati
2563 1079 2744 1140 erant
2791 1073 2946 1159 quod

559 1187 986 1248 mercatorum
1045 1179 1460 1264 militumque
1524 1180 1976 1246 honoratorum
2031 1182 2249 1266 specie
2311 1182 2448 1245 sine
2495 1182 2778 1264 strepitu
2824 1177 2948 1243 ullo

558 1287 805 1372 diffusi,
854 1288 1101 1373 opimas
1150 1285 1370 1352 domos
1416 1284 1610 1352 uillas
1656 1293 1738 1352 et
1785 1286 2085 1372 oppida
2131 1287 2552 1372 peruadeb
2571 1307 2670 1352 an
2692 1287 2778 1352 t.”

650 1393 953 1460 Extrema
994 1393 1187 1458 uerba
1217 1413 1413 1478 praue
1460 1393 1635 1459 edita
1674 1398 1823 1458 sunt
1859 1414 1938 1459 ex
1977 1394 2338 1458 coniectura
2380 1391 2657 1460 Gelenii.
2707 1393 2786 1458 In
2810 1391 2944 1457 Vat.

560 1507 656 1568 est
718 1506 797 1566 et
860 1520 1048 1585 opes
1095 1499 1699 1585 peruadabant.
1749 1499 2122 1587 Legendum
2175 1505 2396 1566 estet
2442 1505 2742 1566 turres·
2781 1520 2948 1586 per-

561 1631 606 1675 n
621 1629 658 1675 a
672 1631 704 1675 s
721 1614 749 1673 t
765 1629 803 1673 a
820 1609 859 1673 b
878 1629 915 1674 a
931 1630 975 1672 n
995 1613 1041 1672 t.

650 1812 713 1878 2.
767 1811 873 1876 12.
926 1811 1099 1890 „Nec
1147 1813 1487 1901 quisquam
1535 1810 1890 1877 aduentum
1939 1831 2158 1877 eorum
2199 1832 2422 1877 cauere
2459 1816 2712 1897 poterat
2753 1813 2954 1897 inopi·

558 1939 714 1984 num
736 1968 753 2003 ‚
818 1938 943 1983 non
1001 1917 1314 1983 destinata
1358 1917 1466 1983 sed
1515 1919 1694 1982 uaria
1740 1919 2097 2003 petentium
2145 1922 2209 1983 et
2253 1917 2606 2006 longinqua
2653 1923 2721 1984 et
2770 1939 2811 2003 q
2831 1937 2953 1982 ua-

560 2046 717 2110 qua
762 2030 1065 2089 uentus
1112 2023 1416 2110 duxerat,
1465 2023 2089 2110 prorumpentium.'’

560 2147 594 2210 ’,
650 2131 824 2219 Lege
898 2151 1284 2217 „quoquo
1348 2135 1706 2196 euentus
1776 2130 2108 2196 duxerat.”
2184 2130 2252 2196 In
2320 2129 2393 2196 V.
2459 2135 2554 2197 est
2623 2151 2953 2218 quaque

562 2244 892 2304 uentus

651 2438 715 2506 2.
768 2440 871 2507 14.
941 2439 1219 2521 „Verum
1269 2462 1415 2507 cum
1466 2443 1719 2509 exuuiis
1766 2442 1984 2509 referti
2031 2441 2388 2508 multorum
2406 2489 2424 2519 ,
2475 2441 2769 2528 rapiendi
2817 2439 2950 2507 dul·

560 2548 777 2614 cedine
841 2549 1006 2615 nihil
1066 2551 1683 2635 praetermitterent,
1749 2551 2086 2635 intercepti
2150 2548 2472 2635 imperiali
2521 2571 2587 2615 m
2606 2570 2643 2615 o
2661 2555 2691 2615 t
2713 2572 2756 2613 n
2775 2597 2794 2627 ‚
2845 2568 2948 2632 op-

559 2656 761 2740 pressi
808 2658 1105 2722 interiere
1151 2676 1371 2721 omnes
1417 2656 1496 2722 ad
1544 2654 1807 2721 unuin.'’

652 2760 951 2850 Corrigas
1022 2765 1398 2849 „intercepti
1460 2762 1786 2849 imperiali
1831 2762 2080 2828 nutu''
2126 2766 2171 2829 i.
2199 2784 2252 2829 e.
2302 2766 2483 2829 iussu
2530 2762 2946 2848 imperatoris.

651 2982 713 3048 3.
765 2984 826 3048 4.
880 2981 1256 3049 Valentinus
1303 2983 1565 3068 quidam
1619 2984 1740 3061 „ob
1789 3004 1988 3072 graue
2035 2984 2278 3049 crimen
2325 2990 2503 3049 actus
2549 2986 2616 3047 in
2663 2981 2946 3047 Brittan·

556 3092 701 3155 nias’
756 3089 973 3173 exsul,
1042 3091 1273 3175 quietis
1337 3092 1655 3175 inpatiens
1713 3088 2001 3154 malefica
2045 3090 2250 3154 bestia
2296 3088 2375 3155 ad
2422 3111 2522 3155 res
2569 3090 2946 3174 perniciosas

553 3197 976 3285 consurgebat
1038 3200 1101 3260 et
1158 3215 1443 3270 nouas,
1498 3198 1564 3260 in
1616 3195 2039 3261 Theodosium
2094 3203 2344 3261 tumore
2395 3195 2708 3280 quodam,
2761 3212 2941 3281 quem

555 3301 764 3367 solum
814 3303 1104 3368 resistere
1150 3322 1333 3386 posse
1378 3302 1670 3367 nefandis
1720 3304 2218 3390 cogitationibus
2267 3301 2701 3367 aduertebat.”

647 3407 1067 3474 Scribendum
1129 3428 1268 3474 reor
1334 3414 1463 3486 „ut
1525 3407 1809 3473 malefica
1862 3408 2063 3473 bestia
2108 3408 2184 3473 ad
2234 3430 2333 3475 res
2379 3408 2763 3493 perniciosas
2809 3426 2940 3472 con-

555 3515 859 3602 surgebat
904 3522 968 3579 et
1014 3514 1377 3581 noxias.’'
1432 3552 1513 3563 —-
1562 3513 1720 3579 Post
1767 3514 2118 3599 quodam
2170 3514 2466 3580 lacunam
2515 3518 2764 3580 exstare
2797 3514 2942 3580 satis

558 3608 971 3687 manifestum
1019 3626 1135 3687 est.
1182 3621 1472 3686 Fortasse
1520 3619 1759 3687 excidit
1806 3620 1936 3685 inf
1946 3620 1969 3685 1
1989 3628 2198 3686 atus.

647 3839 712 3904 4.
764 3836 824 3906 3.
895 3840 1087 3923 „Post
1142 3840 1311 3906 hunc
1374 3841 1602 3906 urbem
1650 3841 1816 3906 rexit
1862 3838 2198 3925 Ampelius
2247 3888 2261 3903 .
2293 3886 2308 3904 .
2339 3889 2354 3903 .
2409 3860 2486 3904 ex
2534 3842 2938 3927 magistro

556 3945 905 4012 officiorum
956 3946 1035 4011 ad
1082 3944 1597 4039 proconsulatum
1649 3949 1981 4033 geminum
2007 3994 2023 4023 ,
2073 3947 2341 4031 indeque
2393 3994 2408 4009 .
2437 3995 2450 4009 .
2482 3995 2496 4008 .
2548 3946 2626 4011 ad
2673 3948 2936 4031 praefec-

553 4059 735 4119 turae
795 4051 1051 4118 culmen
1114 4058 1495 4131 euectus,
1563 4052 1846 4118 laetus
1909 4052 2084 4118 alia
2147 4058 2210 4118 et
2261 4052 2340 4117 ad
2388 4050 2611 4137 populi
2657 4052 2930 4117 fauorem

555 4159 1029 4245 adipiscendum
1095 4161 1499 4244 aptissimus,
1562 4179 1686 4224 non
1749 4178 2104 4243 numquam
2175 4166 2390 4223 tamen
2445 4156 2695 4245 rigidus
2759 4164 2934 4242 atque

554 4270 871 4332 utinam
918 4269 987 4330 in
1032 4268 1349 4350 proposito
1400 4264 1877 4351 perseuerans.'’
2239 4286 2243 4289 ·

644 4372 751 4437 Sic
796 4371 1244 4459 Eyssenhardt.
1295 4371 1510 4439 Multo
1558 4370 1792 4437 melius
1839 4372 1995 4437 haec
2035 4371 2235 4437 edidit
2277 4370 2721 4439 Gardthausen
2743 4421 2761 4455 ,
2803 4370 2929 4456 qui,
