3150 5000
1043 269 1318 320 mitres
1364 268 1703 319 sosarnus.
2431 250 2565 320 277

209 436 258 497 si
299 435 364 497 in
395 432 660 518 Josepho
697 435 936 500 factum
981 440 1078 500 est
1102 483 1121 517 ,
1161 434 1327 520 quod
1367 438 1435 499 in
1471 435 1761 520 Eunapio
1799 436 2045 501 factum
2086 455 2221 502 esse
2242 438 2563 502 novimus.

283 538 710 605 Habitumsne
748 542 874 604 sim
913 539 1263 607 malevolos
1309 539 1574 607 lectores
1620 542 1866 607 nescio:
1914 560 2135 625 promo
2174 543 2564 626 suspiciones

206 665 398 722 meas,
458 667 616 731 quae
661 649 716 710 si
761 645 957 714 falsae
1004 668 1138 712 esse
1182 650 1576 732 reperientur
1600 695 1617 725 ‚
1668 648 1797 713 cito
1842 645 2151 712 oblivioni
2198 647 2563 732 tradentnr3

203 753 289 815 sin
346 773 526 818 verae
583 759 764 836 sunt,
829 753 1088 818 uberius
1151 760 1541 838 exponentur
1596 760 1664 818 et
1722 752 1969 818 doctius
2029 753 2422 818 ornabuntur
2482 754 2563 818 ab

203 858 303 934 iis,
349 860 456 942 qui
501 858 596 922 ibi
641 864 943 944 perpetuo
989 858 1316 936 habitant,
1367 859 1482 924 ubi
1528 879 1649 945 ego
1695 857 1974 935 μέτοικος
2022 879 2190 924 sum.
2261 859 2563 924 Primum

202 983 412 1048 quaero
429 1011 447 1042 ,
510 985 635 1029 non
696 966 928 1050 quibus
989 965 1358 1030 hominibus
1413 963 1729 1050 Josephus
1800 967 2160 1049 scripserit,
2225 985 2373 1030 nam
2443 964 2563 1030 hoc

201 1062 440 1152 quidem
503 1076 750 1135 constat
811 1071 966 1135 adeo
1015 1077 1092 1134 ut
1137 1091 1216 1136 ne
1261 1072 1691 1156 quaerendum
1742 1071 2005 1156 quidem
2051 1091 2187 1136 esee
2234 1070 2561 1150 videatur,

200 1174 294 1238 sed
349 1195 505 1260 quos
568 1175 832 1241 lectores
887 1175 1043 1241 olim
1107 1180 1511 1262 potissimum
1574 1176 1890 1242 habuerit.
1971 1176 2233 1264 Legerit
2294 1198 2404 1262 per
2454 1197 2563 1244 me

200 1277 336 1344 licet
391 1280 646 1346 Bellum
710 1281 748 1348 J
753 1282 1052 1348 udaicum
1117 1283 1466 1368 Imperator
1533 1281 1964 1366 Vespasianus
1985 1330 2001 1358 ,
2072 1281 2302 1369 legerit
2376 1281 2563 1348 'I'itus

199 1383 383 1465 filius,
449 1386 682 1474 legerit
738 1390 1025 1475 Agrippa
1072 1409 1212 1474 rex;
1263 1409 1650 1474 quamquam
1700 1408 1820 1475 ego
1868 1395 2037 1453 certe
2084 1409 2312 1475 urgere
2359 1388 2559 1454 nolim

199 1512 338 1576 quae
393 1493 716 1578 Josephus
781 1492 1290 1573 ἀλαζονευόμενος
1357 1497 1611 1579 scripsit
1682 1503 1901 1560 contra
1964 1493 2283 1578 Apionem
2358 1494 2409 1559 Ι.
2482 1493 2563 1572 9;

195 1596 406 1684 legerit
456 1599 728 1684 denique
764 1599 842 1665 de
879 1603 1364 1665 munitissimae·
1393 1601 1570 1664 urbis
1604 1601 1927 1665 obsidione
1966 1600 2215 1664 Plinius
2258 1599 2363 1665 vel
2396 1621 2561 1665 unus

198 1702 413 1770 alterve
462 1705 792 1772 Romanus
836 1707 1060 1784 miles,
1107 1708 1218 1790 qui
1263 1705 1472 1771 fuerat
1515 1709 1582 1769 in
1630 1704 1765 1770 Titi
1806 1708 2030 1770 castris
2069 1713 2135 1771 et
2174 1726 2343 1770 nunc
2382 1704 2561 1770 domi

197 1829 289 1893 per
329 1813 537 1876 otium
587 1810 1022 1878 delectabatur
1067 1811 1494 1878 recordatione
1541 1811 1940 1876 miseriarum
1960 1859 1976 1887 ,
2024 1831 2181 1896 quas
2222 1811 2379 1876 olim
2419 1833 2557 1897 per-

197 1934 391 1998 pessus
459 1917 698 1993 fuerat;
763 1923 840 1981 nt
893 1917 1246 2001 plurimum
1295 1916 1568 2004 largiar,
1618 1916 1893 2004 legerint
1940 1917 2229 1983 homines
2276 1918 2448 1983 docti
2494 1925 2559 1984 et

198 2025 402 2088 curiosi
423 2070 446 2100 ,
508 2023 754 2088 alienae
799 2024 1267 2108 superstitionis
1313 2022 1781 2108 cognoscendae
1828 2022 2044 2107 cupidi
2090 2025 2329 2110 viginti
2376 2025 2559 2088 Anti·

199 2131 499 2209 quitatum
561 2128 794 2195 libros:
858 2128 1052 2194 multi
1114 2136 1281 2194 certe
1345 2150 1468 2194 non
1516 2129 1772 2194 fuerunt
1822 2129 2049 2195 Graeci
2096 2129 2196 2195 vel
2242 2129 2553 2207 Romani,
2640 2191 2645 2196 .

198 2237 290 2316 qui
329 2233 680 2320 Iosephum
731 2237 1066 2301 triverunt.
1139 2233 1356 2300 Veluti
1403 2235 1685 2320 aequalis
1730 2241 1865 2300 erat
1904 2233 2199 2300 Tacitus:
2240 2243 2550 2319 quantum

199 2339 360 2405 video
421 2341 502 2406 ad
563 2340 883 2406 Historias
951 2341 1412 2425 componendas
1479 2361 1603 2404 non
1672 2342 2005 2424 usurpavit
2074 2361 2287 2406 recens
2352 2342 2557 2407 editos

200 2451 412 2530 septem
463 2446 660 2513 libros
707 2447 786 2513 de
832 2446 1000 2513 bello
1043 2447 1333 2513 Judaico.
1420 2445 1544 2527 Qui
1584 2448 1789 2533 igitur
1824 2446 2089 2514 lectores
2128 2451 2328 2533 spissa
2368 2449 2552 2515 volu-

199 2552 348 2617 mina
403 2549 830 2639 expetebant?
897 2554 1064 2619 Nam
1129 2555 1253 2618 nisi
1301 2555 1583 2637 expetita
1628 2554 1932 2629 fuissent,
1980 2574 2059 2618 ne
2097 2554 2367 2629 fuissent
2405 2557 2551 2639 qui·

199 2655 318 2720 dem
363 2664 736 2746 propagata.
805 2658 1078 2723 Judaeos
1117 2656 1358 2723 credis?
1405 2658 1546 2723 Non
1585 2666 1875 2743 poterant
1914 2680 2035 2724 non
2072 2661 2277 2725 odisse
2318 2665 2555 2745 patriae

201 2763 556 2844 proditorem
580 2811 596 2842 ‚
657 2766 768 2848 qui
829 2767 1090 2830 miseros
1137 2768 1307 2829 cives
1354 2764 1654 2850 adegerat
1700 2764 1780 2829 ad
1826 2765 2241 2831 defectionem
2264 2812 2279 2842 ,
2330 2773 2405 2831 ut
2452 2788 2557 2832 eos

200 2864 252 2929 in
292 2876 572 2935 extremo
620 2869 986 2935 discrimine
1031 2869 1380 2952 desereret,
1428 2872 1540 2954 qui
1589 2868 1895 2935 Romanis
1940 2873 2287 2936 victoribus
2338 2872 2555 2937 adula-

202 2971 393 3059 batur,
452 2978 599 3060 qni,
664 2976 828 3061 quod
889 2976 1094 3041 dicere
1143 2984 1326 3059 turpe
1371 2984 1538 3051 erat,
1593 2975 1949 3040 affirmabat
1996 2986 2239 3042 veteres
2284 2979 2553 3064 propbe-

201 3082 278 3142 tas
331 3080 647 3166 decepisse
711 3081 1056 3167 populum,
1104 3101 1302 3166 quum
1352 3082 1795 3165 portenderent
1842 3081 2145 3147 Messiam
2170 3132 2187 3167 ,
2237 3087 2345 3148 cui
2388 3107 2555 3151 nunc

201 3201 388 3253 omnes
459 3189 769 3273 parebant
832 3206 1220 3272 quamquam
1293 3188 1725 3267 ἀπεριτμήτῳ,
1797 3190 1907 3271 qui
1977 3189 2396 3256 accumbebat
2474 3193 2555 3258 ad

201 3310 422 3359 mensas
479 3292 826 3381 gentilium
877 3298 944 3358 et
989 3292 1337 3358 truncando
1381 3292 1641 3359 Sacrum
1698 3288 1997 3358 Codicem
2046 3295 2277 3359 fecerat
2324 3298 2553 3381 proba-

201 3393 368 3463 bilem
416 3400 683 3465 sortasse
729 3398 900 3475 aliis,
949 3399 1059 3463 sed
1105 3398 1230 3463 sibi
1275 3398 1609 3482 inutilem,
1658 3418 1859 3483 quum
1907 3418 2019 3484 pro
2070 3400 2353 3465 mascula
2392 3404 2551 3466 sim-

201 3500 456 3582 plicitate
501 3504 958 3570 introduxisset
1004 3505 1307 3569 orationis
1352 3504 1570 3568 fucum
1611 3512 1676 3568 et
1710 3524 1824 3589 pro
1858 3504 2131 3583 Moesia,
2171 3526 2363 3591 quem
2403 3506 2553 3573 Pro-

201 3606 398 3689 phetae
455 3612 709 3677 fuerant
771 3610 1080 3695 polliciti,
1143 3612 1512 3675 inseruisset
1555 3608 1919 3675 Romanum
1970 3614 2277 3677 victorem
2326 3619 2393 3676 et
2440 3633 2555 3697 pro

199 3720 420 3783 aeterno
465 3717 636 3803 quod
675 3718 1066 3781 somniarant
1103 3717 1372 3800 imperio
1411 3722 1733 3780 aeternam
1773 3715 2220 3779 obedientiam.
2276 3714 2547 3803 Legitne

201 3816 322 3885 illos
361 3820 556 3888 libros
601 3824 902 3906 imperita
947 3828 1013 3887 et
1058 3820 1356 3886 seditiosa
1400 3820 1581 3905 plebs
1619 3816 2085 3886 Alexandrina?
2146 3820 2551 3908 Legeruntne

199 3921 430 3993 fortasse
497 3928 668 3992 docti
737 3929 806 3991 in
871 3924 1143 3993 Museo?
1259 3926 1665 4013 Legeruntne
1732 3925 2063 3991 Pharisaei
2130 3925 2547 3993 Pharisaeum

202 4032 535 4116 scriptorem
556 4082 574 4117 ,
635 4034 746 4118 qui
804 4052 954 4098 suae
1015 4033 1215 4117 ipsius
1279 4040 1486 4097 sectae
1547 4040 1851 4117 perpetuo
1910 4028 2282 4097 maledicit?
2350 4032 2549 4120 Lege-

202 4142 404 4203 runtne
455 4141 566 4223 qui
611 4159 687 4203 ex
733 4136 970 4203 Zelotis
1019 4143 1195 4203 erant
1241 4137 1505 4222 reliqui,
1557 4157 1823 4221 quorum
1875 4136 2153 4202 facinora
2197 4143 2332 4202 tam
2384 4140 2549 4205 vivi·

205 4236 286 4303 dis
325 4242 628 4310 coloribus
675 4238 1146 4331 depinguntur?
1213 4242 1615 4329 Legeruntne
1654 4240 2005 4307 Sadducaei
2044 4262 2201 4327 quos
2235 4240 2273 4307 J
2278 4242 2548 4327 osephus

206 4344 428 4413 oderat?
491 4348 893 4437 Legeruntne
955 4348 1211 4428 Esseni,
1259 4351 1396 4434 qui,
1452 4350 1509 4413 si
1553 4368 1785 4433 paucos
1826 4351 2147 4431 exceperis
2166 4396 2186 4433 ,
2233 4348 2547 4416 humanas

2183 4468 2246 4515 18
