3150 5000
1173 268 1595 319 mmmm.
2354 342 2361 353 1
2486 244 2577 315 83

213 434 422 504 videor
465 434 863 524 intelligere,
911 457 1140 523 nempe
1187 457 1260 502 eo
1306 456 1494 503 sensu
1541 457 1665 521 quo
1703 437 1939 502 dicitur
1978 444 2055 517 τῇ
2098 435 2398 516 ἡγεμονία
2423 434 2577 497 απο-

210 543 502 622 χρῆσθαι,
547 542 601 607 1.
656 541 761 608 76.
831 542 964 608 Nec
1009 544 1192 609 nobis
1236 562 1350 609 vos
1393 562 1615 609 nocere
1660 560 1936 627 aequum
1985 548 2114 626 est,
2152 560 2357 626 neque
2396 560 2433 604 a
2470 560 2579 604 ηο-

211 648 302 713 bis
344 648 690 734 quidquam
737 647 900 715 lucri
946 650 1226 734 accipere
1246 695 1266 727 ‚
1313 649 1421 715 sed
1459 658 1587 721 τοῖς
1628 646 1845 725 ὁμοίοις
1890 650 2056 725 ἡμᾶς
2098 647 2441 736 ἆμιᾷνεσθαι
2462 692 2479 723 ,
2505 650 2581 709 ut

209 762 298 819 est
343 755 390 820 1.
419 753 540 832 42,
590 752 695 821 vel
738 756 908 836 αὐτῷ
955 758 1038 835 τῷ
1086 755 1320 837 μέτρῳ,
1363 756 1531 841 quod
1570 754 1890 821 Hesiodus
1930 753 2424 821 commendavit.
2461 750 2583 817 Lo-

208 861 472 926 cutionis
530 882 654 929 non
713 864 1058 929 immemor
1113 862 1242 927 fuit
1299 860 1424 928 Dio
1483 858 1739 927 Cassius
1786 860 1920 927 Vol.
1973 861 2021 925 Ι.
2067 881 2128 946 p.
2178 858 2266 925 83
2314 858 2448 924 Dfi:
2500 866 2578 941 τῇ

209 974 316 1033 τῶν
375 972 691 1044 Ῥωμαίων
752 970 942 1053 Φιλίᾳ
1001 970 1460 1052 ἀποχρώμενος.
1533 966 1803 1053 Scripsit
1852 973 2173 1053 praeterea
2218 966 2355 1051 ipse
2400 963 2578 1029 'Phu-

210 1074 464 1160 oydidee
508 1074 615 1141 VI.
668 1075 788 1142 17:
851 1076 1292 1155 ἄποχρῆσασθε
1345 1084 1422 1156 τῇ·
1472 1074 1758 1155 ἑκατέρου
1806 1078 1973 1150 ἡμῶν
2024 1072 2268 1155 ὠφελίᾳ
2314 1076 2380 1137 et
2424 1070 2583 1136 alibi

209 1182 399 1247 otiam
443 1182 666 1248 eodem
711 1184 1063 1267 composito
1107 1200 1262 1248 usus
1307 1184 1420 1247 est.

291 1393 434 1459 Non
499 1413 770 1483 agnosco
835 1396 1296 1480 oppositionem
1344 1394 1393 1461 L
1440 1393 1564 1461 49:
1631 1396 1821 1477 Θυμῷ
1873 1395 1973 1459 καὶ
2023 1394 2229 1477 ῥώμῃ
2275 1398 2345 1460 τὸ
2394 1393 2581 1459 πλέον

207 1501 596 1581 ἐναυμάχουν
647 1502 680 1577 ἢ
731 1502 1040 1580 ἐπιζήμια,
1099 1522 1250 1567 nam
1315 1502 1653 1567 consilium
1700 1503 1961 1569 insitam
2012 1502 2147 1566 vim
2195 1522 2318 1567 non
2367 1502 2583 1567 immi-

205 1610 372 1687 nuit,
424 1606 536 1673 sed
580 1612 944 1692 promovet:
993 1608 1165 1674 malo
1210 1608 1503 1693 equidem
1553 1607 1707 1687 ρύμ
1727 1631 1761 1690 ῃ
1806 1608 2105 1685 scribere,
2176 1608 2369 1673 sicuti
2412 1614 2585 1674 recte

207 1713 504 1779 scribitur
549 1712 633 1779 II.
683 1712 805 1779 81:
875 1714 1270 1795 χωρήσαντες
1321 1712 1482 1797 ῥύμῃ
1527 1714 1815 1791 ἐνόμισαν
1857 1715 2143 1793 αὐτοβοεὶ
2196 1712 2272 1780 ἂν
2318 1716 2428 1789 τὴν
2476 1711 2583 1780 πό-

208 1833 300 1885 λιν
345 1821 528 1886 ἑλεῖν.
577 1820 732 1886 Mox
780 1824 846 1886 in
893 1827 1175 1886 extremo
1222 1823 1456 1906 capite:
1509 1821 1641 1886 ἐπεὶ
1688 1821 1743 1884 δ’
1794 1823 1827 1896 ἧ
1876 1822 2063 1902 τροπὴ
2116 1819 2360 1898 ἐγένετο
2406 1834 2585 1895 λαμε

209 1932 361 2005 πρῶς
391 2000 400 2010 .
426 1926 532 1991 καὶ
596 1927 884 1993 ἐνέκειντο
938 1926 988 1991 οἱ
1038 1928 1346 2007 Κορίνθιοι,
1399 1928 1876 2013 praeferendum
1927 1948 2145 1993 censeo
2193 1952 2229 1991 ιι
2249 1927 2332 1992 αὶ
2378 1943 2582 2004 λαμ-

209 2056 298 2109 πρ
319 2040 430 2105 ῶς.
504 2032 626 2099 Sed
684 2036 944 2121 gravior
1005 2037 1206 2100 oritur
1264 2033 1581 2099 dubitatio
1628 2037 1795 2101 circa
1840 2053 2107 2119 sequens
2153 2040 2381 2119 caput,
2430 2054 2583 2099 nam

205 2160 452 2223 prorsus
500 2139 872 2205 incredibile
917 2148 1014 2205 est
1058 2140 1224 2224 quod
1269 2148 1484 2206 narrat
1529 2139 1935 2227 Thucydides
1982 2140 2059 2207 de
2105 2139 2321 2207 navali
2343 2140 2582 2226 proelio

206 2248 364 2311 inter
411 2244 776 2312 Corinthios
821 2255 886 2310 et
931 2246 1313 2333 Corcyraeos
1360 2249 1723 2313 commisso.
1786 2246 2039 2313 Vicerat
2085 2244 2583 2332 Corcyraeorum

206 2354 535 2418 sinistrum
596 2371 789 2417 cornu
811 2400 828 2435 ‚
909 2352 1132 2418 deinde
1205 2353 1488 2419 hostium
1559 2356 1833 2419 navibus
1899 2354 2141 2442 fugatis
2208 2356 2274 2417 in
2346 2362 2580 2419 terram

204 2460 605 2526 escenderent
653 2468 716 2525 et
763 2464 966 2524 castra
1011 2456 1488 2526 Corinthiorum
1537 2459 1961 2527 incenderant.
2013 2457 2180 2541 Quid
2220 2466 2435 2526 autem
2463 2456 2582 2526 Co-

203 2565 418 2630 rinthii
477 2567 592 2650 qui
649 2569 716 2629 in
779 2569 977 2630 altero
1039 2585 1232 2630 cornu
1280 2569 1613 2633 victoriam
1662 2563 2094 2652 reportarant?
2140 2565 2389 2652 Nempe
2434 2567 2579 2646 πρὸς

203 2671 338 2743 τοὺς
383 2671 724 2750 ἀνθρώπους
773 2671 1108 2750 ἐτράποντο
1155 2673 1428 2750 Φονεύειν
1476 2673 1897 2741 διεκπλέοντες
1937 2676 2183 2748 μᾶλλον
2223 2672 2256 2747 ἢ
2292 2671 2573 2752 ζωγρεῖν,

205 2779 336 2849 τούς
400 2802 472 2844 τε
524 2779 721 2843 αὐτῶν
767 2779 988 2854 Φίλους
1036 2780 1143 2843 οὐκ
1189 2780 1528 2855 αἰσθόμενοι
1581 2775 1672 2842 ὅτι
1723 2779 1979 2856 ἤσσηντο
2024 2779 2077 2843 οἱ
2125 2779 2224 2844 ἐπὶ
2274 2781 2357 2857 τῷ
2407 2776 2579 2859 δεξιᾷ·

207 2883 380 2967 κέρα,
444 2887 805 2961 οἱγνοοῢντες
869 2883 1148 2949 ἔκτεινον.
1219 2885 1466 2950 Mirum
1529 2905 1710 2958 sane.
1762 2886 1819 2950 si
1862 2888 2035 2950 cives
2080 2905 2227 2951 suos
2272 2893 2337 2951 et
2380 2887 2582 2950 socios

207 2991 566 3078 dignoscere
626 3012 752 3056 non
814 2998 1187 3076 potuerunt,
1243 3013 1358 3057 nec
1418 2991 1721 3057 credibile
1774 2997 1904 3069 est,
1952 3011 2058 3057 eos
2104 2994 2213 3076 qui
2260 2994 2583 3056 stetissent

209 3099 272 3160 in
317 3097 540 3164 dextro
586 3118 776 3162 cornu
797 3146 815 3180 ,
865 3097 1170 3163 trucidari
1213 3101 1495 3181 potuisse
1539 3097 1609 3162 in
1653 3118 1848 3164 cornu
1886 3100 2176 3181 sinistro,
2200 3117 2351 3162 nam
2376 3097 2579 3162 aciem

205 3200 330 3268 late
375 3205 788 3271 extenderant
833 3213 896 3270 et
943 3205 1010 3268 αἱ
1055 3211 1187 3276 νῆες
1237 3205 1333 3273 ἐπὶ
1381 3202 1539 3268 πολὺ
1588 3214 1696 3276 τῆς
1746 3203 2064 3279 θαλάσσης
2115 3203 2415 3284 ἐπέσχον,
2458 3205 2580 3268 sic-

209 3313 300 3374 uti
336 3313 634 3378 continuo
669 3317 812 3395 post
849 3310 1147 3398 legimus.
1197 3308 1456 3394 Optime
1495 3315 1691 3378 sensit
1738 3313 1827 3376 rei
1866 3309 2310 3376 difficultatem
2334 3309 2579 3394 Neoph-

209 3415 444 3494 Ducas,
495 3420 678 3482 cuius
725 3418 918 3482 verba
963 3416 1181 3501 Poppo
1225 3417 1592 3502 adscripsit:
1655 3416 2058 3505 intelligendi
2102 3431 2288 3497 sunt,
2335 3417 2581 3500 inquit,

209 3520 611 3609 Megarenses
659 3529 724 3588 et
771 3523 1251 3598 Ambraciotae‚
1300 3523 1446 3587 ἀλλ’
1493 3525 1847 3606 ἀπορεῖται,
1896 3529 2020 3594 πῶς
2070 3523 2278 3588 αὐτοῖς
2308 3519 2581 3596 ἡττημέ-

205 3651 314 3700 νοις
363 3630 466 3692 καὶ
519 3629 606 3700 εἰς
655 3628 892 3706 ἤπειρον
937 3630 1282 3706 γενομένοις
1331 3628 1624 3708 σποράσιν
1662 3630 1945 3708 ἐνέτυχον
1989 3629 2038 3692 οἱ
2080 3629 2356 3707 Κορίνθιοι
2383 3627 2583 3707 πρόσω

205 3741 574 3812 χωροῦντεςς
626 3735 746 3811 ἐγὼ
795 3735 907 3808 μὲν
953 3737 1060 3800 οὐκ
1108 3731 1284 3798 οἶδα·
1349 3736 1575 3801 deinde
1622 3735 1857 3820 profert
1902 3733 2223 3799 infelicem
2272 3736 2583 3820 suspicio·

207 3861 387 3924 nem,
437 3861 630 3926 quam
683 3839 914 3906 melius
959 3840 1204 3906 videbis
1251 3842 1416 3926 apud
1442 3841 1699 3925 ‘ipsum
1756 3830 2111 3925 Equidem,
2159 3841 2363 3904 sicubi
2409 3841 2579 3908 eius-

211 3947 378 4011 modi
438 3947 686 4024 οὲπορίαι
747 3967 880 4012 sese
941 3945 1342 4030 obtulerunt,
1405 3968 1657 4032 semper
1701 3949 1985 4031 primum
2034 3965 2330 4031 quaerere
2376 3945 2581 4024 sole0,

211 4053 359 4135 quid
418 4057 687 4139 scriptor
749 4056 904 4119 satis
967 4053 1374 4138 probabiliter
1417 4074 1669 4118 narrare
1718 4056 2033 4138 potuerit;
2080 4053 2197 4118 hoc
2246 4059 2583 4137 postquam

209 4160 480 4246 contigit
536 4163 840 4244 reperire,
903 4177 1088 4244 saepe
1143 4158 1500 4224 emendatio
1563 4159 1732 4224 haud
1796 4179 2029 4246 magno
2086 4165 2348 4223 constat.
2420 4157 2585 4245 Legi

212 4269 418 4328 totum
467 4265 674 4330 locum
726 4273 790 4330 et
835 4265 1069 4352 relegi3
1119 4265 1344 4331 deinde
1392 4269 1567 4332 visus
1617 4265 1778 4329 mihi
1826 4279 1923 4329 est
1970 4263 2371 4351 Thucydides
2418 4262 2583 4329 illud

213 4374 551 4438 memoriae
597 4372 977 4460 prodidisse,
1027 4379 1363 4457 occupatos
1409 4371 1605 4436 fuisse
1652 4369 2017 4438 Corinthios
2063 4371 2131 4436 in
2167 4371 2429 4436 hostibus
2453 4376 2583 4440 tru-
