3150 5000
1193 271 1654 319 manontmsvs.
1763 236 1771 246 ⁸
2491 247 2624 314 263

235 439 277 503 h
291 441 316 502 i
331 443 412 504 at
428 461 471 503 u
488 460 527 524 q
546 459 588 502 u
605 459 640 504 e
708 437 988 504 uiolento
1047 438 1328 503 disiectis
1375 437 1785 521 operimentis
1829 455 1977 500 cum
2027 433 2327 520 periculis
2371 432 2626 499 ultimis

237 545 648 610 suadebant.”
1197 558 1202 571 ·

321 649 723 717 Restituatur
769 671 1000 737 quaeso
1052 652 1170 728 „ia
1187 671 1220 716 c
1241 654 1269 714 t
1285 670 1331 714 u
1346 670 1386 733 q
1401 669 1445 713 u
1463 669 1497 714 e
1546 647 1894 714 uiolento.’'

321 867 428 934 11.
485 867 566 932 11
585 915 601 943 ,
667 870 780 933 ubi
841 869 1234 955 oppugnatio
1295 865 1613 931 Bezabdes
1677 871 2005 932 narratur:
2060 864 2351 943 „decimo
2398 866 2615 949 itaque

231 980 566 1059 postquam
629 977 903 1062 pugnari
966 973 1067 1038 die
1131 977 1426 1057 coeptum
1492 980 1589 1037 est
1636 992 1816 1036 cum
1866 993 2053 1057 spes
2101 977 2461 1036 nostrorum
2510 972 2626 1036 in·

234 1082 551 1146 teriora
599 1087 826 1146 cuncta
871 1100 1154 1146 maerore
1202 1078 1602 1163 conpleret,’'
1656 1083 1805 1145 cett.

321 1185 482 1250 Vide
552 1207 813 1270 quaeso,
873 1207 1064 1272 quam
1124 1184 1391 1250 absurde
1439 1185 1685 1249 editum
1736 1187 1824 1250 sit
1884 1204 2100 1262 „cum
2146 1203 2333 1270 spes
2377 1188 2622 1250 nostro·

229 1289 436 1355 rum.''
519 1290 832 1357 Dubitare
910 1291 1042 1356 noli
1124 1293 1278 1374 quin
1360 1293 1743 1356 Ammianus
1828 1293 2149 1376 scripserit
2232 1309 2621 1386 „cumque

231 1404 590 1462 nostrorum
659 1400 1033 1462 intentio
1101 1417 1155 1463 c.
1204 1417 1292 1461 m.
1358 1394 1764 1481 compleret.”
1831 1395 1906 1460 V.
1969 1396 2162 1462 habet
2215 1416 2432 1478 „cum
2482 1415 2624 1479 spe

235 1511 594 1569 nostrorum
642 1483 1070 1570 interior.”

324 1722 356 1786 1
371 1721 428 1785 1.
485 1717 584 1787 17.
665 1721 863 1798 „Post
925 1723 1300 1808 ambiguam
1363 1719 1589 1806 proelii
1648 1722 1781 1784 uir
1800 1725 1829 1784 t
1844 1727 1930 1786 ut
1948 1742 1983 1786 e
2002 1741 2067 1784 m
2127 1719 2397 1805 plurimi
2462 1718 2626 1785 nihil

229 1831 544 1913 inpetrato
589 1831 760 1894 intra
808 1828 1059 1894 moenia
1104 1826 1566 1913 repelluntur.’'

319 1934 448 2000 Pro
498 1937 912 2001 uirtutem
955 1937 1202 2022 corrige
1246 1934 1683 1998 fortunam.
1733 1931 1831 1998 Of.
1881 1933 2065 1999 XXI.
2116 1932 2176 1998 5.
2237 1931 2343 1997 13.

328 2152 431 2217 11.
487 2150 596 2220 25.
647 2151 963 2230 „Vmente
1004 2151 1178 2218 caelo
1223 2152 1535 2217 undantes
1571 2151 1773 2217 nubes
1812 2171 1961 2217 cum
1999 2150 2273 2217 tenebris
2312 2149 2625 2217 aduenere

235 2259 622 2336 minacibus,
679 2258 1086 2344 adsiduisque
1131 2259 1448 2324 imbribus
1489 2261 1605 2324 ita*
1633 2258 2038 2324 inmaduerat
2082 2257 2291 2324 solum
2315 2304 2332 2334 ‚
2379 2263 2453 2321 ut
2500 2256 2627 2322 luti

233 2364 560 2453 glutinosa
604 2363 912 2430 mollities
957 2385 1068 2450 per
1113 2383 1218 2428 eas
1266 2367 1553 2451 regiones
1602 2366 2014 2451 pinguissimi
2062 2365 2358 2448 caespitis
2404 2364 2623 2428 omnia

238 2472 853 2557 perturbareh”

320 2580 705 2646 Reuocanda
749 2585 936 2645 uetus
984 2586 1048 2645 et
1094 2581 1372 2667 genuina
1418 2577 1611 2643 lectio
1658 2579 2277 2663 putrefaceret.

327 2798 434 2865 11.
484 2795 589 2863 32.
643 2796 936 2875 „Omisso
983 2816 1149 2862 uano
1194 2798 1444 2881 incepto
1491 2797 1893 2861 hiematurus
1940 2797 2317 2862 Antiochiae
2356 2798 2523 2863 redit
2556 2799 2623 2861 in

235 2902 494 2991 Syriam
564 2922 1146 2979 aerumnosam,
1216 2922 1544 2987 perpessus
1613 2902 1887 2967 inulta
1956 2907 2022 2966 et
2092 2905 2329 2968 atrocia
2388 2903 2625 2988 diuque

238 3009 594 3076 deflenda.”

324 3115 723 3182 Sententiam
786 3114 1305 3180 obscurissimam
1356 3114 1782 3180 obscuriorem
1830 3114 2109 3180 reddidit
2156 3114 2589 3201 Eyssenhardt
2609 3163 2626 3194 ‚

237 3226 345 3308 qui
391 3244 472 3290 ex
517 3221 916 3289 etulerint
961 3222 1088 3287 sed
1137 3222 1340 3288 effecit
1385 3220 1648 3287 inulta
1695 3230 1793 3287 et.
1848 3221 1947 3287 'I'u
1995 3225 2261 3289 restitue
2287 3226 2629 3290 Ammiano

241 3330 449 3411 „redit
493 3332 560 3393 in
607 3327 890 3416 Syriam,
939 3348 1410 3394 aerumnosa
1454 3348 1788 3413 perpessus
1838 3328 2171 3394 uulnera
2217 3338 2281 3393 et
2328 3331 2634 3395 atrocia.”

239 3433 514 3500 Vulnera
567 3440 716 3499 sunt
775 3433 983 3498 clades
1046 3434 1124 3498 cf.
1172 3433 1450 3499 XXVII.
1511 3435 1569 3500 1.
1627 3435 1683 3498 1.
1739 3454 2188 3511 „aerumnosae
2236 3435 2515 3500 iacturae
2566 3442 2632 3502 et

237 3539 567 3606 uulnera.”
617 3538 700 3604 Et
749 3541 880 3604 iam
929 3542 1019 3604 sic
1069 3538 1359 3622 Tacitus,
1411 3538 1586 3604 Hist.
1637 3539 1750 3604 111.
1774 3540 1911 3625 ‚56.

1245 3834 1639 3845 ———-

1223 4034 1428 4101 Imma
1474 4034 1656 4100 XXI.

339 4250 392 4315 1.
443 4251 506 4316 2.
558 4250 776 4332 „Quae
825 4250 1096 4317 sollicite
1143 4256 1446 4335 reputans
1491 4248 1781 4318 Iulianus
1828 4257 2173 4339 utrumque
2219 4252 2636 4333 formidabat,

252 4360 327 4420 et·
356 4361 635 4424 amicum
685 4363 1103 4424 cruentum
1151 4362 1217 4422 et
1259 4359 1330 4422 in
1377 4360 1701 4423 aerumnis
1740 4356 2042 4425 ciuilibus
2078 4380 2261 4446 saepe
2304 4361 2637 4426 uictorem.
