3150 5000
564 213 697 285 282
1110 173 1115 183 ἱ
1593 231 1927 287 musve

648 401 713 468 8.
764 402 869 468 18.
943 402 1124 482 „Nec
1184 405 1327 488 post
1391 405 1674 468 creatum
1741 399 2077 467 Iouianum
2129 403 2266 490 egit
2311 401 2636 478 modeste,
2683 397 2804 466 sed
2849 422 2936 464 su-

554 530 808 576 surrans
874 529 1062 596 super
1128 511 1387 597 negotio
1446 529 1483 593 q
1504 529 1548 573 u
1564 528 1654 574 ae
1672 507 1713 574 d
1731 527 1768 574 a
1785 529 1851 572 m
1911 508 2308 586 audiebatur,
2373 509 2824 593 inuitabatque
2869 506 2944 572 ad

558 619 859 684 conuiuia
902 615 1169 682 subinde
1216 614 1597 681 militares.’'

602 771 616 782 .
648 723 881 790 Malim
946 743 1321 800 „susurrans
1378 743 1567 806 super
1628 724 1887 808 negotio
1933 741 1969 806 q
1994 721 2282 788 uodam
2333 721 2782 788 audiebatur.’'
2831 720 2946 785 Su-

559 830 863 896 surrando
924 829 1285 914 opinionem
1349 827 1426 893 de
1474 847 1543 893 se
1589 828 1882 914 praebuit
1929 828 2132 914 quasi'
2160 828 2238 894 de
2286 825 2632 893 affectando
2677 830 2946 913 imperio

466 1016 473 1025 ι
559 943 801 1004 secreta
846 935 1111 1004 consilia
1156 937 1452 1023 agitaret.

650 1149 759 1218 10.
822 1151 885 1217 5.
958 1150 1301 1231 „Iouianus
1369 1152 1659 1216 exornari
1727 1149 2136 1236 sepulchrum
2215 1151 2444 1216 statuit
2511 1150 2755 1216 Iuliani
2835 1200 2852 1215 .
2881 1199 2898 1214 .
2931 1201 2944 1214 .

558 1262 743 1327 cuius
790 1280 1087 1346 suprema
1125 1265 1189 1324 et
1228 1260 1502 1342 cineres,
1542 1259 1600 1322 si
1641 1256 1751 1341 qui
1799 1265 1996 1322 tunc
2041 1259 2212 1322 iuste
2260 1255 2781 1336 consuleret,
2831 1279 2950 1322 non

562 1365 823 1456 Cydnus
870 1367 1088 1432 uidere
1133 1365 1387 1432 deberet
1436 1413 1454 1430 .
1483 1415 1497 1430 .
1524 1413 1539 1428 .
1592 1364 1701 1429 sed
1751 1411 1766 1426 .
1796 1410 1810 1427 .
1839 1411 1852 1426 .
1905 1361 2172 1430 Tiberis.

650 1471 1115 1561 Corrigendum
1140 1473 1453 1538 nimirum
1478 1472 1583 1550 „si
1607 1472 1719 1555 qui
1757 1490 1790 1534 c
1809 1490 1854 1534 u
1869 1491 1912 1534 n
1930 1471 2160 1544 c<ta>
2185 1470 2351 1535 iuste
2394 1491 2426 1534 c
2445 1492 2481 1537 o
2497 1494 2536 1535 n
2558 1474 2627 1537 si
2647 1471 2684 1537 d
2707 1493 2742 1538 e
2757 1493 2796 1536 r
2811 1493 2846 1537 e
2864 1471 2950 1535 t.’'

653 1689 758 1756 10.
811 1687 916 1754 14.
990 1686 1337 1766 „Iouianus
1400 1684 1713 1753 aemulari
1775 1683 2146 1751 malebat
2211 1683 2705 1764 Constantium,
2759 1705 2954 1775 agens

558 1797 723 1862 seria
767 1793 1079 1882 quaedam
1128 1793 1512 1879 aliquotiens
1556 1799 1700 1878 post
1745 1791 2152 1857 meridiem.''

653 1900 895 1968 Vitiosa
942 1900 1153 1966 editur
1198 1898 1605 1972 malebat,
1656 1901 1806 1983 quia
1851 1901 2309 1983 comparationi
2357 1898 2576 1964 nullus
2619 1900 2732 1965 hic
2777 1899 2954 1966 locus

560 2015 679 2076 est.
747 2006 1015 2093 Scripsit
1075 2005 1156 2072 A.
1220 2005 1575 2089 „aemulari
1638 2005 1984 2070 auebat”
2047 2004 2308 2071 fortasse
2366 2013 2430 2071 et
2475 2006 2616 2091 hic,
2665 2006 2954 2073 Lucretii

560 2134 830 2193 memor,
893 2114 1063 2200 apud
1124 2134 1316 2198 quem
1377 2111 1487 2179 III.
1560 2110 1602 2176 6
1665 2110 1943 2199 legitur:
1997 2134 2164 2197 „non
2208 2115 2304 2178 ita
2349 2114 2630 2179 certandi
2679 2114 2954 2200 cupidus

561 2242 756 2309 quam
802 2226 1057 2307 propter
1104 2238 1388 2286 amorem
1436 2217 1605 2305 quod
1653 2222 1716 2283 te
1753 2219 1994 2283 imitari
2033 2220 2256 2284 aueo.'’
2306 2217 2406 2287 Of.
2448 2240 2612 2305 quae
2648 2221 2954 2288 annotaui

560 2330 643 2396 ad
692 2327 839 2394 XX.
890 2327 997 2393 11.
1048 2325 1113 2393 2.

656 2542 759 2609 10.
815 2543 920 2607 15.
967 2541 1146 2607 Idem
1195 2539 1497 2607 Iouianus
1542 2540 1739 2606 fuisse
1782 2546 2076 2605 narratur
2125 2536 2567 2619 „Christianae
2616 2541 2788 2631 legis
2824 2546 2953 2607 stu-

562 2649 778 2717 diosus
823 2654 889 2714 et
932 2666 1057 2714 non
1104 2666 1461 2733 numquam
1507 2643 1956 2712 honorificus.”

650 2756 809 2823 Fere
865 2774 993 2821 non
1048 2753 1275 2821 dubito
1336 2754 1493 2839 quin
1537 2773 1772 2819 nomen
1817 2751 2075 2837 aliquod
2119 2752 2304 2820 uelut
2351 2753 2730 2839 „defensor”
2781 2756 2946 2821 exei-

562 2864 748 2931 derit.

1587 3108 1942 3120 *u———n-

1512 3308 1718 3374 Lnffln
1761 3308 1996 3373 XXVI.

650 3494 717 3561 2.
765 3494 829 3560 4.
901 3493 1425 3559 obmurmuratio
1488 3498 1708 3557 exorta
1768 3498 1863 3557 est
1908 3496 2258 3577 postquam·
2295 3489 2784 3557 Valentinianus
2831 3492 2944 3556 tri-

557 3601 753 3668 bunal
814 3599 1113 3666 ascendit.
1187 3596 1416 3682 „Quod
1462 3596 1615 3663 licet
1662 3618 1787 3664 non
1834 3596 1998 3664 nulli
2045 3600 2496 3663 existimarunt
2541 3600 2764 3683 paucis
2811 3618 2944 3664 cor-

556 3709 764 3793 ruptis
832 3706 911 3772 ad
979 3707 1257 3792 gratiam
1322 3702 1455 3769 fieri
1526 3704 1999 3789 despectorum,
2065 3723 2143 3770 ex
2213 3723 2286 3770 eo
2335 3710 2550 3769 tamen
2599 3703 2666 3770 id
2713 3704 2944 3775 frustra

558 3814 874 3880 creditum
943 3812 1284 3877 uidebatur
1300 3860 1317 3889 ,
1386 3810 1553 3893 quod
1615 3830 1740 3876 non
1803 3832 1838 3876 e
1855 3832 1924 3876 m
1941 3832 1975 3876 e
1995 3831 2028 3876 r
2044 3832 2079 3877 c
2095 3832 2132 3876 a
2149 3813 2218 3875 ti
2281 3809 2390 3881 sed
2450 3814 2706 3876 consoni
2753 3814 2944 3877 totius

562 3918 999 3987 multitudinis
1045 3920 1222 4003 paria
1268 3915 1542 3983 uolentis
1589 3916 1896 3983 clamores
1943 3916 2431 3983 audiebantur.’'

650 4027 795 4093 Non
835 4024 1144 4112 intellego
1184 4044 1219 4089 e
1238 4046 1305 4088 m
1325 4026 1616 4090 ercati.
1665 4023 1832 4088 Nam
1875 4026 2014 4109 qui,
2045 4044 2277 4109 quaeso
2297 4070 2314 4099 ‚
2341 4022 2654 4090 audiendo
2679 4022 2940 4091 discerni

552 4138 899 4223 potuerunt
945 4131 1252 4198 clamores
1296 4130 1634 4196 hominum
1685 4130 1974 4196 mercede
2021 4137 2470 4216 corruptorum
2494 4181 2511 4209 ‚
2559 4152 2600 4197 a
2647 4131 2941 4199 clamori-

558 4244 679 4310 bus
724 4260 943 4309 eorum
991 4238 1103 4323 qui
1146 4258 1273 4304 non
1315 4239 1618 4304 emercati
1665 4234 1912 4303 essent?
1974 4236 2434 4325 Intellegerem
2479 4258 2510 4302 s
2530 4259 2788 4327 egreg·
2809 4238 2940 4305 ati.
