3150 5000
532 315 661 384 126
1446 337 1533 385 An
1578 337 1977 386 rnonronmr.

527 527 738 570 amore
781 507 1164 593 imperiosus.
1236 505 1372 570 Eas
1416 527 1523 590 eqo
1570 506 1876 569 orationes
1919 503 2134 568 ambas
2179 525 2316 567 cum
2360 505 2579 570 dextra
2623 503 2908 588 laevaque

525 635 719 676 manu
764 635 900 678 mea
941 625 1243 697 qestarem
1261 659 1278 689 ,
1325 611 1600 699 amplior
1647 613 1796 676 cett.

618 715 745 782 Pro
798 718 1009 783 ambos
1054 717 1458 783 scribendum
1503 717 1827 781 amicos.
1900 713 2024 780 Ina
2061 737 2222 804 prae
2269 737 2511 789 amore,
2559 734 2722 799 quae
2770 733 2904 780 con·

526 824 895 909 gruentiam
954 827 1019 888 et
1076 821 1527 908 aequalitatem
1574 823 1642 886 in
1691 823 2018 886 contrariis
2059 822 2224 885 mire
2269 820 2530 885 turbent
2546 867 2563 897 ,
2612 841 2730 886 suo
2775 819 2910 884 loco

526 928 919 993 restituenda
976 933 1146 993 sunt.
1230 927 1527 1015 Legerim
1593 929 1800 1014 igitur
1859 949 1961 991 eas
2009 949 2116 1012 eqo
2161 923 2468 992 orationes
2513 927 2732 991 ambas
2777 951 2910 992 cum

519 1036 720 1122 pari
761 1055 973 1100 amore
1016 1036 1239 1100 dextra
1282 1033 1569 1120 laet-aque
1612 1057 1807 1098 manu
1851 1055 1986 1098 mea
2029 1045 2351 1118 gestarem.

618 1228 836 1296 ΕΡΙΒΤ.
900 1231 963 1309 1,
1019 1248 1080 1296 1‘.
1150 1229 1277 1298 124
1332 1234 1513 1318 quasi
1551 1231 1973 1318 phrenitis
2017 1232 2266 1297 morbus
2311 1231 2600 1318 quibus
2643 1231 2913 1318 implici-

528 1347 629 1400 tus
672 1349 816 1415 est,
872 1336 1075 1402 aliena
1119 1337 1456 1424 eloquentes
1500 1339 1966 1425 imperitabant.

619 1439 815 1508 Recte
879 1443 1115 1508 dicitur
1172 1442 1472 1528 implicor
1530 1443 1785 1520 morb0‚
1852 1463 1902 1509 s.
1963 1445 2030 1506 in
2096 1442 2393 1508 morbum
2412 1489 2429 1519 ,
2483 1461 2605 1507 non
2655 1441 2915 1507 morbus

528 1549 697 1614 mihi
763 1547 1154 1634 implicatur.
1262 1547 1526 1637 Corrige
1599 1551 1781 1636 quasi
1833 1549 2217 1636 phrenesi
2260 1550 2534 1635 quivis
2579 1547 2914 1634 implicitus

528 1667 748 1720 esset.
823 1651 1070 1720 Codex:
1136 1675 1230 1740 pr.
1294 1675 1384 1718 m.
1422 1655 1706 1742 pho-etis.-
1755 1674 1872 1720 sec.
1929 1675 2016 1719 m.
2059 1654 2393 1741 phrenetis.
2464 1652 2809 1718 Phrenesis
2855 1657 2912 1715 et

530 1760 840 1844 phrenitis
898 1761 1158 1845 perinde
1218 1761 1472 1826 dicitur.
1560 1760 1859 1845 Ineptum
1923 1760 2430 1826 additamentum
2478 1760 2734 1824 morbus
2779 1756 2914 1822 ludi

530 1867 843 1952 magistro
888 1865 1173 1932 debetur.
2469 1877 2477 1886 ‘

622 2060 838 2128 ΕΡΙΒΤ.
907 2064 967 2141 1,
1030 2080 1089 2128 P.
1161 2061 1293 2128 126
1351 2063 1634 2128 litterae.
1661 2110 1674 2127 .
1709 2110 1725 2126 .
1753 2110 1769 2126 .
1829 2064 2028 2128 breves
2073 2086 2176 2128 nec
2219 2063 2417 2128 ullam
2462 2085 2676 2128 rerum
2717 2073 2912 2148 qesta-

534 2191 679 2232 rum
725 2171 1327 2256 expeditionem
1374 2172 1763 2235 continentes.

626 2273 843 2339 Immo
894 2295 1043 2340 vero
1089 2277 1706 2362 expositionem.
1757 2271 1855 2341 Cf.
1905 2281 2070 2342 auct.
2118 2275 2197 2341 ad
2244 2275 2524 2341 Herenn.
2574 2274 2640 2352 I,
2694 2273 2736 2340 3
2785 2293 2914 2339 nar·

534 2377 696 2444 ratio
746 2386 811 2444 et
858 2399 1072 2445 rerum
1118 2387 1446 2467 gestarum
1495 2382 1828 2466 expositio.

628 2576 844 2644 ΕΡῙΒΤ.
897 2580 957 2663 1,
1006 2596 1065 2644 P.
1117 2576 1246 2645 128
1294 2579 1389 2645 his
1438 2592 1494 2645 te
1534 2580 1837 2659 consiliis,
1887 2580 2280 2668 Imperator,
2319 2605 2362 2646 a
2391 2582 2610 2668 prima
2641 2578 2916 2667 pueritia

535 2698 645 2751 tua
689 2708 813 2751 non
856 2688 1123 2751 circus
1160 2687 1445 2773 profecto
1490 2708 1594 2751 nec
1639 2686 1866 2765 lorica,
1911 2689 2019 2753 sed
2061 2687 2209 2753 libri
2249 2700 2307 2753 et
2345 2687 2704 2753 litterarum
2745 2685 2916 2749 disci·

528 2791 713 2879 plina
756 2790 1104 2856 inbuebant.

626 2894 863 2961 Malim
906 2918 1031 2962 non
1074 2898 1388 2985 clipeus
1426 2923 1500 2986 p.
1548 2920 1654 2963 nec
1706 2900 1915 2965 lorica.

630 3070 789 3138 IBm.
850 3076 1073 3139 milites
1134 3074 1498 3141 Antiochiae
1543 3080 1798 3143 adsidue
1835 3080 2131 3166 plaudere
2177 3080 2574 3144 histrionibus
2622 3079 2917 3151 consueti,

537 3180 782 3265 saepius
830 3180 897 3243 in
942 3201 1252 3245 nemore
1297 3184 1523 3247 vicinae
1564 3206 1792 3267 ganeae
1838 3208 2026 3271 quam
2072 3186 2181 3249 sub
2227 3187 2418 3269 signis
2465 3185 2684 3251 habiti.

629 3284 755 3348 Pro
816 3286 1031 3368 inepto
1086 3307 1328 3350 nemore
1374 3290 1618 3374 corrige
1663 3291 1968 3354 nidore.
2043 3287 2142 3355 Cf.
2193 3286 2325 3356 Cic.
2375 3292 2444 3353 in
2495 3290 2620 3355 Pis.
2678 3291 2720 3357 6
2767 3310 2916 3377 peu-

536 3387 732 3473 lisper
776 3392 1074 3453 stetimus
1120 3394 1186 3453 in
1232 3388 1348 3456 illo
1392 3414 1740 3479 genearum
1791 3402 2048 3459 tuarum
2099 3396 2338 3459 nidore.

630 3570 794 3635 Ilm).
859 3572 1271 3636 huiuscemodi
1312 3574 1536 3637 milites
1579 3576 1796 3660 quibus
1843 3577 2122 3661 imperiis
2167 3580 2500 3642 contineres
2548 3592 2608 3642 et
2655 3582 2746 3643 ad
2780 3578 2924 3663 sru-

532 3700 669 3761 9em
728 3691 909 3764 atque
970 3678 1349 3742 industriam
1402 3692 1768 3743 converteres
1787 3730 1804 3761 ‚
1858 3704 2053 3745 nonne
2100 3694 2155 3746 te
2201 3680 2584 3748 Hannibalis
2647 3685 2882 3747 dui-itia
2901 3727 2917 3753 ,

538 3780 840 3867 Africani
873 3784 1199 3868 disciplina
1218 3829 1235 3864 ,
1276 3782 1512 3847 Metelli
1544 3786 1822 3870 exempla
1859 3786 2134 3850 historiis
2163 3791 2519 3874 perscripta
2571 3792 2918 3854 docuerunt.

632 3884 752 3949 Vix
802 3886 1025 3951 dubito
1072 3887 1226 3969 quin
1272 3888 1547 3971 exempla
1595 3898 1964 3974 corruptum
2014 3894 2118 3955 sit.
2192 3892 2366 3971 Quae
2415 3914 2566 3958 vera
2613 3898 2702 3958 sit
2739 3892 2922 3959 lectio

542 3987 857 4055 affirmare
916 4009 1039 4053 non
1100 3990 1328 4054 ausim.
1412 3991 1718 4056 Extrema
1778 3996 1846 4058 in
1909 3994 2149 4060 milites
2193 4000 2498 4063 severitas
2543 4008 2611 4063 et
2659 4000 2918 4065 saevitia

543 4094 618 4173 Q.
682 4092 935 4157 Metelli
998 4094 1392 4159 Macedonici
1452 4100 1702 4181 saepius
1757 4100 1836 4162 ab
1883 4100 2199 4166 historicis
2247 4116 2752 4171 commemorata
2797 4112 2918 4183 est3

542 4198 623 4263 cf.
670 4196 811 4262 val.
858 4197 1035 4261 Max.
1082 4198 1173 4263 II.
1226 4197 1285 4263 7.
1340 4200 1454 4277 10;
1506 4201 1845 4267 Frontinus
1893 4204 2273 4291 Strategem.
2324 4208 2442 4272 IV.
2501 4211 2559 4273 1.
2611 4210 2725 4276 23.
2777 4212 2924 4277 Per·

543 4320 759 4387 peram
825 4300 1043 4365 Maius
1096 4302 1489 4369 existimavit
1537 4306 1613 4385 Q.
1661 4306 2001 4373 Metellum
2049 4310 2468 4377 Numidicum
2521 4315 2582 4378 h.
2637 4314 2684 4381 1.
2738 4318 2916 4383 Fron·

543 4412 759 4471 tonem
808 4407 1140 4492 cogitasse.
