3150 5000
1238 715 1383 806 AD
1440 715 2073 808 CICERONEM.

1502 940 1812 970 *-

548 1093 642 1159 De
700 1093 797 1158 Re
856 1092 1108 1178 publica
1170 1092 1261 1177 11,
1330 1091 1438 1176 29,
1490 1091 1595 1156 51.
1675 1090 1883 1172 Quare
1928 1094 2135 1178 prima
2187 1095 2274 1158 sit
2321 1093 2477 1159 haee
2528 1094 2736 1162 forma
2785 1099 2858 1161 et

457 1203 695 1286 species
742 1205 806 1265 et
852 1203 1034 1288 origo
1079 1201 1375 1285 tyranni,
1423 1201 1684 1264 inventa
1725 1197 1907 1264 nobis
1952 1201 2020 1263 in
2068 1209 2142 1264 ea
2191 1219 2258 1265 re
2303 1197 2564 1285 publica
2583 1249 2603 1286 ‚
2649 1220 2850 1286 quam

454 1307 779 1394 auspicato
824 1304 1141 1373 Romulus
1186 1304 1571 1388 condiderit,
1619 1325 1744 1371 non
1783 1306 1850 1370 in
1887 1303 2003 1371 illa
2020 1355 2038 1390 ,
2081 1326 2275 1391 quam
2303 1291 2342 1383 ‚⁸
2361 1309 2435 1374 ut
2473 1307 2850 1392 perscripsit

458 1412 647 1482 Plato
664 1460 682 1491 ,
730 1413 855 1479 sibi
900 1413 1035 1498 ipse
1082 1411 1368 1478 Socrates
1406 1412 1791 1496 peripatetico
1839 1410 1952 1477 illo
1994 1413 2064 1476 in
2107 1431 2393 1478 sermone
2441 1412 2716 1498 depinxe
2737 1413 2848 1478 rit.

546 1519 932 1606 Bernaysius
969 1518 1249 1585 Hermae
1293 1517 1425 1584 Vol.
1461 1517 1575 1597 111,
1617 1515 1748 1582 315
1791 1515 2054 1604 (1869):
2106 1517 2310 1596 „Dass
2335 1521 2439 1584 ein
2463 1518 2854 1585 sokratisch·

457 1624 880 1712 platonischer
926 1624 1159 1713 Dialog·
1204 1624 1666 1690 nimmermehr
1704 1626 1806 1690 ein
1845 1625 2385 1711 peripatetischer,
2429 1625 2488 1691 d.
2516 1625 2582 1691 h.
2625 1628 2852 1692 aristo·

456 1731 787 1810 telischer,
835 1737 1116 1820 genannt
1164 1732 1410 1798 werden
1454 1729 1693 1797 konnte
1712 1778 1730 1811 ,
1769 1731 2039 1798 braucht
2079 1731 2247 1797 wohl
2287 1752 2410 1797 nur
2445 1737 2676 1820 gesagt
2713 1731 2852 1798 und

455 1839 637 1906 nicht
688 1841 902 1906 weiter
949 1841 1260 1906 bewiesen
1305 1860 1385 1903 zu
1432 1839 1701 1905 werden.
1765 1838 1836 1903 In
1885 1839 2029 1904 dem
2073 1838 2459 1924 Palimpsest
2497 1839 2850 1905 erkannten

460 1946 563 2012 die
627 1945 1110 2013 verschiedenen
1171 1943 1588 2033 Vergleicher
1633 1943 1927 2032 folgende
1973 1943 2182 2032 Ziige:
2229 1943 2848 2012 PERIPEATETO.

459 2053 658 2122 Darin
724 2053 885 2140 liegt
956 2052 1275 2138 bipertito.
1348 2049 1773 2117 Bekanntlich
1836 2051 1977 2116 sind
2039 2051 2140 2116 die
2201 2051 2473 2138 Dialoge
2535 2051 2848 2130 Politeia,

462 2158 791 2236 Timaeos,
860 2155 1107 2224 Kritias
1166 2159 1345 2224 nicht
1405 2164 1534 2223 erst
1582 2177 1704 2224 von
1751 2162 2040 2243 spiioeren
2087 2156 2610 2224 Grammatikern
2636 2208 2652 2232 ,
2701 2179 2846 2224 son-

463 2267 615 2332 dem
675 2286 801 2332 von
836 2264 1093 2330 ·P1aton
1140 2264 1335 2330 selbst
1381 2285 1460 2330 zu
1508 2265 1681 2329 einer
1725 2262 2010 2351 Trilogie
2056 2263 2420 2330 verbunden
2467 2264 2598 2329 und
2647 2263 2848 2331 sollen

458 2375 528 2439 in
586 2372 697 2438 der
760 2371 929 2437 That
996 2391 1117 2436 nur
1179 2372 1281 2436 ein
1350 2372 1626 2457 einziges
1689 2370 1756 2434 in
1813 2370 1948 2436 drei
1993 2368 2216 2436 'rhene
2263 2369 2671 2437 zerfallendes
2717 2367 2846 2438 Ge-

474 2479 703 2568 spriich
750 2476 1022 2546 bilden.''

552 2586 751 2653 Recte
796 2586 1183 2672 Bernaysius
1228 2590 1445 2652 monet
1482 2584 1648 2650 illud
1689 2586 2069 2671 peripatetico
2116 2584 2463 2652 absurdum
2510 2606 2662 2652 esse.

553 2692 735 2773 Quod
804 2697 1019 2759 tamen
1093 2692 1429 2757 substituit
1497 2692 1837 2775 tripartito,
1907 2692 1976 2757 id
2035 2691 2192 2757 duas
2255 2692 2333 2757 ob
2398 2712 2618 2758 causas
2679 2692 2840 2757 mihi

364 2806 374 2816 “
460 2799 718 2885 quidem
782 2797 907 2864 huc
966 2817 1091 2863 non
1153 2798 1458 2883 quadrare
1520 2798 1794 2863 videtur.
1867 2796 2008 2862 Una
2055 2802 2184 2880 est,
2233 2798 2400 2883 quod
2445 2797 2614 2863 nihil
2660 2798 2843 2865 video

464 2926 588 2992 quo
635 2901 854 2971 Cicero
900 2905 1146 2969 moveri
1192 2905 1475 2988 potuerit
1522 2908 1596 2968 nt
1642 2904 1761 2969 hoc
1806 2905 2213 2987 potissimum
2259 2903 2397 2970 loco
2444 2907 2840 2990 tripartitum

464 3010 811 3098 appellaret
858 3010 1209 3097 dialogum.
1259 3008 1478 3076 Altera
1498 3058 1515 3092 ,
1558 3009 1725 3095 quod
1764 3013 1832 3075 in
1861 3010 2232 3093 peripateato
2271 3015 2336 3075 et
2375 3011 2688 3095 tripartito
2726 3031 2846 3076 non

464 3140 539 3185 ea
600 3124 697 3183 est
756 3115 1114 3183 similitudo
1179 3117 1527 3191 ductuum,
1578 3117 1744 3181 unde
1789 3117 2174 3181 confusionis
2220 3136 2407 3182 causa
2452 3122 2644 3202 atque
2686 3120 2844 3183 ratio

463 3224 804 3311 perluceat.
876 3221 1025 3289 Mea
1088 3224 1400 3289 sententia
1467 3219 1686 3288 Cicero
1757 3202 2036 3307 scripsit:
2113 3230 2844 3300 ΠΕΡΙΠΟΛΙΤΕΙΩΝ,

464 3350 624 3415 quae
694 3328 1001 3395 vocabula
1070 3348 1296 3415 graeca
1365 3326 1585 3393 latinis
1653 3326 1887 3392 litteris
1948 3348 1984 3393 a
2043 3326 2303 3394 librario
2363 3334 2618 3395 exarata
2680 3334 2846 3395 sunt.

462 3434 633 3502 Hinc
695 3455 883 3500 error.
948 3430 1167 3500 Cicero
1226 3434 1382 3498 duas
1430 3453 1790 3498 memorans
1837 3454 1936 3499 res
1982 3433 2297 3519 publicas,
2351 3455 2586 3521 „quam
2635 3436 2848 3521 auspi-

464 3547 602 3607 cato
646 3540 963 3607 Romulus
1008 3539 1420 3616 condiderit”,
1471 3546 1536 3605 et
1587 3559 1821 3624 „quam
1879 3538 2161 3605 Socrates
2223 3540 2647 3627 depinxerit”,
2711 3544 2850 3629 agit

460 3648 566 3712 hic
613 3647 689 3711 de
735 3647 977 3731 forma,
1026 3649 1230 3732 specie
1280 3652 1343 3711 et
1392 3648 1639 3733 origine
1687 3647 1962 3731 tyranni.
2013 3644 2234 3731 Plato,
2283 3666 2474 3731 quem
2522 3645 2746 3715 Cicero
2779 3650 2850 3713 in

464 3759 596 3818 toto
673 3773 786 3818 suo
865 3773 1049 3839 opere
1119 3759 1441 3819 auctorem
1515 3752 1778 3837 habuit,
1850 3755 2044 3819 etiam
2115 3755 2229 3818 ubi
2299 3754 2486 3820 aliter
2549 3777 2651 3822 res
2717 3776 2850 3822 sese

461 3859 693 3927 habere
740 3859 1026 3938 videtur,
1087 3859 1165 3925 de
1210 3860 1438 3925 iisdem
1492 3858 1680 3923 rebus
1719 3860 1858 3946 agit
1894 3861 1962 3923 in
1999 3860 2161 3924 libro
2199 3880 2361 3925 nono
2399 3860 2517 3927 Rei
2559 3862 2850 3947 publicae

462 3986 650 4050 suae,
698 3966 811 4031 ubi
858 3964 1143 4051 loquitur
1186 3965 1321 4046 περὶ
1372 3970 1710 4031 πολιτειῶν.
1779 3964 1851 4029 Id
1899 3966 2111 4051 ipsum
2158 3963 2524 4033 Ciceronem
2571 3968 2850 4033 indicare

463 4070 743 4139 voluisse
790 4073 1111 4137 existima.
1500 4144 1511 4153 .

550 4178 847 4245 Πολιτεία.
869 4225 886 4257 ,
944 4180 1229 4245 civitatis
1295 4175 1742 4265 gubernandae
1803 4178 1996 4255 ratic,
2063 4175 2261 4244 latine
2322 4180 2449 4243 nisi
2511 4198 2622 4263 per
2681 4180 2848 4265 peri-

463 4286 719 4371 phrasin
767 4285 941 4351 reddi
987 4285 1223 4370 nequit.
2323 4284 2411 4350 H.
2459 4282 2668 4351 WAS.
