3150 5000
1299 237 1725 286 mmmm.
2568 212 2696 280 321

407 402 585 469 Ferri
653 423 776 467 non
848 403 1034 469 debet
1104 403 1269 488 quod
1340 403 1421 469 de
1486 401 1790 470 sacrificio
1846 402 2127 490 legimus
2188 422 2240 465 c.
2308 397 2430 464 53:
2492 389 2520 462 ὃ
2568 396 2697 464 δέον

310 510 551 587 ἅπαν
574 515 815 587 αγεῖν
878 511 984 574 οὐκ
1031 508 1407 587 ἀπέπεμπον
1456 508 1866 589 Ἐπιδαύριοι·
1914 508 2082 573 nihil
2127 509 2279 574 novi
2325 507 2700 572 convenien-

309 618 449 681 tius
512 636 704 702 quam
769 617 865 680 ἐπ
885 641 903 681 ι
923 631 1065 682 τελ
1085 624 1235 695 εῖν,
1302 615 1411 682 sed
1472 615 1589 681 alii
1647 617 1949 682 iudicent.
2023 614 2255 680 Itidem
2305 613 2476 680 haud
2532 618 2704 678 certa

311 725 618 789 correctio
674 743 728 788 c.
778 721 899 788 60:
948 723 1051 787 καὶ
1099 725 1153 788 οἱ
1200 723 1315 800 μὲν
1367 727 1578 788 ταῦτα
1627 721 1902 794 εἰπόντες
1949 761 2033 772 -
2085 717 2338 796 εἷπον,
2377 720 2493 785 ubi
2537 717 2705 784 nihil

308 829 551 895 melius
594 831 880 894 invenire
924 833 1107 915 potui
1155 851 1344 915 quem
1396 830 1506 894 ἀπ
1527 837 1560 905 ἥ
1581 830 1786 895 λθον.
1834 825 1989 914 Cep.
2041 827 2126 894 62
2171 826 2360 913 plane
2405 846 2705 910 superva-

314 956 509 1001 canea
555 935 748 1002 verba
792 941 976 1001 sunt:
1024 931 1116 1000 ὅτι
1164 937 1271 1001 οὐκ
1318 936 1417 1000 ἐπὶ
1464 937 1738 1015 Λέπρεον
1776 934 2188 1017 ἐψηφίσαντο.
2238 931 2392 1019 Cap.
2417 931 2504 998 63
2543 933 2704 1020 Agis

314 1063 426 1107 rex
491 1041 866 1127 proditionis
926 1042 1342 1109 insimulatus
1401 1042 1688 1128 postulat
1749 1046 1823 1107 ut
1882 1041 1958 1108 ad
2008 1040 2254 1107 bellum
2302 1039 2706 1104 dimittatur:

316 1147 474 1232 ἔργῳ
538 1148 663 1228 γὰρ
726 1149 943 1230 ἀγαθῷ
1002 1150 1395 1230 ρύσεσθαι
1442 1149 1561 1221 τὰς
1610 1148 1820 1220 αἰτίας
1867 1147 2326 1227 ςρατευόμενος.
2376 1144 2506 1210 Hic
2551 1146 2706 1210 satis

315 1261 567 1322 constet
610 1255 893 1336 ῥύσεσθαι
940 1275 1075 1321 esse
1120 1260 1530 1341 corruptum3
1577 1255 1687 1321 sed
1735 1254 1889 1338 quid
1933 1251 2134 1320 latet?
2191 1251 2539 1338 corrigunt
2576 1251 2708 1315 fere

316 1365 447 1426 viri
494 1363 661 1427 docti
708 1361 1005 1427 λύσεσθαι
1052 1361 1158 1429 vel
1207 1361 1670 1446 ἀπολύσεσθαι,
1715 1381 1830 1427 nec
1875 1359 2240 1447 negandum
2278 1359 2398 1424 hoc
2435 1355 2706 1422 verbum

316 1468 766 1556 Thucydidem
830 1488 1057 1554 ponere
1104 1469 1389 1554 potuisse
1408 1453 1453 1554 ς’
1476 1469 1587 1534 sed
1635 1473 1811 1534 estne
1860 1467 2015 1532 satis
2065 1464 2366 1533 credibile
2411 1469 2544 1528 tem
2595 1464 2709 1526 tri-

316 1581 463 1641 tum
523 1575 794 1641 verbum
859 1576 953 1640 ita
1012 1577 1334 1660 corrumpi
1396 1577 1716 1660 potuisse,
1765 1578 1840 1637 ut
1884 1571 2062 1639 fieret
2108 1568 2434 1653 ῥύσεσθαιῗ
2482 1569 2708 1646 Latet,

316 1681 443 1746 nisi
512 1680 734 1765 fallor,
805 1680 1049 1766 aliquid
1113 1682 1425 1766 exquisite
1487 1681 1734 1744 dictum
1755 1727 1770 1754 ,
1837 1677 2010 1762 quod
2071 1676 2432 1743 cuiusmodi
2478 1675 2704 1752 fuerit,

317 1809 445 1854 non
509 1787 710 1853 habeo
754 1807 868 1871 pro
917 1792 1086 1851 certo
1135 1787 1341 1852 dicere
1361 1835 1377 1864 ,
1424 1785 1533 1851 sed
1579 1787 1964 1872 perscribere
2009 1787 2194 1848 iuvat
2240 1783 2391 1868 quid
2437 1783 2712 1848 coniece-

320 1896 483 1959 rim:
536 1891 690 1973 ἔργῳ
736 1894 864 1971 γὰρ
911 1891 1533 1972 ἀποδράσεσθαι
1583 1891 1701 1963 τοὶς
1748 1891 1978 1960 αἰτίας.
2047 1888 2172 1955 Sed
2219 1887 2429 1954 multo
2474 1888 2712 1952 certius

324 2005 422 2065 est
484 1999 725 2084 aliquid
788 1999 1095 2065 excidisse
1157 2020 1210 2062 c.
1262 1997 1369 2078 65,
1436 2000 1547 2063 ubi
1606 1998 1682 2063 de
1727 2018 1890 2082 aqua
1937 2016 2142 2062 sermo
2189 1994 2299 2072 fit,
2345 1993 2479 2072 περὶ
2529 1989 2710 2071 οὗπερ

326 2142 411 2155 —-
460 2113 777 2182 Μαντινῆς
827 2106 931 2170 καὶ
981 2109 1313 2183 Τεγεᾶται
1364 2109 1905 2188 πολεμοῦσιν,
1968 2123 2117 2167 nam
2169 2101 2338 2186 quod
2384 2103 2452 2165 in
2495 2097 2712 2166 oeulos

323 2213 630 2296 incurrit,
678 2211 1101 2297 supplendum
1152 2218 1248 2278 est
1296 2211 1481 2296 (ἀεὶ)
1529 2213 2060 2288 πολεμοῦσιν.

416 2455 707 2524 Multum
772 2457 955 2522 torsit
1013 2457 1388 2541 interpretes
1450 2455 1618 2542 quod
1662 2455 1907 2542 legitur
1956 2453 2041 2521 V.
2093 2449 2216 2520 66:
2265 2451 2593 2533 μαλιςα
2641 2451 2711 2529 δὴ

325 2562 803 2640 Λακεδαιμόνιοι
870 2564 928 2635 ἐς
994 2560 1021 2626 ὃ
1089 2563 1469 2641 ἐμέμνηντο,
1538 2564 1600 2626 ἐν
1647 2561 1841 2644 τούτῳ
1890 2563 1974 2643 τῷ
2021 2562 2204 2643 καιρῷ
2256 2559 2712 2639 ἐξεπλάγη-

328 2688 495 2736 σαν.
542 2670 759 2755 Ipsum
809 2668 1021 2735 locum
1068 2671 1123 2733 si
1163 2670 1543 2753 inspexeriS,
1589 2668 1652 2733 id
1694 2667 1880 2733 facile
1920 2688 2146 2733 verum
2187 2689 2322 2734 esse
2366 2669 2712 2751 comperies

329 2778 495 2864 quod
542 2774 903 2843 Classenius
948 2776 1197 2841 scribit:
1276 2774 1335 2839 V
1324 2799 1400 2838 on
1449 2776 1634 2839 ciuem
1681 2775 2020 2839 Datamen
2068 2776 2210 2838 oder
2256 2774 2421 2837 einer
2467 2773 2714 2836 Bestio‘r·

325 2908 480 2967 zunq
526 2886 633 2949 der
680 2883 1147 2947 Lakedcimonier
1192 2883 1354 2946 kann
1399 2883 1531 2946 hier
1581 2882 1914 2963 unmb'qlich
1962 2881 2062 2944 die
2109 2880 2276 2945 Rede
2315 2881 2465 2944 sein.
2513 2878 2711 2965 Offen-

330 2995 437 3057 bar
497 2991 776 3055 berichtet
840 2990 1022 3055 Tkuk.
1078 2990 1186 3053 das
1233 2990 1529 3070 Folyende
1576 2990 1672 3051 als
1717 2987 1816 3051 ein
1861 2988 2170 3051 besonders
2217 2987 2714 3067 aueqezeichnetee

328 3098 605 3181 Beispiess
646 3098 809 3161 ihrer
857 3097 1181 3179 trefflichen
1227 3096 1660 3159 militc‘irisehen
1720 3094 2146 3177 Orqanisation
2165 3142 2180 3171 ,
2231 3093 2361 3157 und
2401 3094 2510 3156 das
2557 3114 2715 3156 muas

328 3207 397 3269 in
459 3206 585 3268 dem
649 3204 817 3267 Satze
873 3202 1121 3279 μάλιςοι
1187 3201 1256 3276 δή
1276 3250 1295 3285 ,
1344 3202 1493 3277 ser-5„
1542 3202 1719 3265 sehon
1765 3200 2222 3284 ausqeeprochen
2267 3200 2396 3263 sein
2417 3246 2434 3275 ,
2482 3198 2563 3261 da
2609 3198 2716 3261 der

330 3310 689 3376 Fortschritc
737 3308 839 3373 διὰ
888 3306 1203 3388 βραχείας
1248 3307 1373 3387 γάρ
1413 3307 1537 3371 sich
1576 3306 1671 3371 ale
1709 3308 2108 3391 Auffic‘hrunq
2145 3308 2336 3369 davon
2361 3303 2712 3385 aukandiqt.

330 3415 637 3502 Sequitur
681 3416 893 3481 locum
934 3417 1206 3499 pessime
1246 3420 1616 3499 corruptum
1658 3433 1790 3478 esse
1830 3413 2022 3498 idque
2046 3432 2266 3478 omnes
2292 3412 2714 3477 consentiunt.

334 3522 641 3608 Campius
687 3544 799 3607 pro
848 3519 1292 3599 ἐξεπλάγησαν
1339 3522 1612 3585 correxit
1658 3517 2052 3601 ἐξεφάνησαν
2099 3524 2164 3583 et
2205 3515 2582 3583 admirabile
2621 3520 2718 3581 est

329 3629 649 3695 infelicem
715 3626 1252 3714 suspiciunculam
1312 3627 1435 3711 ipsi
1503 3625 1830 3691 Meinekio
1891 3627 2173 3711 potuisse
2225 3624 2477 3709 probari
2498 3670 2515 3699 ,
2562 3643 2715 3688 nam

334 3736 623 3801 Stshlius
692 3740 857 3799 recte
926 3736 1189 3821 negavit
1258 3730 1606 3819 significari
1675 3731 1829 3797 haec
1896 3752 2110 3817 posse:
2173 3731 2260 3793 sie
2320 3730 2544 3811 zeiqffen
2589 3728 2717 3793 sich

334 3844 498 3907 mehr
559 3844 713 3906 deun
757 3842 978 3925 jemals
1036 3842 1131 3903 als
1193 3839 1674 3903 Lacedlimonier.
1726 3836 2102 3925 Madvigius
2149 3839 2460 3901 tentavit:
2510 3848 2718 3901 Λακε-

335 3950 675 4026 δαιμονίους
750 3986 829 3996 —-
894 3945 1377 4024 ἐξεπλάγησαν,
1449 3944 1595 4029 sed,
1655 3951 1729 4009 ut
1790 3943 1918 4009 elia
1981 3949 2264 4020 taceam,
2311 3964 2479 4009 nunc
2522 3942 2715 4009 verbo

334 4056 637 4121 idoneum
700 4055 1055 4140 subjectum
1120 4052 1339 4118 deerit.
1390 4049 1677 4116 Stehlius
1717 4049 1972 4115 tandem
2023 4070 2096 4115 eo
2142 4051 2465 4135 pervenit,
2514 4053 2590 4113 ut
2628 4046 2718 4112 la-

338 4182 568 4228 cunam
632 4166 939 4227 statueret
999 4166 1144 4245 post
1205 4156 1650 4234 ἐξεπλάγησαν
1711 4161 1776 4221 et
1834 4154 2187 4241 suppleret:
2257 4151 2415 4231 ὅμως
2484 4154 2546 4218 δὲ
2610 4152 2713 4216 διὰ

337 4268 576 4351 τάχους
640 4272 719 4339 ὥς
780 4268 840 4337 ἐς
886 4268 1113 4345 μάχην
1160 4262 1694 4340 humaz-nemu,
1741 4262 1850 4327 sed
1900 4260 2054 4327 haec
2098 4260 2333 4326 ultima
2378 4259 2539 4324 ratio
2585 4262 2716 4337 est,

338 4394 530 4462 quam
598 4373 890 4459 equidem
954 4375 1079 4437 nisi
1140 4372 1467 4456 desperata
1516 4390 1584 4435 re
1631 4389 1752 4434 non
1803 4366 2181 4453 amplectar,
2237 4387 2349 4431 nec
2397 4368 2718 4451 praeterea
