3150 5000
512 269 645 338 290
1538 273 1874 340 Amsuvs

515 461 631 522 est.
698 455 919 521 Priora
978 457 1073 520 ita
1117 457 1427 540 corrigere
1473 455 1671 521 uelim
1719 460 1796 520 nt
1837 455 2096 543 legatur
2139 455 2528 539 suspiciosus
2573 459 2789 520 tamen
2837 459 2899 520 et

510 561 871 626 timidus
932 566 1155 647 suopte
1216 563 1474 648 ingenio
1539 541 1667 627 fuit
1713 564 1878 627 etsi
1923 563 2337 628 subamarum
2385 561 2679 627 adridens
2725 561 2898 627 blan-

508 665 811 752 diensque
856 665 1003 732 coll.
1052 665 1185 734 Cic.
1236 666 1414 733 Verr.
1459 665 1543 732 II.
1587 671 1650 733 5.
1695 666 1806 734 29.
1849 667 1971 734 74:
2025 669 2450 746 „conscientia
2487 673 2552 735 te
2589 668 2895 734 timidum

506 774 1050 859 suspiciosumque
1106 772 1433 839 faciebat.”
1479 776 1538 840 A
1585 775 1991 860 sequentibus
2037 795 2266 840 manus
2309 775 2618 840 abstineo.
2665 773 2742 840 Si
2785 795 2898 841 ue-

507 902 655 945 rum
701 888 798 946 est
843 880 1010 966 quod
1058 883 1388 946 annotauit
1432 879 1898 966 Eyssenhardt,
1941 881 2052 958 „id
2086 880 2347 946 autem”
2388 884 2457 946 in
2493 879 2578 946 V.
2629 881 2900 948 secunda

508 1007 705 1052 manu
777 989 1087 1072 scriptum
1152 1007 1319 1072 esse,
1387 989 1671 1054 conicere
1730 991 1930 1073 possis
1991 1008 2128 1053 u.u.
2193 991 2642 1073 „perspicuum
2689 993 2788 1054 est
2833 991 2904 1053 in

509 1093 826 1160 eiusmodi
872 1095 1157 1158 moribus
1207 1092 1451 1159 malum
1498 1099 1641 1160 tum
1689 1097 2005 1172 maxime,
2049 1115 2197 1160 cum
2237 1093 2430 1160 celari
2469 1114 2649 1179 posse
2688 1097 2898 1160 existi-

511 1200 761 1266 matur”
820 1222 858 1267 a
916 1201 1057 1266 ludi
1118 1204 1430 1288 magistro
1488 1201 1646 1268 olim
1693 1204 1763 1266 in
1813 1203 2102 1286 margine
2149 1222 2284 1268 esse
2334 1200 2686 1286 adscripta,
2738 1205 2898 1267 Am-

511 1308 801 1372 mianum
853 1327 1004 1374 uero
1050 1310 1375 1393 scripsisse
1426 1308 1789 1386 „interdum
1809 1358 1826 1392 ,
1875 1313 1951 1372 ut
1997 1313 2276 1385 constat,
2325 1309 2418 1373 ita
2463 1305 2902 1392 inplacabilis”

514 1419 662 1480 cett.
712 1413 984 1480 Videant
1030 1416 1364 1480 acutiores.

608 1625 710 1691 11.
757 1623 821 1691 6.
872 1626 993 1705 „In
1032 1629 1307 1692 summis
1348 1611 1721 1692 diuitiarum
1751 1630 1816 1692 et
1838 1626 2230 1714 dignitatum
2255 1626 2651 1693 culminibus
2675 1628 2907 1693 anxius

514 1739 579 1798 et
622 1731 939 1798 sollicitus
958 1781 976 1816 ,
1024 1732 1291 1818 ideoque
1338 1753 1585 1818 semper
1628 1732 1881 1798 leuibus
1929 1735 2220 1798 morbis
2266 1733 2624 1799 adflictus.”

604 1837 817 1904 'I'ollas
880 1842 1053 1904 ocius
1074 1886 1090 1918 ,
1138 1860 1369 1925 quaeso
1391 1887 1407 1917 ,
1453 1838 1794 1905 ridiculam
1843 1838 2182 1905 lectionem
2231 1840 2545 1906 morbis.
2617 1839 2907 1919 Probus,

513 1945 868 2030 praefectus
914 1949 1225 2031 praetorio
1244 1996 1260 2019 ,
1309 1951 1385 2010 ut
1430 1951 1565 2012 erat
1613 1949 1838 2012 anxius
1885 1951 1950 2011 et
1997 1945 2312 2012 sollicitus
2333 1994 2350 2024 ,
2400 1946 2655 2012 leuibus
2700 1948 2905 2012 nimi-

513 2072 661 2116 rum
706 2050 929 2137 populi
976 2053 1329 2117 motibus
1374 2051 1816 2140 adfligebatur.

610 2267 715 2333 12.
767 2266 828 2335 7.
880 2267 1156 2346 „Multis
1200 2275 1342 2356 post
1380 2271 1535 2336 haec
1572 2270 1744 2336 ultro
1783 2273 2066 2355 citroque
2091 2270 2425 2348 dictitatis,
2453 2270 2908 2356 heiulanteque

516 2374 786 2441 muliere
833 2381 1091 2442 truces
1138 2379 1359 2442 mariti
1404 2378 1689 2442 fortunas
1707 2424 1723 2454 ,
1765 2377 2142 2462 proditionis
2180 2380 2475 2443 acerrimi
2497 2377 2906 2463 conpulsores

511 2485 578 2549 in
625 2482 1127 2572 misericordiam
1173 2482 1321 2549 flexi
1366 2490 1699 2550 mutauere
1744 2482 2152 2549 consilium.'’

604 2588 870 2678 Corrige
943 2590 1361 2662 <a>tr0ces
1425 2590 1646 2655 mariti
1706 2590 2022 2667 fortunas,
2079 2591 2126 2655 i.
2153 2612 2208 2656 e.
2257 2589 2510 2658 acerbas
2528 2637 2546 2669 ,
2592 2588 2905 2657 infelices.

515 2696 611 2763 cf.
662 2695 822 2763 ven.
871 2695 953 2762 11.
1008 2695 1114 2762 15.
1163 2694 1243 2783 23
1295 2695 1399 2761 16.
1449 2696 1511 2761 4.

1424 3150 1628 3215 LIBER
1676 3147 1970 3215 XXVIII.

605 3336 663 3400 1.
732 3332 841 3400 12.
901 3332 1028 3412 „Vt
1073 3336 1518 3421 congeminata
1563 3338 1841 3419 potestas
1889 3381 1951 3398 ..
1977 3380 1994 3397 .
2045 3331 2390 3397 altiores
2436 3332 2902 3397 consarcinaret

513 3460 882 3515 aerumnas,
947 3439 1306 3505 Maximino
1358 3490 1373 3504 .
1405 3490 1417 3503 .
1447 3488 1462 3503 .
1513 3442 1785 3505 sociauit
1843 3439 1922 3505 ad
1986 3438 2140 3503 haec
2201 3437 2670 3524 cog-noscenda,
2736 3458 2903 3523 quae

511 3549 578 3613 in
626 3546 981 3613 multorum
1026 3545 1309 3632 pericula
1356 3548 1782 3623 struebantur,
1833 3545 2109 3611 Leonem
2155 3546 2500 3610 notarium.

602 3652 844 3741 Leges,
893 3674 1158 3739 quaeso,
1208 3654 1561 3718 acriores.

605 3858 664 3923 l.
732 3854 839 3921 22.
894 3854 1285 3942 „Hymetius
1331 3854 1411 3919 ad
1457 3853 1763 3939 oppidum
1813 3853 2043 3917 ductus
2089 3850 2497 3934 Ocriculum,
2547 3850 2906 3917 audiendus

510 3964 589 4029 ab
630 3961 925 4049 Ampelio
1131 3961 1278 4025 data
1316 3962 1438 4025 sibi
1479 3961 1659 4045 copia
1707 3963 2008 4025 rectius
2053 3960 2456 4045 imperatoris
2504 3958 2902 4043 praesidium

512 4068 924 4156 appellauit.'’

602 4174 976 4263 [legendum
1021 4178 1177 4258 puto
1228 4174 1750 4247 <in>tentius.
1802 4171 1874 4236 In
1923 4171 2003 4237 V.
2057 4178 2152 4237 est
2199 4172 2515 4236 tectius.

606 4390 663 4455 1.
716 4386 821 4456 33.
874 4388 1179 4467 „Litteris
1224 4390 1507 4453 recitatis
1553 4389 1648 4452 ita
1695 4387 1882 4452 homo
1935 4386 2101 4451 ferus
2143 4361 2412 4465 exarsit,
2454 4394 2528 4450 ut
2568 4386 2908 4453 machinas
