3150 5000
1134 321 1144 338 .
1182 290 1649 340 Msscsnmnvs.
2468 268 2595 338 251

307 457 388 523 Vt
455 459 648 525 ceteri
721 457 992 524 editores
1061 477 1281 522 omnes
1300 505 1318 540 ‚
1385 458 1480 521 ita
1547 453 1987 542 Eyssenhardt
2036 457 2101 518 et
2151 449 2596 520 Gardthausen

223 584 457 649 quoque
503 570 879 650 spreuerunt
925 563 1264 630 lectionem
1310 561 1464 630 libri
1507 561 1653 627 Vat.
1706 566 1841 626 tan
1864 567 1889 625 t
1909 581 2059 625 um.
2120 558 2378 625 Iniuria.
2428 559 2597 624 Nam

221 671 348 735 sine
394 671 588 737 dubio
635 672 1018 738 Ammianus
1060 671 1315 755 scripsit
1363 668 1472 747 „id
1518 674 1845 734 tantum
1892 670 2170 752 repperit
2230 663 2601 733 salutis.”

223 774 290 840 In
357 798 525 862 seqq.
598 777 1034 864 Eyssenhardt
1093 775 1328 842 maluit
1389 773 1659 840 delirare
1718 795 1867 840 cum
1926 773 2207 840 librariis
2270 773 2599 839 scribendo

219 883 719 970 insperatis,
786 905 980 970 quam
1000 932 1016 962 ,
1067 883 1234 970 quod
1279 882 1432 948 fecit
1483 878 1930 948 Gardthausen
1952 931 1969 964 ‚
2022 878 2275 947 Gelenii
2322 881 2600 946 certissi-

223 1010 390 1055 mam
439 990 946 1058 emendationem
998 993 1494 1075 insperatus
1540 990 1839 1073 recipere.

311 1226 416 1292 10.
465 1225 526 1290 2.
581 1227 707 1303 „Et
752 1229 874 1292 ite
889 1247 922 1290 r
966 1229 1052 1314 ig
1070 1248 1113 1291 n
1129 1246 1168 1292 a
1184 1227 1265 1294 vi
1285 1231 1314 1291 t
1329 1248 1362 1293 e
1377 1248 1411 1291 r
1457 1230 1676 1314 egerat
1713 1232 1961 1311 praeter
1998 1225 2261 1292 solitum
2281 1276 2299 1311 ‚
2340 1231 2414 1291 ut
2454 1225 2605 1292 duc-

221 1337 381 1399 tores
428 1335 680 1399 uiarum
727 1340 1099 1419 praeeuntes
1147 1332 1340 1399 alacri
1387 1332 1593 1420 gradu
1634 1325 1871 1398 ultima
1910 1333 2264 1400 minitando
2288 1335 2606 1400 terreret.”

307 1438 601 1505 Restitue
637 1460 856 1505 ueram
895 1439 1235 1505 lectionem
1270 1445 1376 1518 „et
1413 1442 1437 1503 i
1455 1445 1483 1504 t
1500 1461 1537 1506 a
1575 1442 1599 1503 i
1617 1461 1665 1526 g
1678 1461 1721 1503 n
1738 1461 1775 1504 a
1791 1461 1835 1503 u
1850 1441 1876 1504 i
1894 1445 1968 1504 te
1984 1461 2017 1504 r
2040 1442 2289 1520 <iter>
2316 1449 2532 1527 egerat
2552 1440 2605 1516 ;”

221 1566 263 1609 u
281 1549 307 1610 t
353 1551 500 1612 ante
546 1546 587 1611 d
602 1568 644 1611 u
662 1553 792 1612 cto
808 1568 841 1612 r
857 1567 893 1612 e
908 1567 940 1611 s
983 1545 1522 1632 Eyssenhardtius
1557 1543 1997 1635 neglegenter,
2036 1554 2112 1611 ut
2147 1545 2343 1631 solet,
2368 1548 2609 1612 omisit.
2704 1635 2711 1640 ·

314 1779 416 1845 10.
483 1780 546 1846 6.
620 1782 804 1859 „Hoc
867 1801 1195 1870 progresso
1257 1788 1514 1846 secutus
1575 1782 1891 1847 exercitus
1940 1780 2255 1848 celsarum
2306 1783 2603 1847 arborum

218 1888 558 1954 obsistente
615 1889 919 1953 concaede
965 1889 1058 1953 ire
1102 1889 1390 1972 protinus
1437 1888 1795 1953 uetabatur.
1846 1885 2090 1952 Verum
2140 1908 2252 1972 per
2298 1889 2605 1953 circuitus

218 1991 442 2082 longos
503 2000 569 2060 et
629 1993 940 2060 flexuosos
1003 2000 1271 2060 uentum
1328 1999 1425 2059 est
1473 1993 1732 2059 tandem
1781 1993 1861 2058 ad
1907 1992 2046 2060 loca
2090 2000 2156 2059 et
2199 1997 2296 2059 ira
2343 1997 2609 2081 quisque

223 2101 503 2184 percitus
565 2105 1064 2167 armatorum
1127 2100 1352 2166 urebat
1415 2121 1636 2188 agros,
1696 2120 1927 2185 pecora
1993 2100 2335 2186 diripiebat
2382 2107 2447 2166 et
2491 2102 2611 2166 ho-

224 2207 496 2274 mines.’'
2390 2227 2395 2234 ·

303 2312 526 2400 Inepte
569 2312 812 2401 legitur
856 2319 1392 2379 armatorum.
1443 2311 1647 2379 Sanae
1695 2312 1987 2381 lectionis
2024 2316 2333 2403 uestigia,
2371 2317 2445 2379 ut
2488 2315 2617 2380 fere

221 2438 472 2507 semper
538 2425 604 2484 et
665 2420 769 2484 hic
829 2418 975 2486 Vat.
1040 2419 1351 2498 ostendit,
1400 2423 1467 2484 in
1515 2440 1640 2507 quo
1687 2427 1785 2485 est
1832 2441 2275 2487 armorum.
2346 2419 2619 2508 Scripsit

223 2528 297 2590 A.
347 2530 660 2591 nimirum
714 2529 850 2603 „ira
891 2530 1158 2611 quisque
1205 2529 1483 2611 percitus
1531 2527 2026 2593 morarum.”

316 2760 423 2824 12.
496 2761 600 2826 11.
675 2760 1004 2838 „Duxerat
1062 2761 1348 2845 potior
1393 2781 1541 2826 cum
1593 2760 1815 2826 ceteris
1868 2758 2180 2827 Sarmatis
2233 2764 2429 2828 etiam
2479 2761 2618 2827 Ru-

222 2885 480 2931 monem
558 2917 573 2931 .
602 2916 618 2930 .
648 2918 658 2931 .
691 2914 706 2930 .
782 2866 1216 2952 plurimosque
1286 2868 1630 2951 optimates
1693 2887 1843 2931 cum
1904 2868 2267 2953 inpretandi
2334 2872 2620 2955 specie

223 2972 470 3037 similia
514 2974 888 3057 petituros.’'

311 3078 690 3167 Legendum
759 3081 1114 3165 „pariter
1160 3099 1310 3144 cum
1359 3079 1649 3145 ceteris.”
1714 3080 1788 3144 In
1820 3080 1980 3147 ·Vat.
2028 3086 2125 3147 est
2172 3083 2477 3167 patior.
2531 3121 2619 3131 —

223 3182 660 3270 Eyssenhardt
705 3184 772 3249 in
819 3206 989 3271 seqq.
1038 3186 1366 3251 immerito
1403 3188 1623 3251 reiecit
1650 3188 2159 3254 emendationem
2188 3186 2443 3255 Gelenii
2484 3210 2623 3275 spe

225 3311 336 3374 pro
386 3314 417 3356 s
437 3314 476 3375 p
495 3313 528 3356 e
545 3294 616 3355 ci
638 3313 671 3356 e
719 3294 1074 3357 scribentis.

315 3526 428 3592 12.
483 3526 586 3593 16.
663 3526 1039 3614 „Ingerebat
1101 3534 1316 3594 autem
1364 3550 1431 3594 se
1480 3578 1495 3592 .
1527 3578 1544 3595 .
1579 3580 1592 3594 .
1625 3580 1641 3594 .
1696 3534 2018 3598 maximus
2065 3552 2374 3597 numerus
2428 3538 2627 3599 cater-

222 3652 454 3698 varum
515 3633 967 3700 confluentium
1025 3638 1357 3700 nationum
1405 3648 1470 3702 et
1515 3658 1746 3725 regum
1768 3687 1784 3716 ‚
1832 3640 2242 3726 suspendi
2290 3661 2327 3706 a
2375 3641 2623 3728 iugulis

223 3742 358 3804 suis
426 3739 676 3828 gladios
736 3742 1201 3807 obsecrantium
1261 3747 1600 3829 postquam
1663 3746 2047 3811 Araharium
2113 3750 2350 3833 inpune
2398 3769 2624 3834 coupe-

223 3851 438 3910 rerant
485 3845 926 3911 abscessisse.”

312 3950 536 4036 Inepte
590 3950 833 4040 legitur
900 3956 1320 4039 suspendi.
1389 3956 1848 4051 supplicabant
1914 3960 2228 4025 nimirum
2291 3964 2363 4025 ut
2412 3958 2619 4048 gladii

221 4056 471 4145 iugulis
511 4060 642 4123 suis
686 4061 919 4125 intenti
963 4066 1419 4128 auerterentur.
1465 4062 1756 4131 Ooniicio
1805 4065 1846 4130 d
1865 4086 1957 4153 ep
1975 4064 2124 4131 elli
2172 4066 2314 4132 coll.
2364 4066 2621 4133 XXIX.

227 4161 458 4334 1.115:
511 4165 792 4243 „ferrum
811 4213 828 4243 ,
876 4165 956 4232 ad
1000 4166 1304 4255 iugulum
1351 4190 1545 4257 prope
1599 4170 1896 4237 adactum
1944 4192 1982 4236 a
2028 4171 2454 4257 militaribus,
2512 4173 2622 4239 de-

225 4288 312 4355 pu
345 4270 550 4339 snm.''
