3150 5000
524 290 567 359 2
1518 306 1943 362 meorumue.

518 480 670 557 ylau
715 474 792 543 ὧν
839 481 871 553 ἦ
923 477 1100 552 πόλις
1147 478 1422 543 ἐνεκάλει
1470 478 1575 543 καὶ
1628 478 1726 541 ἐπ’
1770 474 2004 549 ἄλλους
2045 477 2218 553 τινας
2264 484 2379 542 τῶν
2419 482 2791 557 ςρατιωτῶν
2817 476 2935 541 τῶν

482 582 669 663 κμετ’
718 585 909 649 αὐτοῦ
950 585 1385 661 μεμηνυμένων
1436 585 1565 664 περὶ
1616 590 1732 649 τῶν
1783 584 2084 665 μυςηρίων
2127 588 2208 656 ὦέ
2260 584 2683 663 ἀσεβούντων.
2755 583 2943 648 Puti-

526 692 681 759 dum
732 698 827 759 est
874 698 1084 757 totum
1132 691 1449 757 emblema
1494 692 1602 757 sed
1651 694 2022 777 praesertim
2073 692 2340 757 verbum
2387 695 2718 755 ἀποπλεῖν
2763 710 2943 775 pror·

524 820 633 865 sus
682 819 721 865 a
766 797 883 865 tali
930 819 997 863 re
1036 797 1337 864 alienum.
1402 796 1496 863 De
1542 798 1763 863 eadem
1804 818 1870 863 re
1918 798 2250 863 emendate
2295 800 2618 884 scriptum
2673 804 2776 863 est
2833 794 2942 861 VI.

528 902 637 971 61.
681 904 1023 983 πέμπουσιν
1071 903 1223 969 οὕτω
1263 907 1371 980 τὴν
1424 904 1824 983 Σαλαμινίαν
1875 905 1936 976 ἐς
1988 906 2098 979 τὴν
2147 905 2442 970 Σικελίαν
2495 903 2612 969 ἐπί
2659 928 2734 967 τε
2787 903 2948 967 ἐκεῖ·

526 1035 619 1077 νον
684 1011 789 1077 καὶ
856 1006 931 1075 ὧν
988 1004 1119 1090 πέρι
1168 1007 1379 1077 ἄλλων
1426 1012 1792 1089 έμεμήνυτο.
1863 1010 2059 1076 Recte
2107 1011 2343 1077 dicitur
2388 1009 2469 1076 II.
2523 1009 2641 1075 81.
2698 1008 2940 1089 Ἀκαρ-

528 1122 700 1194 viem
753 1156 835 1168 —
892 1117 1065 1200 παρὰ
1145 1119 1465 1197 Φορμίωνα
1529 1114 1805 1193 ἔπεμπον
1871 1116 2222 1191 κελεύοντες
2283 1116 2583 1195 ἀμύνειν,
2649 1134 2942 1199 namque

522 1226 688 1292 nihil
732 1226 909 1291 aliud
955 1230 1051 1291 est
1097 1225 1445 1298 κελεύοντες
1496 1226 1761 1320 ἀμύνειν·
1800 1244 1992 1311 quam
2033 1244 2218 1311 opem
2246 1231 2565 1310 petentes,
2603 1220 2939 1288 auxilium

521 1330 950 1417 implorantes,

616 1438 933 1505 Similiter
972 1437 1085 1503 III.
1143 1436 1292 1503 103.
1348 1436 1410 1503 3.
1470 1440 1946 1519 Ἀμπρακιῶται
1991 1475 2073 1485 -
2118 1435 2464 1513 πέμπουσιν
2537 1436 2647 1501 ἐπὶ
2723 1446 2939 1511 Δημο-

528 1544 698 1619 σθένη
728 1584 813 1594 -
838 1540 997 1616 ὅπως
1046 1544 1262 1626 σφίσιν
1312 1546 1559 1622 ἡγεμὼν
1595 1544 1876 1621 γένηται.
1923 1542 2380 1609 Demosthenes
2415 1543 2594 1608 enim
2621 1540 2746 1607 illo
2771 1547 2937 1606 tem·

528 1671 678 1736 pore
744 1658 877 1716 erat
938 1654 1073 1717 sine
1135 1653 1405 1736 imperio
1466 1653 1773 1736 privatus.
1839 1648 1951 1715 111.
2003 1648 2066 1714 2.
2115 1648 2483 1727 Δημοσθένει
2531 1647 2668 1713 ὄντι
2713 1647 2931 1725 ἰδιώτῃ

513 1758 698 1847 μετὰ.
764 1758 873 1831 τὴν
934 1754 1321 1841 ἀναχώρησιν
1384 1759 1493 1833 τὴν
1554 1757 1624 1835 ἐξ
1686 1756 2118 1836 Ἀκαρνανίας.
2189 1754 2411 1841 Itaque
2460 1756 2928 1820 Ambraciotae

529 1884 677 1929 eum
740 1864 819 1928 ad
879 1885 945 1929 se
1009 1868 1233 1929 vocant
1296 1870 1367 1929 ut
1430 1884 1692 1928 suarum
1757 1865 2082 1949 copiarum
2149 1863 2277 1928 dux
2339 1869 2540 1941 esset,
2596 1862 2656 1927 si
2705 1860 2930 1927 vellet.

528 1967 652 2035 Sed
715 1972 783 2033 in
844 1968 1218 2055 Thucydide
1278 1977 1564 2056 praetore
1625 1968 1814 2056 longe
1862 1969 2113 2034 diversa
2157 1972 2318 2034 ratio
2369 1974 2482 2034 est.
2557 1969 2932 2033 Arcessitur

530 2097 676 2141 cum
740 2078 872 2141 suis
930 2079 1202 2142 navibus
1262 2078 1341 2141 ab
1403 2076 1615 2141 insula
1669 2074 1908 2160 Thas0‚
1959 2082 2034 2139 ut
2079 2076 2285 2160 primo
2334 2094 2582 2159 quoque
2635 2080 2926 2159 tempore

530 2182 695 2249 adsit
762 2184 841 2249 ad
901 2184 1346 2268 imperandum
1400 2190 1463 2248 et
1512 2186 1698 2247 rebus
1744 2182 2231 2246 Atheniensium
2278 2181 2724 2246 laborantibus
2773 2178 2926 2245 sub-

532 2292 781 2365 veniat,
848 2296 913 2354 et
956 2290 1073 2355 hoc
1119 2296 1248 2355 est:
1298 2289 1644 2367 πέμπουσιν
1693 2288 1791 2351 ἐπὶ
1844 2287 1944 2351 τὸν
1993 2289 2305 2365 ςρατηγόν
2352 2293 2467 2351 τῶν
2515 2288 2618 2351 ἐπὶ
2673 2286 2923 2369 Θρᾴκης

534 2395 898 2469 Θουκυδίδην
946 2398 1049 2461 τὸν
1095 2396 1389 2477 Ὀλόρου,
1440 2392 1502 2466 ὃς
1550 2394 1702 2459 τάδε
1748 2392 2156 2473 ξυνέγραψεν.
2207 2394 2274 2458 id
2324 2402 2420 2459 est
2462 2392 2924 2471 μεταπέμπον-

531 2527 638 2568 ται
701 2506 803 2569 τὸν
868 2502 1264 2587 Θουκυδίδην,
1326 2507 1399 2566 ut
1459 2501 1565 2566 IV.
1633 2497 1739 2566 30.
1806 2500 1867 2565 2.
1939 2500 2198 2583 :panau
2246 2498 2685 2583 μεταπέμπων
2735 2496 2925 2585 plane

530 2610 702 2676 idem
742 2614 840 2676 est
888 2608 1055 2694 quod
1102 2607 1361 2686 πέμπων
1408 2607 1509 2672 ἐπὶ
1558 2607 1840 2689 spamam

620 2823 909 2912 Thucyd.
959 2822 1032 2889 V.
1089 2822 1149 2887 1.
1212 2823 1279 2886 αί
1341 2829 1528 2886 ΜΕΝ
1593 2818 1876 2886 ἐνιαύσιοι
1944 2819 2222 2885 σπονδΑῙ
2291 2803 2673 2886 ΔΙελέλυντο
2723 2817 2909 2897 μέχρι

534 2932 763 2996 Πυθίων
813 2929 915 2994 καὶ
966 2930 1025 2992 ἐν
1075 2937 1152 3009 τῇ
1202 2927 1511 3011 ἐκεχειρία
1560 2928 1865 3000 Ἀθηναῖοι
1916 2928 2178 3003 Δηλίους
2230 2927 2537 3002 ὦνέςησαν
2584 2928 2656 2991 ἔκ
2683 2927 2908 3002 Δήλου.

534 3034 851 3104 Graecum
900 3042 995 3101 est
1041 3035 1109 3098 αἱ
1155 3034 1409 3098 σπονδαὶ
1461 3033 1789 3110 λέλυνται,
1840 3033 2004 3099 λύειν
2051 3035 2167 3106 τοὶς
2209 3033 2511 3112 σπονδάς,
2554 3054 2684 3100 non
2711 3026 2912 3097 διαλέ-

536 3157 751 3208 λυνται
802 3147 913 3206 aut
959 3140 1250 3206 διαλύειν.
1312 3138 1704 3222 Praepositio
1753 3145 1902 3204 nata
1948 3147 2043 3204 est
2089 3161 2168 3205 ex
2215 3140 2622 3226 praecedente
2664 3135 2910 3226 syllaba

534 3259 620 3314 Al
671 3255 735 3314 et
780 3245 1207 3333 reponendum
1254 3245 1431 3309 αἱ-
1459 3243 1713 3309 σπονδαὶ
1765 3245 2080 3324 ἐλέλυντο,
2123 3245 2228 3311 sed
2269 3249 2465 3311 etiam
2505 3246 2632 3312 alio
2658 3244 2905 3312 nomine

531 3354 709 3420 locus
748 3352 917 3418 male
956 3353 1210 3417 habitus
1248 3357 1363 3417 est.
1410 3351 1665 3416 Lacuna
1701 3356 1794 3417 est
1835 3354 2002 3418 inter
2042 3351 2326 3417 ἐλέλυντο
2351 3360 2415 3418 et
2439 3353 2624 3437 μέχρι
2655 3350 2894 3419 Πυθίων.

534 3458 810 3526 Voculae
858 3457 971 3537 μέν
1018 3456 1180 3522 nihil
1230 3456 1558 3543 respondet
1604 3463 1668 3522 et
1717 3456 2002 3523 ε’λέλυντο
2051 3457 2239 3540 μέχρι
2287 3459 2517 3525 Πυθίων
2563 3457 2900 3526 absurdum

534 3573 664 3652 est,
711 3587 913 3652 neque
966 3563 1137 3630 ludis
1180 3564 1475 3651 Pythicis
1520 3563 1921 3629 induciarum
1969 3564 2103 3632 dies
2149 3567 2381 3632 exibat.
2435 3567 2564 3634 vid.
2619 3565 2902 3635 Herwer-

540 3671 659 3739 den
702 3673 785 3738 ad
829 3671 895 3738 h.
940 3670 985 3737 1.

626 3776 990 3864 Explendae
1032 3776 1293 3844 lacunae
1340 3775 1519 3842 nulla
1564 3797 1707 3862 spes
1751 3783 2054 3862 superest.

628 3991 915 4078 Thucyd.
960 3989 1032 4056 V.
1081 3990 1140 4055 1.
1186 3987 1562 4068 ἡγησάμενοι
1610 3987 1778 4053 κατα
1829 3989 2113 4054 παλαιάν
2160 4014 2300 4056 τινα
2349 3991 2558 4056 αἰτίαν
2605 3995 2668 4058 ού
2720 3989 2892 4058 καθα·

535 4101 666 4179 ροὺς
728 4096 905 4167 ὄντας
968 4097 1259 4176 ἱερῶσθαι.
1348 4095 1632 4162 Atticam
1695 4094 1942 4161 dicendi
2004 4097 2273 4163 formam
2351 4100 2628 4164 servavit
2691 4096 2902 4164 Aelius

534 4205 881 4291 Dionysius
921 4203 981 4266 ἐν
1019 4211 1143 4275 τοῖς
1170 4207 1477 4272 Ἀττικοῖς
1506 4199 1846 4277 Ὀνόμασιν
1885 4203 2050 4288 apud
2082 4202 2388 4269 Photium
2418 4227 2475 4270 v.
2501 4206 2898 4286 Ἱερῶσθαιτ

540 4312 709 4377 κατα
758 4312 829 4384 δή
876 4333 1012 4374 τινα
1059 4310 1345 4374 παλαιὰν
1393 4307 1624 4374 αἰτίαν.
1653 4306 1984 4384 =Usitatior
2023 4315 2238 4374 tamen
2278 4311 2441 4395 apud
2482 4317 2724 4377 veteres
2759 4310 2904 4374 haec

542 4420 877 4492 verborum
942 4417 1313 4502 compositio
1371 4421 1500 4480 est:
1583 4415 1755 4479 κατὰ
1821 4417 2105 4480 παλαιὰν
2168 4425 2286 4480 ΔΗ
2351 4441 2484 4481 τινα
2543 4417 2782 4502 αἰτίαν,
2843 4415 2903 4474 et
