3150 5000
1189 327 1448 378 oassms
1492 326 1621 377 mo.
2350 260 2355 264 ἶ
2464 305 2596 373 315

239 491 485 568 ὠμότητι
562 490 726 571 ἔδοξέ
809 517 869 558 τι
941 494 1045 557 καὶ
1107 492 1810 574 φιλανθρωπεύσασθαι,
1880 489 1971 556 ὅτι
2042 496 2350 555 Κασιανοῢ
2424 490 2596 572 ἐφεί-

235 621 380 664 σατο
436 601 692 666 Λουκίου
764 624 834 665 τε
909 603 1132 666 Σιανοῖι
1201 604 1556 681 στρατηγοῦ
1630 600 1733 664 καὶ
1808 597 2069 677 Μάρκου
2129 596 2451 676 Τερεντίου
2498 599 2601 662 ἱπ-

235 705 415 776 πέως·
479 706 506 769 ὃ
564 706 678 784 μὲν
740 706 867 787 γὰρ
929 705 1150 780 Σιανὸς
1213 705 1274 772 ἓν
1333 730 1448 772 τινι
1495 705 1604 788 θέᾳ
1653 729 1707 770 κ.
1740 728 1795 770 τ.
1822 720 1884 769 λ.
1935 703 2125 769 Vides
2162 704 2314 789 quid
2353 705 2598 770 factum

235 812 330 874 sit.
389 811 747 898 Legebatur
793 814 862 876 in
907 811 1158 896 codice,
1216 832 1340 897 quo
1387 811 1764 897 Xiphilinus
1809 831 1964 876 usus
2010 815 2135 886 est,
2192 808 2487 892 ἐφείσατο
2537 809 2599 874 δὲ

233 917 331 980 καὶ
389 917 626 983 λουκίου
691 920 794 983 καὶ
853 923 1098 984 σιανοῦε
1158 917 1394 984 ultima
1449 918 1645 984 verba
1690 920 2041 984 correxerat
2086 917 2296 981 nescio
2344 916 2487 1000 quis
2531 917 2600 980 in

233 1026 510 1110 margine
579 1029 915 1090 καισιανοῢ.
1002 1023 1140 1090 Iam
1217 1029 1282 1089 et
1358 1024 1478 1089 hoc
1537 1030 1605 1088 et
1675 1022 1837 1088 illud
1907 1025 1973 1086 in
2045 1009 2295 1087 textum
2366 1020 2603 1106 recepit

233 1127 626 1214 Xiphilinus:
691 1136 1000 1196 Κασιανοῦ
1055 1130 1357 1212 ἐφείσατο
1417 1130 1680 1196 Λουκίου
1742 1153 1812 1194 τε
1863 1131 2105 1194 Σιανοῦ.
2180 1126 2600 1192 scribendum

231 1236 426 1321 igitur
459 1239 661 1302 etiam
697 1239 768 1301 in
807 1235 927 1302 fine
961 1237 1184 1317 καίπερ
1225 1246 1576 1302 Καισιαν
1602 1237 1691 1300 ὧν
1731 1235 1803 1314 ἐξ
1858 1233 2083 1300 ἐκείνου
2130 1231 2599 1311 ὀνομασθέντων.

235 1338 415 1405 Hunc
475 1347 694 1408 autem
747 1342 819 1408 L.
867 1340 1242 1408 Caesiauum
1292 1343 1478 1428 pleno
1522 1344 1781 1408 nomine
1826 1340 1899 1405 L.
1950 1339 2309 1424 Apronium
2357 1335 2605 1405 Caesia·

233 1467 378 1511 num
425 1447 814 1533 appellatum
863 1449 1059 1516 fuisse
1105 1451 1388 1534 suspicor
1405 1497 1424 1533 ,
1472 1448 1745 1514 eundem
1794 1448 1905 1531 qui
1952 1465 2115 1512 anno
2165 1466 2224 1530 Ρ.
2276 1442 2429 1512 Chr.
2476 1445 2566 1510 20
2584 1495 2605 1521 ,

235 1573 416 1619 annos
475 1556 728 1620 circiter
795 1554 876 1620 18
932 1561 1122 1621 natus
1187 1555 1296 1640 (cf.
1357 1554 1519 1640 Eph.
1584 1553 1806 1640 Epigr.
1870 1551 1965 1628 ΙΙ,
2022 1549 2214 1637 268),
2262 1553 2381 1616 sub
2427 1555 2605 1635 patre

236 1657 300 1722 L.
355 1661 634 1744 Apronio
690 1660 759 1724 in
817 1661 1032 1727 Africa
1093 1661 1408 1746 stipendia
1467 1661 1775 1725 meruerit
1835 1656 2011 1743 (Tac.
2080 1658 2245 1722 Anu.
2318 1655 2391 1732 3,
2467 1655 2603 1742 21).

236 1761 391 1830 Gaio
431 1767 803 1850 imperatori
851 1764 1098 1855 collega
1134 1767 1263 1831 fuit
1306 1769 1376 1831 in
1423 1765 1759 1832 consulatu
1798 1784 1960 1830 anno
2000 1761 2087 1828 39
2118 1761 2191 1848 1).
2240 1758 2407 1828 Eum
2444 1783 2606 1828 anno

237 1867 314 1932 32
357 1891 423 1956 Ρ.
468 1868 622 1938 chr.
668 1895 764 1948 n.,
817 1873 858 1937 i.
890 1893 945 1938 e.
994 1892 1157 1939 anno
1204 1875 1434 1939 aetatis
1481 1893 1606 1957 quo
1647 1873 1931 1957 primum
1987 1869 2203 1946 licuit,
2246 1871 2605 1946 tricesimo,

235 1983 516 2060 praetura
577 1977 888 2044 functum-
934 1997 1098 2054 esse,
1149 1999 1272 2044 non
1321 1985 1415 2043 est
1464 1977 1631 2062 quod
1686 1978 2000 2042 miremur
2042 1977 2109 2040 in
2162 1973 2296 2040 filio
2340 1974 2607 2059 Apronii

235 2079 407 2146 illius
420 2127 437 2159 ,
501 2103 692 2166 quem
758 2089 823 2148 et
885 2082 1093 2170 gloria
1152 2083 1422 2149 militari
1483 2084 1803 2170 insignem
1868 2087 1935 2147 et
1980 2080 2222 2146 'l'iberii
2268 2079 2606 2164 Seianique

239 2187 514 2252 amicitia
549 2185 874 2254 florentem
910 2210 990 2253 ex
1036 2187 1257 2255 Tacito
1295 2191 1596 2272 novimus
1634 2188 1740 2266 (cf.
1769 2190 1931 2253 Ann.
1964 2187 1996 2251 1
2022 2233 2039 2266 ,
2068 2185 2154 2252 72
2171 2207 2187 2264 ;
2227 2184 2299 2262 4,
2329 2182 2437 2250 23.
2468 2184 2605 2270 ¹73).

317 2293 449 2359 Nec
513 2295 728 2358 minus
789 2296 1096 2360 vitiosum
1165 2301 1294 2371 est,
1359 2294 1528 2380 quod
1587 2293 1955 2371 Reimarus,
2023 2312 2210 2378 quem
2276 2290 2608 2356 Bekkerus

241 2405 298 2463 et
342 2397 706 2465 Dindorfius
751 2402 952 2464 secuti
1002 2406 1186 2485 sunt,
1242 2399 1368 2478 54,
1425 2399 1510 2465 32
1558 2399 1665 2464 καὶ
1715 2397 1859 2464 τότε
1906 2399 2019 2476 μὲν
2072 2436 2155 2446 -
2203 2397 2263 2468 ἐς
2313 2399 2423 2471 τὴν
2471 2396 2608 2461 Ῥώ-

241 2530 348 2581 μην
411 2506 590 2571 ἐλθὼν
641 2505 982 2583 ὥστυνόμος
1033 2506 1132 2570 ἐπὶ
1184 2530 1254 2571 τε
1301 2508 1556 2571 Κυίντου
1605 2505 1821 2572 Αἰλίου
1868 2505 1972 2571 καὶ
2023 2504 2121 2569 ἐπὶ
2171 2503 2423 2569 Παύλου
2473 2512 2607 2568 Φα-

241 2612 366 2688 βίου
445 2613 698 2677 cxcivm
769 2612 994 2692 καίπερ
1069 2612 1188 2684 τὰς
1261 2612 1692 2692 στρατηγικὰς
1766 2613 1958 2689 τιμὰς
2030 2611 2192 2691 ἔχων
2260 2610 2605 2691 ἀπεδείχθη

243 2718 527 2806 (Drusus)
565 2740 678 2806 pro
713 2720 1052 2796 ἀστυνόμος
1094 2721 1377 2805 reposuit
1413 2718 1812 2799 ἀγορανόμος.
1866 2718 2099 2783 Narrat
2136 2716 2260 2782 Dio
2285 2716 2565 2781 Drusum
2588 2766 2605 2800 ,

241 2846 586 2912 quanquam
648 2825 923 2891 habebat
970 2832 1337 2891 ornamenta
1375 2828 1691 2911 praetoria
1711 2871 1727 2902 ‚
1776 2829 1990 2890 tamen
2032 2829 2383 2909 praetorem
2422 2824 2609 2889 urba-

245 2952 382 2997 num
441 2938 722 2998 creatum
792 2932 987 2997 fuisse
1007 2981 1026 3016 ,
1089 2933 1306 2998 eodem
1371 2932 1561 2998 modo
1623 2951 1746 3015 quo
1810 2936 1875 2996 et
1935 2930 2130 2995 frater
2196 2928 2488 2994 Tiberius
2550 2950 2607 2995 a.

247 3034 362 3103 738
406 3044 701 3125 praetura
748 3038 1003 3103 functus
1041 3043 1168 3115 est,
1212 3039 1602 3103 ornamentis
1640 3035 1973 3121 praetoriis
2004 3034 2134 3101 iam
2180 3034 2385 3100 tribus
2430 3034 2609 3101 annis

246 3154 374 3210 ante
435 3149 728 3220 ornatus,
779 3166 833 3209 c.
889 3142 1009 3224 19,
1059 3143 1130 3209 6:
1183 3144 1612 3223 ἐστρατήγησε
1659 3142 1785 3221 γὰρ
1833 3142 2056 3222 καίπερ
2104 3142 2222 3213 τὰς
2271 3165 2609 3220 στρατηγι·

248 3249 347 3320 κὸς
409 3250 598 3326 τιμὰς
656 3247 818 3329 ἔχων
866 3250 972 3336 (cf.
1021 3271 1075 3316 c.
1129 3249 1305 3337 104).
1377 3249 1514 3315 Iam
1562 3248 1731 3335 quod
1777 3270 1831 3313 c.
1883 3246 2004 3333 33,
2050 3247 2089 3312 5
2129 3248 2297 3334 apud
2335 3246 2608 3313 Dionem

247 3356 544 3440 sequitur:
594 3356 713 3425 τοὶς
761 3379 832 3419 τε
882 3355 1198 3428 ἐπινικίους
1248 3355 1440 3433 τιμὰς
1478 3393 1542 3403 -
1579 3363 1659 3437 τῇ
1707 3377 1779 3418 τε
1820 3356 1926 3418 τοῦ
1971 3352 2323 3419 ἀνθυπάτου
2366 3352 2607 3437 ἐξουσίᾳ

249 3458 562 3526 ἐπειδὰν
627 3462 1302 3545 διαστρατηγῆσῃ
1364 3459 1723 3541 χρήσασθαι
1771 3458 1971 3538 ἔλαβε
2019 3458 2393 3526 Reimarum
2443 3478 2609 3525 erro-

247 3562 322 3629 ris
363 3566 593 3655 arguit.

325 3671 540 3758 Inique
595 3692 844 3759 quoque
887 3672 1209 3739 interdum
1260 3671 1742 3758 reprehenditur
1789 3670 1911 3736 Dio
1956 3671 2024 3735 in
2070 3670 2187 3748 iis,
2236 3690 2396 3755 quae
2442 3671 2609 3755 apud

251 3774 636 3863 Xiphilinum
688 3776 790 3846 vel
830 3778 897 3843 in
944 3778 1275 3863 Excerptis
1314 3775 1853 3844 Constantinianis
1889 3781 2139 3843 servata
2178 3782 2346 3841 sunt.
2394 3775 2611 3862 Epito-

249 3889 502 3950 matores
545 3884 712 3949 enim
756 3884 824 3948 in
864 3884 1249 3969 excerpendo
1289 3883 1462 3950 haud
1509 3903 1650 3949 raro
1698 3888 1832 3949 tam
1881 3879 2292 3970 neglegenter
2330 3889 2613 3948 versatos

253 4005 401 4067 esse,
448 3997 554 4067 ut,
603 3990 815 4057 verbis
859 3988 1104 4076 aliquot
1152 3989 1256 4056 vel
1298 3989 1573 4075 periodis
1615 3988 1904 4073 omissis,
1952 3988 2329 4053 sententiam
2388 3988 2611 4055 obscu-

250 4101 374 4159 rent
427 4094 536 4163 vel
597 4095 783 4181 plane
843 4102 1242 4181 pervertant,
1303 4118 1381 4161 ex
1444 4116 1524 4161 ea
1577 4100 1789 4181 parte,
1840 4114 1963 4179 qua
2010 4092 2135 4161 Dio
2179 4094 2315 4179 ipse
2362 4093 2611 4183 integer

253 4199 412 4267 nobis
457 4207 775 4288 superest,
824 4202 1010 4268 facile
1053 4201 1472 4290 intellegitur.

312 4363 362 4429 l)
400 4366 469 4417 ct.
518 4368 688 4427 Klein,
733 4368 866 4418 Pasti
916 4367 1200 4418 Consulares
1231 4384 1279 4433 Ρ.
1316 4370 1395 4418 30.
1449 4369 1511 4419 In
1545 4366 1703 4419 indice
1734 4366 1847 4419 libri
1883 4368 1947 4419 ⁶9
1982 4365 2153 4419 Dionis
2185 4380 2360 4417 nomen
2392 4366 2609 4417 Cassiani

259 4441 538 4509 depravatum
574 4458 644 4500 est
675 4450 728 4501 in
761 4450 986 4509 κελιανὸς
1015 4448 1046 4510 ἢ
1080 4452 1353 4509 navemn.
