3150 5000
1197 265 1665 354 meorumve.
2506 283 2637 348 249

336 471 622 539 Verbum
665 471 1199 557 inluserunt,
1258 469 1426 556 quod
1471 491 1597 537 non
1644 468 1973 554 Hauptius
2017 469 2264 554 primus
2310 471 2634 555 excogita-

161 649 176 672 ·
240 580 376 658 uit,
425 585 499 645 ut
547 583 928 646 annotarunt
975 579 1396 644 recentissimi
1435 576 1706 643 editores
1724 625 1743 661 ,
1784 575 1893 642 sed
1930 575 2333 662 Erfurdtius,
2368 577 2637 642 minime

241 685 576 752 ferendum
624 686 900 753 videtur.
951 685 1142 766 Quis,
1195 705 1460 771 quaese,
1507 703 1796 768 unquam
1844 683 1935 748 sic
1972 681 2226 748 locutus
2266 688 2397 748 est:
2444 703 2641 762 „aura

241 813 295 858 s.
345 797 578 858 uentus
624 791 835 858 illusit
880 792 1046 858 mihi
1061 788 1131 856 ‘I”
1193 790 1526 857 Sententia
1570 788 1886 876 postulat,
1938 790 2159 874 opinor
2207 809 2410 874 „quae
2454 789 2637 855 nobis

237 897 692 984 multipliciter
729 897 1457 976 insurrexerunt?
1501 896 1668 982 quod
1708 897 1980 962 uerbum
2019 892 2179 960 latet
2214 898 2283 961 in
2321 898 2637 982 scriptura

237 1004 393 1070 libri
461 1004 607 1073 Vat.
679 1004 1200 1071 inluxerunt.
1275 1001 1377 1072 cf.
1450 1001 1609 1070 Hor.
1684 1001 1885 1089 Epod.
1960 1000 2066 1067 10.
2142 1000 2222 1070 ¹7:
2303 1004 2639 1089 „insurgat

239 1110 532 1197 Aquilo?

337 1311 400 1378 5.
451 1312 556 1378 14.
608 1312 723 1391 „Id
770 1312 1147 1399 experiendo
1193 1312 1589 1401 legendoque
1630 1314 1929 1396 [scimus]
1968 1315 2036 1377 in
2078 1311 2335 1397 proeliis
2374 1312 2637 1398 quibus·

240 1419 393 1485 dam
452 1440 584 1485 rar
599 1440 636 1486 o
697 1441 835 1486 rem
901 1420 1215 1486 titubasse
1264 1418 1657 1498 Romanam,
1704 1421 1773 1484 in
1820 1439 2077 1486 summa
2120 1438 2272 1486 uero
2321 1417 2636 1486 bellorum

238 1546 597 1610 numquam
644 1526 724 1593 ad
771 1526 1282 1594 deteriorem
1329 1523 1756 1613 prolapsam?

337 1632 464 1699 Pro
507 1653 692 1700 raro
739 1639 1070 1700 contextus
1114 1631 1397 1719 postulat
1442 1653 1658 1698 sane.
1707 1631 1833 1698 Pro
1870 1635 2087 1719 inepto
2127 1591 2636 1700 deteriorem

241 1737 551 1808 Gelenius
607 1738 765 1806 olim
814 1739 988 1805 dedit
1037 1739 1506 1818 deteriora;
1552 1743 1725 1804 recte
1771 1747 1837 1804 et
1882 1741 2232 1805 sententiae
2276 1759 2638 1806 accommo-

243 1845 494 1911 datum.
541 1844 702 1912 Vide
747 1849 964 1912 tamen
1009 1865 1090 1912 an
1136 1865 1260 1911 non
1307 1843 1695 1910 Ammianus
1732 1845 2057 1930 scripserit
2099 1844 2221 1924 „ad
2260 1844 2637 1912 deteriorem

243 1973 417 2018 rem
467 1950 894 2038 prolapsam.’'

342 2152 404 2220 7.
467 2153 532 2218 2.
605 2152 996 2234 „Oculorum
1059 2155 1291 2221 obtutu
1352 2155 1728 2242 praestricto
1772 2154 1973 2221 humo
2018 2153 2351 2222 inuolutus
2398 2177 2641 2224 crassae

246 2282 282 2327 c
302 2281 341 2326 a
359 2260 529 2349 ligi
546 2263 629 2326 ni
647 2282 677 2327 s
725 2260 977 2348 squalor
1021 2261 1323 2328 insedit.”

341 2364 560 2432 Scribe
628 2388 858 2453 quaeso
931 2389 1216 2446 „crassae
1284 2366 1650 2456 caligini
1723 2367 2022 2454 squalor”
2088 2373 2165 2434 ut
2236 2371 2323 2436 sit
2383 2370 2643 2437 datiuus

242 2473 526 2561 pendens
570 2474 651 2607 ab
702 2474 1132 2555 „inuolatus”
1179 2473 1451 2561 Squalor
1496 2473 1830 2542 inuolatus
1879 2495 2123 2543 crassae
2169 2475 2434 2566 caligini
2477 2479 2643 2545 inse-

244 2580 349 2646 dit
393 2580 615 2647 hum0.
637 2580 656 2609 ’

341 2782 406 2850 ¹7.
455 2782 517 2849 5.
590 2783 941 2861 „Nonnulli
991 2832 1007 2850 .
1035 2836 1051 2852 .
1080 2833 1099 2850 .
1149 2786 1663 2870 superruentium
1728 2784 2033 2851 ruderum
2075 2786 2145 2850 ui
2193 2787 2399 2853 nimia
2460 2808 2496 2855 c
2513 2809 2641 2855 on-

239 2913 276 2957 s
295 2892 413 2976 tip
430 2892 545 2955 ati
595 2890 715 2955 sub
762 2890 917 2975 ipsis
965 2892 1266 2957 interiere
1307 2889 1702 2956 ruderibus.”

339 2994 667 3062 Sententia
713 2998 981 3083 requirit
1028 3019 1061 3062 c
1077 3016 1116 3063 o
1130 3019 1173 3061 n
1191 3018 1220 3061 s
1239 3004 1267 3061 t
1282 3019 1314 3062 r
1329 3018 1366 3063 a
1383 2998 1469 3061 ti.

341 3212 401 3279 7.
455 3211 516 3278 6.
571 3212 935 3293 „Quosdam
980 3214 1318 3280 domorum
1355 3214 1663 3281 inclinata
1702 3216 1967 3302 fastigia
2004 3218 2387 3284 intrinsecus
2436 3238 2466 3283 s
2484 3239 2645 3285 era-

241 3324 290 3389 b
309 3326 451 3386 ant
497 3319 823 3387 intactos.”

341 3424 742 3493 Serabant
788 3428 1056 3494 coniecit
1100 3425 1451 3514 Hauptius.
1494 3427 1571 3493 In
1608 3426 1761 3496 Vat.
1804 3433 1904 3495 est
1942 3430 2373 3519 serebant;
2414 3433 2645 3500 malim

239 3534 718 3621 sepiebant.

341 3750 404 3819 7.
471 3751 532 3818 8.
609 3752 734 3831 „Et
795 3772 1120 3839 superesse
1179 3756 1390 3840 potuit
1446 3754 1704 3821 aedium
1754 3776 2078 3822 sacrarum
2126 3762 2191 3823 et
2235 3760 2640 3847 priuatarum

239 3861 711 3945 hominumque
781 3880 924 3946 pars
994 3862 1214 3938 maior,
1284 3862 1354 3925 ni
1422 3860 1817 3945 palantes
1887 3864 2156 3949 abrupte
2227 3864 2642 3934 flammarum

241 3964 500 4032 ardores
537 3985 649 4051 per
686 3968 1153 4053 quinquaginta
1189 3965 1325 4031 dies
1365 3971 1429 4031 et
1466 3974 1683 4033 noctes
1723 3969 2029 4053 quicquid
2070 3974 2359 4038 consumi
2395 3982 2648 4058 poterat

239 4071 703 4139 exussissent.”

342 4176 672 4243 Flammae
742 4177 991 4245 ardores
1061 4178 1132 4265 (i.
1175 4198 1226 4243 e.
1292 4177 1590 4246 flammae
1653 4178 1967 4269 ardentes)
2028 4181 2296 4268 abrupte
2357 4184 2644 4270 palantes

235 4282 468 4372 quales
538 4284 793 4351 tandem
861 4286 1099 4350 fuerint
1164 4304 1386 4363 nem0‚
1450 4287 1690 4371 opinor,
1755 4286 1944 4353 facile
2010 4288 2377 4375 explicabit.
2446 4292 2643 4358 Haud

233 4392 442 4477 longe
503 4410 542 4455 a
601 4392 874 4456 ueritate
921 4392 1137 4457 abesse
1183 4392 1349 4457 mihi
1397 4392 1639 4477 uideor,
1686 4394 1743 4458 si
1788 4392 2084 4461 flammae
2132 4417 2207 4462 ex
2254 4398 2604 4482 improuiso
2623 4449 2641 4484 ,

2384 4518 2445 4571 17
