3150 5000
1362 182 1602 235 moeso.
2582 170 2664 237 71

274 376 449 443 quos
506 356 575 421 in
634 374 848 422 amore
891 356 1322 444 ingenuorum
1362 351 1564 418 libido
1579 350 2268 419 —babet—licentiam
2284 402 2303 436 ‚
2352 352 2670 425 Lacedae-

278 465 492 530 monii
534 464 660 549 ipsi
699 460 829 511 -·''
869 468 964 527 est
1008 462 1075 526 in
1121 458 1389 537 Codice,
1454 464 1521 525 et
1574 461 1668 524 sic
1713 459 1922 525 adbuc
1965 458 2209 547 legitur
2252 461 2320 525 in
2368 460 2664 526 editioni-

278 570 447 647 bus,
510 569 618 635 sed
677 570 855 654 prius
902 568 1096 652 apud,
1143 565 1352 633 alieno
1394 564 1534 633 loco
1579 568 1928 643 insertum,
1977 566 2423 631 abiiciendum.
2475 566 2670 633 Libro

274 675 369 743 V.
424 674 465 741 5
514 674 821 744 traditum
871 686 969 740 est
1016 673 1253 761 „(agri)
1302 672 1407 759 qui
1446 677 1652 739 essent
1689 674 1855 759 regii
1893 672 1996 757 qui
2031 671 2509 757 colerenturque
2533 675 2669 740 sine

275 802 513 868 regum
559 780 813 866 opera”,
858 779 968 845 sed
1014 778 1289 846 alterum
1336 784 1441 861 qm·
1476 799 1644 844 nunc
1683 786 1852 845 recte
1885 781 2226 844 omittitur.
2276 776 2422 845 Alia
2457 800 2672 845 exem-

277 887 397 975 pla
442 888 589 955 vide
635 887 716 952 ad
759 886 811 951 1.
859 886 945 955 47
994 885 1117 952 vol.
1145 884 1321 953 XIII.
1348 907 1410 971 p.
1438 883 1549 951 46.
1597 884 1708 950 Bis
1742 906 1780 950 a
1806 887 2016 970 prima
2062 905 2259 951 manu
2301 893 2437 952 erat
2473 888 2671 970 scrip-

276 1000 431 1061 tum
473 1016 545 1059 esc
586 1016 676 1059 me
718 994 839 1061 hoc
885 991 1175 1078 exemplo
1223 991 1275 1057 1.
1325 990 1406 1056 19
1461 993 1858 1076 „quaesierat
1903 1012 1982 1058 ex
2028 1012 2133 1057 me
2179 990 2394 1078 Scipio
2439 1015 2518 1059 ex
2564 1015 2667 1072 me

278 1101 594 1187 quidnam
654 1098 1012 1167 sentirem&
1076 1098 1325 1165 Ibidem
1391 1096 1480 1165 Ο·
1546 1101 1920 1183 „omnisque
1981 1098 2205 1165 avidae
2254 1100 2504 1166 omnis”
2551 1122 2665 1187 pro

281 1209 683 1293 „omnisun
710 1205 996 1275 avidos”.
1043 1205 1247 1272 Verae
1294 1213 1358 1271 et
1404 1204 1600 1271 falsae
1646 1204 1939 1271 lectionis
1976 1206 2159 1271 iuxta
2198 1210 2440 1292 positae
2465 1228 2662 1293 eoque

279 1314 662 1400 depravatae
706 1316 775 1379 in
819 1312 1067 1380 Lucilio
1114 1313 1285 1398 apud
1328 1310 1616 1379 Nonium
1663 1310 2026 1397 quindecim
2074 1312 2365 1398 exempla
2412 1314 2558 1380 dedi
2594 1317 2663 1381 in

279 1416 721 1487 Coniectaneis
782 1422 850 1485 in
908 1419 1146 1485 Lucilii
1191 1419 1507 1485 librorum
1553 1418 1851 1484 decadem
1901 1419 2242 1485 secundam
2293 1426 2358 1486 et
2404 1424 2662 1487 tertiam

279 1525 516 1611 (Amet.
571 1548 633 1592 v.
682 1526 744 1591 d.
790 1525 947 1593 Post
990 1524 1200 1603 1871,
1248 1524 1445 1592 Verh.
1492 1524 1658 1591 Kon.
1703 1524 1908 1591 Akad.
1956 1523 2095 1603 VI„
2144 1546 2206 1611 p.
2257 1524 2370 1613 96)
2434 1530 2547 1594 ubi
2591 1529 2660 1595 in

276 1628 516 1719 fragm.
564 1630 604 1697 1.
658 1631 799 1699 vll.
845 1631 1079 1698 melius
1123 1632 1386 1698 fortasse
1430 1630 1672 1719 legitur
1687 1655 1708 1695 .-

375 1740 555 1823 queis
600 1737 769 1805 oculi
814 1759 941 1806 non
982 1747 1123 1804 sunt
1159 1759 1361 1831 neque
1400 1758 1627 1804 nasum
1665 1738 1944 1823 aequalia
1971 1738 2163 1824 [sunt]

279 1863 477 1929 quam
523 1844 731 1926 qualia
742 1865 763 1924 3
812 1844 1036 1930 supple
1086 1844 1339 1922 „nobis”
1350 1864 1367 1923 ;
1418 1843 1665 1911 Nonius
1711 1854 1771 1910 et
1817 1845 2059 1929 qualia,
2107 1851 2173 1911 et
2219 1866 2255 1912 e
2298 1843 2462 1913 libro
2486 1845 2617 1915 XV

376 1970 537 2035 quae
580 1949 825 2038 gallam
873 1951 1085 2017 bibere
1130 1972 1203 2017 ac
1248 1971 1443 2039 rugas
1488 1950 1833 2017 conducere
1878 1954 2120 2020 ventris

374 2058 537 2125 farre
582 2078 831 2124 aceroso
875 2058 1015 2123 illos
1058 2058 1381 2124 decumano
1428 2069 1487 2121 et
1529 2078 1691 2144 pane
1741 2058 2040 2144 [cumano]
2091 2060 2302 2146 coegit

282 2185 477 2249 quam
518 2166 664 2249 oleo,
707 2164 872 2249 quod
914 2163 1064 2230 libri
1100 2164 1361 2249 babent,
1403 2171 1515 2230 aut
1539 2165 1686 2229 oleis
1709 2164 1876 2250 quod
1899 2162 1972 2229 F.
1992 2164 2248 2231 Marxio
2269 2164 2479 2252 placet
2491 2168 2667 2251 (ollas

280 2272 351 2341 h.
391 2270 436 2336 1.
484 2292 607 2337 non
671 2270 919 2338 Lucilio
966 2272 1469 2358 adscripserim),
1518 2274 1699 2338 cuius
1746 2271 2252 2337 emendationem
2297 2274 2366 2337 in
2413 2272 2662 2341 Studiis

278 2376 633 2444 Lucilianis
676 2399 733 2463 p.
794 2375 911 2442 19:
966 2377 1355 2455 „decumano
1403 2398 1563 2463 pane
1610 2380 1866 2443 cumino
1915 2374 2142 2465 Oogit'’
2181 2379 2437 2445 honoris
2475 2400 2665 2448 causa

281 2505 584 2550 memoro.
635 2483 733 2550 Ex
756 2483 868 2550 lib.
896 2425 1052 2549 XIII
1089 2484 1519 2573 fragmentum
1554 2484 1724 2572 quod
1762 2483 2049 2562 affertur,
2089 2486 2249 2551 vitio
2273 2486 2663 2574 typographi

283 2589 744 2666 deformatum,
794 2593 887 2657 sic
932 2593 1235 2657 restituo.

372 2695 545 2761 idem
607 2696 795 2781 epulo
850 2697 1031 2762 cibus
1078 2703 1267 2782 atque
1313 2695 1561 2782 epulast
1607 2696 1778 2764 Iovis
1821 2617 2308 2783 omnipotentis,

278 2806 329 2870 i.
353 2824 408 2869 e.
459 2804 683 2881 „cibus
718 2807 783 2868 in
826 2802 1055 2888 epulo”
1056 2852 1072 2880 ,
1118 2804 1197 2868 ab
1236 2805 1498 2887 epulum
1543 2805 1718 2886 epula
1737 2801 1984 2870 Nonius
2009 2809 2300 2884 testatum
2324 2807 2526 2889 epulas·
2550 2808 2660 2872 tri·

280 2908 605 2995 syllabum
652 2915 997 2994 concoquat
1042 2911 1153 2993 qui
1198 2915 1423 2994 potest.
1471 2906 1799 2994 Scriptum
1841 2915 1976 2975 erat
2002 2909 2318 2996 „epulatio
2343 2912 2504 2978 iovis
2528 2932 2662 2978 om-

280 3015 684 3101 nipotentis.”
752 3015 1293 3100 „Sasipientibus”
1343 3020 1479 3080 erat
1521 3017 1592 3079 in
1636 3015 1868 3102 fragm.
1915 3015 2066 3081 libri
2113 3014 2296 3101 XIV,
2344 3019 2389 3082 i.
2429 3037 2484 3083 e.
2537 3019 2665 3096 „si-

282 3121 645 3208 pientibus’'
694 3141 850 3187 corr.
905 3119 1402 3207 „sapientibus'’,
1450 3120 1619 3206 quod
1662 3142 1830 3187 nunc
1877 3123 1970 3188 sic
2015 3123 2375 3209 scripserim
2393 3144 2434 3188 :-

462 3248 587 3294 non
632 3229 851 3314 paucis
896 3227 1159 3294 mallem
1206 3249 1279 3293 ac
1327 3228 1708 3314 sapientibu’
1755 3251 1845 3292 mc
1889 3249 2023 3294 esse
2067 3229 2406 3315 probatum

462 3335 498 3414 ἢ
546 3337 739 3399 πᾶσιν
785 3333 1059 3399 νεκύεσσι
1108 3335 1654 3416 καταφθιμένοισιν
1703 3331 2039 3400 dudo-osan?

284 3461 395 3527 per
438 3439 997 3528 interrogationem
1016 3489 1035 3525 ‚
1097 3442 1453 3507 mutatione
1513 3461 1712 3525 paene
1760 3440 1975 3520 nulla,
2023 3462 2173 3507 nam
2219 3441 2399 3508 mane
2447 3445 2656 3528 (male,

285 3548 485 3632 mella)
550 3552 617 3612 et
661 3553 977 3631 probatum
1035 3554 1187 3612 sunt
1246 3549 1314 3612 in
1376 3546 1555 3612 codd.
1629 3545 1851 3612 Obiter
1911 3550 2160 3636 corrigo
2205 3548 2372 3634 quod
2419 3549 2660 3616 ibidem

286 3659 378 3720 est
431 3655 776 3720 contrariae
834 3653 1301 3739 depravationis
1361 3650 1675 3740 (syllabae
1737 3652 1935 3720 semel
1996 3655 2242 3739 positae
2259 3701 2277 3731 ,
2343 3675 2504 3741 quae
2559 3657 2659 3723 bis

284 3761 472 3827 scribi
516 3759 808 3848 debebat)
860 3758 1223 3845 exemplum
1275 3760 1367 3824 sic
1414 3758 1763 3824 traditum:
1824 3758 2014 3837 „inde
2065 3763 2286 3828 canino
2341 3763 2468 3828 rito
2513 3783 2660 3830 ocu·

284 3863 485 3952 lisque
528 3864 875 3934 involem’'.
946 3863 1303 3931 Emendavi
1347 3862 1392 3932 l.
1428 3863 1474 3929 1.

546 3971 695 4038 inde
741 3971 963 4037 canino
1008 3973 1140 4036 ritu
1184 3969 1396 4037 oculos
1444 3990 1634 4057 osque
1673 3968 1951 4037 involem
2004 4013 2158 4035 c·-

366 4075 445 4143 L.
463 4063 473 4070 ’
490 4075 734 4144 Manet
781 4075 1026 4166 (XXX.
1080 4076 1273 4165 100):

557 4225 599 4239 -
615 4224 713 4250 a„
745 4182 895 4251 inde
940 4185 1165 4252 canino
1209 4183 1305 4250 ori
1345 4189 1402 4249 a·
1446 4186 1577 4251 ritu
1623 4181 1952 4270 oculisque

547 4289 829 4360 involem
848 4339 867 4376 ,
