3150 5000
1369 155 1374 160 “
1392 161 1631 212 comer.
2018 197 2025 210 .
2214 209 2220 218 ,
2579 141 2707 208 195

416 327 662 395 Notum
700 334 796 394 est
834 330 1134 400 omnibus
1167 327 1422 396 Datidis
1461 329 1624 396 illud
1664 329 1834 415 apud
1856 327 2353 415 Aristophanem
2376 326 2452 401 ὥς
2481 325 2702 404 ἥδομαι

309 435 430 501 καὶ
475 435 783 516 χαίρομαι
831 436 1308 515 κεύφραίνομαι.
1356 434 1450 503 Of.
1501 435 1651 502 Pac.
1694 435 1845 501 325.
1889 431 2107 515 ἥδομαι
2148 433 2274 516 γὰρ
2313 435 2417 501 κα)
2458 434 2705 514 γέγηθα

309 537 432 607 καὶ
481 540 754 622 πέπορδα
803 542 908 608 καὶ
959 549 1149 621 γελῶ.

414 792 591 860 Idem
640 795 718 860 fr.
767 792 854 861 90

1437 903 1817 985 παρατίθημ’
1864 905 2164 986 ὁλοσχερῆ

781 1007 912 1092 ἄρν’
961 1011 1020 1082 ἐς
1067 1011 1255 1090 μέσον
1299 1011 1740 1091 σύμπτυκτον,
1790 1011 2253 1089 ὠνθυλευμένον,

774 1116 1042 1198 χοιρίδια
1088 1115 1445 1198 περιφόρινα
1493 1118 1865 1199 κρομβώσας
1912 1113 2067 1182 ὅλα·

661 1235 728 1291 B.
778 1224 1025 1305 δούρειον
1074 1223 1296 1303 ἐπάγω
1343 1231 1513 1306 χῆνα
1562 1227 1662 1306 τῷ
1709 1209 2169 1305 φυσήματι.

305 1329 516 1396 Recte
562 1330 766 1398 editor
812 1331 938 1412 »τῷ
985 1334 1319 1412 φυσήματι
1368 1338 1736 1417 corruptum
1785 1329 1940 1397 est.”
1985 1328 2275 1397 Conieci:

661 1449 724 1502 B.
778 1436 1030 1516 δούρειον
1077 1438 1298 1516 ἐπάγω
1345 1447 1536 1519 χῆνα.
1587 1449 1665 1504 A.
1714 1442 1848 1502 τοῦ
1896 1439 2407 1518 φυσήματος.

320 1545 381 1608 Ο
422 1545 808 1629 jactantiam.
869 1545 1036 1610 Nam
1102 1546 1259 1611 duos
1305 1544 1579 1629 colloqui
1626 1565 1856 1630 coquos
1902 1564 2172 1629 quorum
2220 1542 2381 1610 alter
2428 1543 2702 1610 alterum

299 1652 655 1716 iactatione
714 1672 1010 1737 superare
1071 1659 1332 1718 conetur
1392 1651 1713 1717 intellexit
1775 1651 2074 1717 Meineke
2094 1701 2112 1735 ,
2158 1670 2366 1736 neque
2409 1650 2704 1717 abhorret

304 1777 349 1822 a
397 1757 850 1844 probabilitate
896 1757 1012 1824 illa
1057 1759 1251 1825 verba
1297 1757 1550 1837 δούρειον
1600 1796 1683 1808 -
1710 1766 1880 1840 χῆνα
1926 1757 2110 1824 alteri
2150 1777 2371 1824 eorum
2411 1754 2703 1824 elicuisse

303 1864 483 1929 hanc
529 1862 1079 1930 exclamationem.
1128 1866 1227 1931 An
1274 1872 1462 1951 putas
1507 1866 1706 1933 fuisse

659 1982 725 2036 B.
775 1971 1024 2051 δούρειον
1071 1973 1291 2050 ἐπάγω
1341 1979 1511 2052 χῆνα
1559 1983 1637 2038 A.
1686 1974 1785 2052 τῷ
1833 1974 2306 2064 φυσήματι,

303 2085 390 2144 ut
454 2078 772 2146 malitiose
835 2079 997 2146 alter
1061 2079 1326 2146 alterius
1373 2082 1721 2146 orationem
1772 2079 2128 2166 explevisse
2173 2085 2470 2166 putetur,
2520 2084 2699 2165 quasi

303 2187 549 2252 dixerit
607 2187 692 2267 τῷ
757 2188 870 2265 μὲν
931 2185 1136 2266 λόγῳ,
1197 2187 1281 2268 τῷ
1345 2181 1399 2252 δ’
1465 2186 1625 2268 ἔργῳ
1681 2183 1835 2254 οὔκῗ
1884 2186 2075 2254 Illam
2122 2193 2337 2254 tamen
2385 2189 2696 2254 rationem

301 2292 748 2380 praetulerim.

405 2562 631 2629 Finem
677 2564 779 2629 his
825 2563 1375 2649 disquisitionibus
1419 2567 1747 2652 imponam
1790 2565 2164 2652 temptando
2200 2567 2519 2632 Ammms
2558 2566 2698 2633 loco

303 2691 342 2735 e
393 2668 719 2750 Phaedro,
769 2672 880 2736 ubi
926 2677 1378 2738 enumerantur
1422 2692 1585 2760 quae
1622 2676 1849 2740 Amori
1889 2675 2142 2761 propria
2178 2678 2329 2739 sunt
2368 2673 2471 2761 (fr.
2516 2671 2697 2760 245),

308 2774 398 2841 10
447 2796 619 2862 sqq.;

678 2886 712 2959 ἦ
763 2885 976 2963 τόλμα
1023 2886 1137 2964 μὲν
1181 2885 1309 2967 γὰρ
1354 2884 1600 2967 οὶνδρός,
1652 2888 1687 2962 ἧ
1736 2886 1799 2952 δὲ
1846 2885 2048 2952 δειλία

677 2993 1008 3077 γυναικός’,
1058 2995 1092 3065 ἦ
1141 2992 1194 3058 δ’
1244 2991 1418 3059 ἄνοια
1462 2994 1818 3072 μανίας,
1868 2994 1897 3059 ὃ
1946 2994 2013 3060 δὲ
2057 2992 2241 3073 λόγος

673 3104 1066 3180 φρονοῦντος,
1116 3103 1149 3178 ἦ
1198 3100 1534 3181 σφοδρότης
1587 3102 1651 3168 δὲ
1703 3100 1907 3181 θηρός,
1956 3100 1985 3165 ὃ
2034 3101 2095 3166 δὲ
2141 3102 2318 3173 πόνος

676 3205 1190 3285 ἀδάμαντος.
1242 3211 1275 3283 ἦ
1325 3209 1666 3288 φιλοτιμία
1715 3208 1794 3273 δὲ
1840 3209 2232 3286 δαίμονος.

403 3306 545 3379 Non
590 3318 688 3379 est
733 3310 970 3379 ἄνοια
1017 3314 1286 3391 μανίας,
1337 3322 1410 3379 ut
1460 3315 1751 3399 arbitror,
1802 3316 1911 3382 sed
1952 3316 2399 3395 παράνοια,
2442 3336 2557 3381 nee
2595 3316 2703 3381 ab·

305 3428 580 3485 structae
627 3421 873 3486 notioni
918 3421 1118 3496 μανία
1165 3419 1345 3487 locus
1390 3426 1487 3486 est
1531 3424 1701 3487 inter
1744 3427 2033 3487 concreta
2080 3418 2321 3501 ἄνδράς,
2375 3421 2700 3500 γυναικός,

307 3531 662 3608 φρονοῦντος
747 3526 1141 3613 (ανθρώπου),
1212 3526 1408 3606 θηρός,
1483 3526 1843 3605 ἀδάμαντος
1894 3526 1993 3613 (Y).
2066 3528 2188 3593 Vix
2258 3527 2445 3594 aliter
2514 3536 2699 3615 poeta

305 3634 578 3700 scribere
625 3637 836 3719 potuit
882 3655 1075 3720 quam
1123 3637 1158 3710 ἧ
1205 3636 1258 3699 δ’
1299 3632 1475 3699 ἄνοια
1524 3636 1853 3710 παιδός,
1900 3656 2046 3700 cum
2088 3636 2461 3720 praesertim
2508 3638 2542 3711 ἦ
2580 3643 2698 3701 τῶν

308 3740 542 3805 παίδων
610 3738 784 3806 ἄνοια
849 3740 1220 3833 notissima?¹
1247 3743 1334 3806 sit
1381 3746 1446 3807 et
1490 3741 1852 3827 frequenter
1897 3748 2451 3807 commemoretur.
2501 3740 2699 3808 Recte

308 3854 525 3912 sutem
571 3851 741 3913 inter
787 3869 852 3913 se
901 3851 1132 3933 opponi
1179 3847 1383 3913 παῖδα
1434 3856 1498 3913 et
1543 3851 1884 3928 φρονοῦντα
1934 3846 2270 3935 intelleget
2310 3849 2697 3932 quicumque

305 3954 662 4038 reputabit,
744 3965 820 4019 ut
891 3960 1126 4037 φρονεῖν
1195 3955 1488 4021 dicantur
1558 3955 1793 4031 adulti,
1858 3957 1953 4020 ita
2016 3954 2202 4032 μήπω
2268 3962 2506 4035 φρονεῖν
2568 3954 2694 4019 dici

309 4058 509 4125 solere
555 4080 605 4125 a·
639 4058 902 4127 Graecis
941 4063 1242 4145 puerulos.
1291 4062 1462 4129 Fieri
1501 4066 1710 4147 potest
1749 4066 1823 4126 ut
1860 4062 2092 4138 μανίας
2136 4062 2245 4149 sit:
2262 4059 2445 4125 scioli
2482 4057 2696 4126 locum

309 4183 432 4230 non
480 4165 914 4255 intellegentis
959 4167 1452 4247 παραδιόρθωσις.

399 4270 613 4340 Multo
659 4280 871 4339 autem
921 4277 1226 4340 incertius
1273 4280 1369 4339 est
1419 4276 1567 4359 quid
1614 4271 1945 4339 delitescat
1980 4274 2099 4338 sub
2142 4274 2502 4362 depravata,
2531 4278 2697 4337 recte
