3150 5000
1109 279 1386 339 nemus
1430 289 1767 340 sosarnus.
2495 268 2628 336 283

279 452 490 538 scripta
532 459 642 518 est.
705 451 890 528 Quod
927 453 1100 519 idem
1138 457 1208 518 in
1247 455 1396 520 libri
1443 454 1524 519 15
1565 464 1743 539 parte
1784 464 2132 539 postrema,
2175 461 2313 518 tum
2356 457 2421 518 in
2446 453 2627 518 libris

283 559 384 634 16,
451 556 527 623 1‘7
593 565 658 622 et
722 559 806 622 18
871 560 1376 627 animadvertere
1437 560 1609 628 licet.
1681 559 2006 639 Quantum
2068 562 2178 624 isti
2226 579 2263 625 a
2309 558 2627 644 prioribus

275 664 436 729 libris
480 664 811 743 differant,
859 665 985 731 dici
1032 669 1144 731 vix
1191 674 1418 752 potest.
1490 667 1683 732 Liber
1728 665 1817 731 20
1856 667 2205 732 orationem
2245 666 2439 730 babet
2477 664 2629 729 faci-

275 769 387 834 lem
431 791 500 836 ac
545 775 980 856 perspicuam,
1027 773 1136 838 sed
1182 795 1401 838 rursus
1449 779 1589 838 tum
1640 775 1718 838 ab
1768 774 1901 848 his,
1953 779 2093 837 tum
2141 772 2221 836 ab
2266 770 2399 836 illis
2445 791 2625 857 mag-

274 896 477 960 nopere
533 877 822 943 diversus
885 877 1046 944 est”.
1119 879 1253 946 Nec
1314 880 1500 946 video
1564 879 1879 964 quomodo
1941 879 2059 944 hoc
2114 877 2388 962 explices
2408 923 2424 952 ,
2473 896 2621 941 nam

273 1003 357 1046 res
413 985 676 1046 incurrit
735 986 801 1046 in
849 982 1098 1062 oculos,
1144 988 1269 1050 nisi
1315 1006 1534 1050 sumas
1578 984 1927 1069 Josephum
1976 990 2185 1049 totum
2234 983 2503 1068 pendere
2548 1003 2627 1046 ex

273 1086 556 1162 fontibus,
611 1089 844 1174 quibus
890 1110 1044 1154 usus
1090 1097 1205 1155 est.
1279 1089 1492 1155 Veluti
1539 1092 1777 1155 abusus
1822 1089 2083 1174 quidam
2131 1095 2227 1153 est
2262 1090 2331 1152 in
2368 1109 2443 1152 ea
2480 1107 2625 1172 ope-

277 1194 352 1254 ris
391 1200 562 1276 parte
607 1197 966 1279 participii,
1015 1197 1217 1260 futuri
1257 1199 1664 1281 praesertim,
1713 1196 1789 1260 de
1828 1215 1951 1280 quo
1989 1192 2330 1260 Holwerda
2370 1193 2439 1258 ll.
2482 1192 2625 1256 dili-

273 1309 472 1381 genter
528 1301 686 1385 egit.
756 1300 1128 1366 Adscribam
1192 1323 1392 1366 unum
1459 1299 1821 1387 exemplum
1848 1347 1865 1377 ‚
1923 1321 2070 1366 nam
2136 1299 2255 1365 hoc
2317 1302 2474 1365 satis
2528 1305 2625 1362 est

275 1409 338 1464 ut
377 1422 446 1468 ea
487 1423 588 1468 res
631 1412 1082 1490 cognoscatur,
1131 1407 1296 1491 quod
1342 1409 1671 1473 invenitur
1716 1426 1789 1471 eo
1835 1406 1973 1471 loco
2020 1407 2129 1490 qui
2177 1411 2275 1469 est
2321 1405 2398 1468 de
2444 1402 2625 1469 Decii

271 1507 474 1574 Mundi
532 1518 597 1574 et
658 1510 966 1580 Paulinae
1026 1513 1381 1577 amoribus:
1449 1515 1787 1600 κελεύουσα
1846 1515 2145 1583 παντοίως
2198 1510 2297 1576 ἐπ)
2349 1511 2447 1590 τῷ
2495 1523 2625 1582 λη-

271 1616 564 1696 ψομένῳ
613 1618 723 1690 τὴν
771 1614 1068 1692 ἄνθρωπον
1116 1618 1490 1683 σπουδάσαι.

347 1719 666 1786 Vendebat
709 1721 1022 1806 Josepbus
1068 1723 1264 1788 libros
1310 1745 1456 1788 suos
1495 1731 1595 1801 et,
1636 1726 1785 1806 quia
1826 1726 2156 1811 negotium
2198 1723 2356 1786 bene
2396 1723 2455 1784 ei
2495 1741 2623 1785 ces-

269 1835 443 1902 serat,
483 1830 738 1912 scriptis
776 1837 1016 1911 septem
1059 1828 1241 1894 libris
1281 1830 1358 1894 de
1396 1829 1574 1896 Bello
1613 1828 1881 1894 Judaico
1918 1839 2060 1914 post
2098 1828 2344 1894 addidit
2387 1827 2623 1913 viginti

267 1930 407 1996 alios
465 1932 542 1998 de
599 1934 1116 2018 Antiquitatibus
1178 1923 1328 2000 suae
1381 1939 1613 2022 gentis.
1700 1932 1875 1999 Audi
1941 1935 2160 2017 mod0,
2232 1953 2619 2017 quamquam

267 2033 421 2101 locus
465 2045 560 2103 cst
605 2039 796 2124 paulo
841 2039 1125 2126 longior:
1172 2046 1478 2106 Τοσοῦτον
1527 2041 1592 2104 δέ
1639 2065 1741 2119 μοι
1789 2049 1995 2119 περιῆν
2045 2041 2253 2119 θάρσος
2306 2047 2417 2112 τῆς
2468 2039 2621 2112 τέλη-

269 2142 446 2226 osiae,
507 2142 621 2212 ὅτε
677 2149 946 2222 πρώτους
995 2150 1243 2212 πάντων
1289 2148 1422 2216 τοὺς
1475 2147 1927 2225 αὐτοκράτορας
1974 2150 2083 2210 τοῦ
2131 2147 2403 2222 πολέμου
2449 2167 2620 2222 γενο-

267 2249 458 2324 μένους
499 2252 975 2316 Οὐεσπασιανὸν
1021 2253 1124 2316 κα)
1174 2255 1362 2317 Τίτον
1409 2251 1641 2327 ἠξίωσα
1689 2252 1916 2330 λαβεῖν
1953 2253 2287 2330 μάρτυρας.
2354 2250 2617 2328 Πρώτοις

265 2357 376 2432 γὰρ
427 2356 658 2420 δέδωκα
722 2359 806 2421 τα
869 2356 1106 2435 βιβλία
1168 2359 1272 2423 καὶ
1334 2359 1476 2434 μετ’
1533 2360 1788 2430 ἐκείνους
1838 2366 2091 2430 πολλοῖς
2140 2358 2252 2434 μὲν
2300 2358 2612 2431 Ῥωμαίων

263 2470 372 2534 τοῖς
426 2465 1056 2542 συμπεπολεμηκόσι,
1123 2473 1373 2536 πολλοῖς
1421 2465 1484 2530 δὲ
1529 2471 1644 2530 τῶν
1692 2464 1999 2544 ἡμετέρων
2062 2464 2613 2543 ἐπίπρασκον,

263 2568 490 2647 ἀνδράσι
539 2570 644 2633 καὶ
689 2578 802 2645 ,τῆς
851 2572 1214 2645 Ἑλληνικῆς
1257 2572 1482 2652 σοφίας
1532 2571 2021 2654 μετεσχηκόσιν,
2070 2566 2146 2633 ὦν
2194 2568 2319 2637 ἐςὶν
2369 2567 2616 2640 Ἰούλιος

263 2673 622 2753 Ἀρχέλαος,
671 2677 932 2755 Ἡρώδης
983 2676 1011 2741 ὃ
1059 2679 1436 2752 σεμνότατος
1485 2678 1590 2742 καὶ
1638 2678 1825 2747 αὐτὸς
1874 2678 1903 2741 ὁ
1944 2676 2452 2752 θαυμασιώτατος
2492 2675 2617 2751 βα-

264 2780 445 2852 σιλεὺς
507 2780 898 2859 ’Amin-orac.
973 2781 1443 2848 Testimonium
1492 2783 1909 2848 denunciatur
1952 2782 2331 2867 Imperatori
2375 2778 2616 2864 Vespa·

261 2886 415 2952 aiano
475 2895 538 2952 et
599 2890 738 2976 reg-i
792 2890 1145 2975 Agrippae3
1168 2944 1176 2951 .
1199 2889 1488 2973 equidem
1539 2893 1699 2954 scire
1743 2887 2039 2960 mallem.
2090 2886 2255 2972 quod
2294 2886 2613 2971 judicium

261 2990 461 3057 tulerit
516 2991 555 3058 J
561 2993 836 3059 ohannes
896 2992 1290 3081 Gisgalensis
1352 2995 1455 3061 vel
1513 2992 1554 3060 J
1559 3002 1741 3059 ustus
1801 2993 1967 3058 Pisti
2029 2991 2221 3058 filius.
2290 2992 2471 3072 Quod
2534 2992 2613 3057 ad

261 3098 450 3179 ipsum
505 3119 859 3165 sermonem
927 3102 1198 3175 attinet,
1265 3122 1434 3165 nunc
1484 3104 1698 3165 minus
1753 3100 2015 3165 fortasse
2064 3108 2159 3165 est
2207 3098 2569 3163 mirandum
2595 3148 2613 3183 ,

260 3206 555 3281 συνεργοὺς
621 3204 767 3270 illos
825 3208 992 3269 circa
1050 3208 1384 3272 verborum
1452 3206 1689 3271 formas
1734 3209 1889 3271 satis
1933 3207 2127 3271 fuisse
2176 3214 2501 3271 accuratos
2549 3214 2615 3271 et

259 3305 322 3371 L.
379 3308 768 3393 Dindorfius,
832 3311 988 3374 dum
1053 3312 1277 3375 scribit
1332 3310 1679 3396 Josephum
1746 3311 1954 3377 multo
2016 3314 2269 3396 puriore
2330 3315 2613 3376 oratione

257 3410 430 3480 fuisse
488 3437 714 3492 usum,
773 3436 967 3501 quam
1015 3415 1299 3501 plerique
1344 3420 1715 3501 opinantur,
1766 3418 1933 3503 quod
1982 3417 2306 3483 ostendere
2352 3422 2613 3482 conatus

255 3526 338 3583 cst
377 3522 444 3585 in
487 3520 906 3586 Fleckeisenii
959 3521 1312 3587 Annalibus
1360 3531 1440 3586 Ic
1484 3543 1547 3607 p.
1596 3521 1727 3587 821
1754 3572 1769 3598 ,
1810 3526 1879 3587 in
1918 3543 2043 3608 qua
2079 3524 2613 3587 commentatione

253 3622 398 3691 illud
445 3628 639 3691 etiam
697 3626 1012 3711 ostendit,
1060 3629 1266 3693 vitare
1310 3626 1662 3712 Joseplmm
1712 3628 2032 3695 vocalium
2081 3647 2456 3692 concursum
2477 3673 2493 3704 ,
2536 3626 2605 3692 L.

251 3726 593 3797 Dindorfius
641 3733 845 3818 igitur
893 3734 1214 3819 cogitabat
1264 3734 1342 3799 de
1393 3731 1781 3799 Graecorum
1834 3733 2284 3800 vocabulorum
2335 3731 2611 3798 declina-

254 3837 511 3901 tionibus
572 3844 638 3901 et
692 3838 1258 3924 conjugationibus.
1331 3837 1452 3904 Sed
1503 3848 1576 3903 ut
1623 3840 1703 3904 ab
1748 3840 1867 3905 hac
1912 3846 2089 3925 parte
2134 3838 2479 3904 laudabilis
2525 3840 2611 3905 sit

251 3939 487 4007 illorum
551 3949 852 4021 συνεργῶν
916 3964 1132 4027 opera,
1197 3946 1399 4029 ipsam
1441 3948 1758 4011 ‚orationis
1807 3946 2077 4010 formam
2128 3945 2429 4011 admirari
2481 3967 2608 4011 non

253 4067 486 4131 possum
549 4050 738 4134 idque
800 4052 1005 4136 egisse
1069 4051 1324 4116 videtur
1384 4049 1739 4135 Josephus,
1803 4072 1927 4136 quo
1976 4050 2126 4115 libri
2174 4054 2379 4117 carius
2426 4056 2607 4118 veni-

253 4164 406 4233 rent,
463 4163 536 4220 ut
583 4155 820 4242 viginti
867 4155 1050 4220 libris
1095 4156 1373 4241 expleret
1421 4178 1760 4222 numerum
1811 4160 2273 4244 quinquaginta
2321 4157 2603 4223 millium

255 4278 528 4325 versuum
549 4306 566 4337 ,
628 4280 754 4346 qua
813 4261 891 4326 de
945 4283 1014 4326 re
1058 4260 1302 4327 Bittius
1349 4263 1757 4329 conferendus
1803 4264 1878 4328 de
1924 4263 2140 4329 Libris
2186 4263 2489 4329 Veterum
2540 4284 2600 4348 p.

258 4362 392 4429 207.
456 4365 896 4432 Prolixitatem
963 4369 1097 4451 ipse
1157 4367 1626 4452 quodammodo
1689 4377 1949 4434 excusat
2009 4370 2223 4453 Antiq.
2294 4366 2393 4432 12.
2446 4366 2510 4433 2.
2563 4366 2602 4435 '7
