3150 5000
1297 249 1695 300 uenenorue.
2602 230 2686 296 39

311 417 566 484 donaria
623 416 884 498 ςρεπτὸν
953 421 1214 498 χρυσοῦν
1258 415 1405 497 πρὸς
1455 420 1538 499 τῷ
1588 416 1780 498 τοίχῳ
1795 464 1813 501 ,
1864 425 1919 482 Δ
1940 414 1984 482 ά
2001 439 2040 481 τ
2057 439 2075 479 ι
2095 415 2130 482 δ
2147 440 2175 482 ο
2192 441 2223 488 ς
2268 417 2313 480 ά
2330 441 2359 479 ν
2376 415 2466 482 au
2486 440 2519 488 η
2537 437 2589 493 μ
2606 439 2651 479 α
2668 462 2687 494 ,

309 525 483 600 ὅλκῆν
531 524 822 606 spamae
873 529 1150 600 ΔΔΛΓΙ-
1164 574 1180 591 .

387 737 512 804 VI.
565 738 654 805 98
707 738 1119 823 Ἀρταξέρξης
1158 740 1427 819 μέγας
1467 741 1690 821 άρῆιος.
1740 739 2103 825 Depravata
2136 741 2291 805 haec
2331 760 2466 806 esse
2504 738 2690 806 facile

302 844 572 911 concedo
637 843 884 911 Steinio
909 896 928 930 ,
991 846 1099 912 sed
1146 867 1296 912 cum
1341 845 1639 934 analogia
1683 851 1903 933 peccat
1950 845 2116 932 quod
2166 845 2688 912 substituendum

303 956 484 1038 putat
543 957 998 1032 μεγαλαρήιος.
1071 951 1448 1041 corrigatur
1491 953 1672 1033 μέγα
1719 953 1943 1033 άρήιος.
2016 949 2316 1019 Ceterum
2362 951 2688 1019 Herodoto

301 1057 460 1124 hanc
501 1057 802 1125 notulam
851 1059 1338 1127 abiudicandam
1382 1080 1517 1126 esee
1564 1059 1723 1126 bene
1774 1071 2178 1145 perspectum
2224 1063 2340 1124 est.

385 1269 492 1337 VI.
557 1269 692 1336 100
761 1271 924 1338 med.
995 1273 1044 1337 oi
1107 1273 1221 1348 μὲν
1272 1272 1398 1354 γάρ
1446 1273 1647 1338 αὐτῶν
1696 1308 1783 1321 -
1830 1269 2015 1336 ἄλλοι
2069 1269 2132 1348 δὲ
2182 1270 2470 1357 [αὖτῶν].
2531 1268 2690 1338 Dele

303 1397 654 1465 pronomen
695 1378 864 1445 male
907 1380 1273 1466 repetitum.

383 1593 497 1661 VI.
558 1593 687 1661 102
734 1592 950 1662 ἔπλεον
1001 1596 1060 1668 ές
1112 1597 1222 1671 την
1269 1595 1564 1669 Ἀττικὴν
1604 1591 2154 1675 κατέργοντές
2195 1617 2266 1658 τε
2310 1593 2539 1658 πολλὸν
2580 1593 2686 1658 καὶ

303 1699 614 1770 δοκέοντες
661 1700 872 1785 ταῦτὰ
920 1701 1060 1773 τοὺς
1107 1700 1465 1776 Ἀθηναίους
1512 1701 1781 1777 ποιήσειν
1804 1750 1822 1775 ,
1869 1701 1955 1763 τὰ
2004 1699 2109 1764 καὶ
2153 1699 2294 1771 τοὺς
2342 1697 2686 1779 Ἐρετριέας

301 1807 618 1882 ἐποίησαν.
669 1805 1108 1894 Depravatum
1149 1828 1283 1874 esse
1322 1806 1727 1888 κατέργοντες
1770 1810 2015 1872 constat
2032 1857 2050 1881 ,
2094 1805 2202 1872 sed
2234 1825 2457 1872 verum
2485 1825 2690 1891 neque

294 1916 572 2000 repperit
619 1911 887 1980 Dietsch
933 1915 1246 1981 coniciens
1293 1936 1331 1977 κ
1351 1937 1393 1977 α
1409 1937 1449 1978 τ
1465 1937 1493 1978 ο
1513 1937 1542 1995 ρ
1557 1938 1604 1993 γ
1622 1913 1650 1978 έ
1668 1937 1695 1979 ο
1714 1938 1745 1979 ν
1760 1939 1800 1980 τ
1816 1937 1846 1976 ε
1867 1937 1896 1985 ς
1922 1962 1942 1988 ,
1995 1912 2164 1997 quod
2203 1933 2328 1978 non
2368 1910 2689 2000 significat

296 2021 727 2103 uper-biems,
814 2020 924 2086 sed
997 2018 1535 2102 ὑπερακμάζοντες
1604 2023 1943 2105 interprete
2005 2018 2240 2085 Photio
2308 2020 2376 2083 in
2444 2017 2684 2103 lexico,

300 2147 503 2214 neque
557 2125 838 2216 Madvig
881 2148 1230 2213 proponens
1277 2151 1314 2192 κ
1331 2151 1375 2192 ά
1391 2151 1432 2192 τ
1447 2151 1490 2191 α
1507 2151 1553 2205 γ
1575 2151 1605 2190 ν
1622 2123 1655 2190 ό
1672 2150 1701 2191 ν
1716 2149 1757 2192 τ
1774 2149 1803 2190 ε
1822 2149 1875 2197 ς.
1939 2124 2227 2210 Utroque
2263 2125 2459 2193 verbo
2496 2123 2689 2212 longe

305 2235 520 2320 aptius
567 2232 829 2300 videtur
875 2256 913 2297 κ
929 2259 972 2298 α
990 2257 1029 2299 τ
1047 2257 1082 2309 η
1102 2247 1143 2297 λ
1159 2257 1186 2299 ο
1205 2232 1300 2313 γέ
1317 2256 1344 2299 ο
1362 2259 1391 2298 ν
1407 2256 1447 2298 τ
1465 2257 1494 2298 ε
1512 2258 1542 2307 ς
1567 2283 1585 2310 ,
1638 2233 1813 2298 valde
1861 2239 2203 2317 spernentes
2244 2231 2681 2298 Athenienses.

377 2445 494 2512 VI.
573 2445 707 2513 104
770 2446 878 2513 καὶ
943 2447 1060 2514 ὑπὸ
1121 2447 1499 2530 δικαστήριον
1562 2447 1811 2514 αὐτὸν
1860 2448 2350 2527 ἀγαγόντες
2405 2445 2679 2526 ἐδίωξαν.

293 2554 648 2621 Pronomen
715 2575 862 2620 cum
927 2552 1138 2621 codice
1195 2554 1485 2622 Romano
1557 2556 1719 2621 bene
1789 2557 2099 2643 expunxit
2168 2552 2447 2620 Cobetus
2466 2601 2483 2632 ,
2569 2552 2678 2619 sed

291 2663 488 2726 nostri
561 2682 721 2727 usus
791 2660 1016 2727 suadet
1087 2662 1698 2741 ὑπαγαγόντες.
1818 2659 1919 2728 Of.
1990 2659 2089 2727 VI
2162 2658 2269 2728 72.
2343 2657 2451 2726 82.
2527 2656 2677 2726 138.

291 2765 382 2831 lx
432 2765 540 2833 93.

375 2980 491 3049 VI.
561 2978 692 3047 106
757 2981 826 3060 ἦν
887 2984 1013 3064 γὰρ
1073 2982 1364 3062 Ῑςαμένου
1422 2988 1529 3049 τοῦ
1594 2982 1782 3063 μηνὸς
1854 2982 2182 3061 εἰνάτη,
2255 2982 2541 3064 εἰνάτη
2609 2981 2673 3047 δὲ

291 3089 420 3153 οὐκ
465 3088 900 3165 ἐξελεύσεσθαι
946 3086 1198 3173 ἔφασαν
1246 3089 1335 3168 μη
1374 3093 1438 3155 οὐ
1480 3090 1739 3169 πλήρεος
1781 3086 1978 3161 έόντος
2018 3092 2127 3155 τοῦ
2169 3088 2416 3155 κύκλου.
2462 3086 2668 3169 Quam

289 3192 530 3259 dudum
575 3197 645 3259 in
689 3195 1230 3261 commentariolis
1279 3196 1443 3261 meis
1487 3199 1863 3281 scripseram
1906 3196 2375 3261 coniecturam:
2413 3193 2623 3269 εἰνάτη
2651 3214 2668 3232 ·

287 3301 462 3383 <οἷ>
523 3300 588 3365 δὲ
645 3304 753 3367 οὐκ
814 3301 946 3365 κτὲ.
1011 3320 1177 3367 nunc
1241 3303 1480 3366 summi
1545 3304 1753 3367 critici
1818 3299 2085 3367 calculis
2131 3306 2196 3367 et
2244 3300 2671 3379 συνεμπτάσει

287 3404 554 3489 (Mnem-
603 3405 735 3473 111
784 3404 914 3471 166
965 3408 1086 3493 eq.)
1135 3408 1610 3492 comprobatam
1656 3428 1793 3473 ease
1832 3406 2041 3472 laetus
2078 3405 2290 3473 video.
2334 3405 2671 3473 Plutarch.

286 3510 446 3576 Mor.
507 3532 656 3599 pag.
719 3510 852 3577 862
910 3512 1064 3579 haec
1131 3513 1587 3579 describentem
1655 3516 1944 3579 omisisse
2005 3511 2214 3588 εἰνάτη
2235 3561 2251 3591 ,
2317 3518 2390 3578 ut
2438 3534 2665 3581 verum

285 3615 510 3694 fateor,
579 3618 676 3683 ita
728 3620 1042 3683 coniciens
1088 3618 1479 3705 ignorabam.
1555 3617 1845 3685 Alteram
1896 3624 2114 3684 autem
2162 3618 2379 3685 addidi
2428 3622 2672 3686 coniec-

285 3728 527 3801 turam,
591 3743 706 3789 nec
767 3724 978 3809 ipeam
1039 3724 1560 3809 improbabilem:
1633 3720 1701 3799 ἦν
1750 3760 1835 3775 --
1886 3724 2138 3801 εἰνάτη,
2196 3723 2377 3791 οὐδὲ
2426 3724 2563 3811 (pro
2610 3724 2671 3789 δὲ

282 3829 408 3915 οὐκ)
454 3826 890 3907 ἐξελεύσεσθαι
935 3828 1186 3912 ἔφασαν
1233 3830 1364 3897 κτὲ.
1820 3878 1829 3885 -

359 4041 481 4108 VI.
535 4042 662 4108 107
714 4040 935 4124 ὅρμιζε
981 4040 1067 4110 οὗ
1082 4068 1238 4117 τος.
1301 4044 1661 4112 Pronomen
1702 4045 2022 4121 abundat,
2064 4046 2172 4112 sed
2218 4048 2415 4141 etiam
2454 4050 2669 4113 minus

283 4145 401 4214 fero
463 4150 922 4216 abundantiam
967 4152 1036 4215 in
1082 4152 1490 4235 sequentibus
1539 4145 1637 4217 οἷα
1686 4151 1748 4217 δέ
1799 4153 1851 4217 οἱ
1900 4151 2296 4233 πρεσβυτέρῳ
2346 4151 2500 4218 ἐόντι
2549 4160 2667 4219 τῶν

285 4252 520 4323 ὃῖόντιον
567 4258 618 4323 οἱ
668 4261 929 4328 πλεῦνες
978 4257 1242 4322 ἐσεὶοντο
1271 4280 1284 4295 ·
1348 4259 1573 4324 τούτων
1624 4256 1700 4323 ὦν
1748 4256 1855 4323 ἕνα
1907 4260 2052 4345 [τῶν
2098 4259 2377 4344 ὀδόντων]
2428 4256 2666 4336 έκβάλ·

288 4372 370 4427 λει
431 4362 549 4431 ὑπὸ
596 4362 742 4441 βίης
789 4360 1016 4441 βήξας.
1089 4363 1162 4429 ln
1205 4362 1484 4451 Hippiae
1532 4365 1777 4432 verbis:
1828 4368 1901 4429 ‘H
1950 4374 2037 4444 γῆ
2088 4364 2189 4443 ἥδε
2242 4366 2346 4430 οὐκ
2394 4364 2658 4445 ἧμετέρη
