3150 5000
713 1144 1357 1248 MONENDUM
1421 1145 1566 1248 DE
1635 1144 2202 1249 HERODOTI
2265 1142 2844 1249 EDITIONIS

1396 1299 1710 1404 MEAE
1777 1299 2021 1406 VOL.
2083 1297 2152 1408 Ι.

1570 1652 1986 1702 Quo·-

680 1948 1056 2015 Satisfacere
1103 1949 1299 2015 debeo
1354 1949 1627 2014 NA‘mmo
1674 1955 1886 2014 nostro
1934 1947 2012 2014 de
2055 1949 2341 2032 iniuriis,
2396 1968 2554 2032 quas
2601 1954 2778 2014 certa
2826 1965 2976 2032 qua-

592 2085 739 2151 dam
801 2085 879 2150 de
942 2105 1131 2150 causa
1178 2085 1453 2150 nimium
1502 2085 1809 2150 festinans
1853 2085 2041 2168 primi
2093 2081 2403 2149 Herodoti
2449 2086 2579 2147 mei
2629 2081 2976 2149 voluminis

592 2221 933 2287 editionem
984 2221 1353 2306 imprudens
1400 2223 1461 2287 ei
1504 2220 1738 2304 intuli,
1789 2219 2113 2305 aliquanto
2159 2221 2366 2284 rarius
2413 2240 2606 2303 quam
2635 2241 2750 2305 par
2773 2219 2972 2284 fuerat

591 2360 729 2423 eius
792 2357 1339 2423 emendationibus
1403 2357 1613 2444 (factis
1676 2359 1743 2422 in
1806 2355 2222 2442 Mnemosyne
2283 2377 2338 2421 a.
2407 2354 2583 2420 1853
2647 2362 2715 2420 et
2777 2351 2970 2434 1854)

588 2494 963 2581 recipiendis
1028 2502 1139 2559 aut
1200 2495 1806 2579 commemorandis,
1865 2493 2017 2560 licet
2077 2516 2152 2559 ea
2213 2490 2626 2582 neglegentia
2671 2500 2739 2559 et
2783 2491 2968 2558 Hero-

590 2631 723 2697 doti
783 2629 1127 2697 lectoribus
1186 2637 1251 2696 et
1311 2631 1474 2695 mihi
1522 2630 1668 2715 plus
1714 2652 1906 2714 quam
1955 2629 2056 2695 illi
2103 2629 2452 2696 nocuerim.
2525 2629 2732 2705 Cuius
2779 2646 2968 2715 paene

588 2764 981 2832 incredibilis
1025 2766 1272 2851 (quidni
1318 2768 1489 2830 enim
1537 2766 1737 2832 fatear
1750 2764 1803 2853 ?)
1850 2766 2171 2832 socordiae
2218 2786 2410 2831 causa
2446 2766 2595 2831 hinc
2637 2762 2968 2851 repetenda

592 2908 725 2981 est,
792 2904 957 2988 quod
1012 2902 1168 2968 olim
1220 2900 1477 2969 illarum
1528 2904 2046 2969 emendationum
2093 2862 2343 2989 nartem
2391 2903 2458 2967 in
2503 2902 2802 2989 margine
2846 2899 2970 2965 mei

590 3039 973 3123 exemplaris
1016 3046 1464 3106 annotaveram
1487 3086 1503 3117 ‚
1544 3045 1766 3123 postea
1803 3060 1953 3105 vero
1989 3043 2054 3103 in
2093 3039 2333 3105 edendo
2371 3045 2718 3124 occupatus
2759 3052 2969 3105 omnes

591 3196 697 3239 me
743 3179 1071 3240 annotasse
1116 3176 1370 3259 putavi:
1426 3195 1618 3258 quam
1668 3195 1802 3240 rem
1849 3174 2036 3240 aliter
2081 3196 2148 3241 se
2195 3174 2428 3241 habere
2473 3176 2636 3241 eheu
2681 3196 2812 3240 non
2853 3170 2965 3237 nisi

592 3329 728 3375 sero
773 3310 1211 3375 animadverti.
1254 3309 1457 3375 'Hinc
1504 3331 1753 3395 quoque
1802 3313 2040 3375 factum
2091 3316 2185 3375 est
2235 3316 2309 3376 ut
2350 3311 2618 3377 subinde
2657 3319 2777 3377 aut
2815 3306 2968 3375 mihi

594 3453 706 3511 aut
754 3443 992 3513 Cobeto
1039 3449 1450 3512 correctiones
1497 3446 1740 3511 dudum
1791 3446 1873 3512 ab
1918 3444 2032 3512 illo
2078 3450 2434 3532 propositas
2481 3448 2858 3515 tribuerem.

683 3581 855 3649 Scito
918 3584 1122 3671 igitur
1185 3583 1486 3649 editionis
1545 3604 1726 3649 meae
1784 3582 1984 3649 lector
2042 3605 2079 3649 a
2139 3584 2390 3651 Nabero
2436 3584 2594 3650 olim
2642 3588 2968 3672 occupatas

596 3740 729 3785 esse
789 3721 1259 3788 emendationes
1317 3726 1598 3807 receptas
1659 3720 1825 3786 mihi
1884 3721 1919 3786 1
1985 3720 2102 3800 ¹73,
2162 3721 2270 3786 14.
2331 3722 2499 3806 181,
2553 3722 2657 3787 14.
2705 3720 2866 3799 207,
2913 3714 2967 3783 ¹7.

596 3854 766 3931 225,
834 3855 895 3920 4.
956 3854 1020 3919 Π
1085 3855 1157 3934 1,
1220 3858 1279 3923 5.
1342 3856 1509 3941 125,
1560 3857 1640 3932 5,
1689 3856 1914 3923 deinde
1959 3877 2064 3923 me
2113 3855 2323 3923 dolere
2369 3858 2538 3943 quod
2587 3878 2734 3924 mea
2779 3858 2968 3945 ipsius

598 3989 789 4076 culpa
830 4011 954 4055 non
998 3994 1403 4079 cognoverim
1451 3992 1615 4058 hano
1662 3995 1786 4058 viri
1832 3996 2188 4059 acutissimi
2233 3996 2661 4061 coniecturas:

690 4128 757 4205 I,
811 4126 887 4205 1,
938 4126 977 4192 9
1029 4128 1366 4202 οἰκίσαντες
1396 4166 1477 4179 -
1506 4129 1612 4194 καὶ
1660 4134 1762 4195 νῦν
1809 4129 2050 4205 <ἓτι>.

694 4312 728 4343 ,,
805 4264 882 4348 4,
936 4264 1018 4329 14
1064 4265 1175 4337 rhu
1223 4266 1459 4343 <μέν>
1510 4267 1656 4347 γὰρ.

693 4448 729 4481 ,,
810 4398 926 4480 10,
981 4399 1063 4465 10
1110 4403 1258 4481 παρ’
1305 4398 1563 4467 ἅπασι
1613 4411 1792 4469 τοῖσι.
