3150 5000
1289 215 1757 300 mnonnmnvs.
2586 229 2718 296 271

335 420 592 503 ageret,
653 415 976 482 inmodica
1033 436 1244 481 rerum
1311 415 1731 482 secundarum
1790 415 2239 500 prosperitate,
2302 413 2486 480 uelut
2532 413 2723 481 luxu-

329 523 566 587 riantes
631 522 923 588 ubertate
985 524 1191 588 nimia
1237 521 1454 610 fruges
1471 572 1489 607 ,
1538 522 1721 588 bonis
1767 524 1901 588 suis
1944 522 2234 607 protinus
2280 523 2720 588 occasurum.''

427 625 691 718 Corrige
739 631 848 706 „ni
895 627 1176 695 sedatius
1223 634 1442 717 ageret
1486 631 1570 694 in
1616 629 1937 696 inmodica
1982 649 2034 692 r.
2079 649 2129 692 s.
2179 627 2661 714 prosperitate.”

425 845 532 914 12.
584 847 645 914 5.
723 847 887 926 ,,Π18
930 854 1145 915 tamen
1194 897 1209 913 .
1239 897 1254 913 .
1287 898 1303 915 .
1351 847 1556 916 nihilo
1602 847 1929 915 lentius
1975 847 2490 936 magnitudinem
2538 868 2722 934 expe-

329 951 595 1019 ditionis
663 973 880 1021 secum
949 960 1384 1023 commentans
1451 957 1522 1021 in
1592 955 2041 1042 praeparandis
2104 955 2403 1041 cong-ruis
2464 973 2721 1039 operam

325 1059 610 1126 nauabat
657 1062 980 1126 enixam.”

419 1165 707 1233 Emenda
754 1166 998 1245 „nihilo
1048 1167 1388 1234 setius.”

425 1371 527 1438 13.
579 1370 641 1439 3.
695 1371 1147 1459 „Asclepiades
1189 1371 1607 1461 philosophus
1656 1405 1686 1438 .·
1702 1420 1718 1437 .
1746 1419 1762 1438 .
1813 1372 1969 1439 deae
2012 1371 2303 1438 caelestis
2338 1377 2716 1460 argenteum

325 1479 518 1546 breve
563 1477 948 1568 figmentum
996 1527 1011 1544 .
1045 1528 1062 1546 .
1091 1528 1109 1545 .
1161 1485 1306 1545 ante
1351 1479 1541 1565 pedes
1587 1480 1818 1545 statuit
1862 1478 2192 1545 simulacri
2239 1477 2717 1545 sublimes.”

415 1585 789 1653 Latinitatis
836 1589 1001 1653 ratio
1045 1583 1328 1673 postulat
1374 1586 1647 1664 „statuit
1693 1633 1711 1651 .
1738 1635 1755 1652 .
1784 1635 1800 1653 .
1851 1605 1944 1652 su
1962 1584 2165 1651 blim
2182 1585 2284 1651 e.”

421 1783 526 1850 13.
595 1783 658 1851 3.
720 1785 956 1874 „Ignes
1012 1783 1208 1851 aridis
1263 1784 1677 1850 nutrimentis
1740 1785 1932 1850 erecti
1978 1804 2162 1851 omne
2209 1784 2520 1872 quidquid
2567 1807 2718 1854 con-

321 1892 498 1978 tingi
541 1894 756 1977 potuit
773 1940 790 1969 ,
839 1891 925 1957 lic
945 1898 1026 1958 et
1071 1890 1449 1956 discretum
1499 1889 1877 1957 celsitudine
1896 1938 1912 1967 ,
1964 1892 2513 1957 concremarunt.”

421 1997 600 2063 Inter
642 1997 855 2064 licet
905 2003 969 2063 et
1019 1997 1488 2062 discretum
1536 1994 1843 2062 Gelenius
1886 1999 2157 2062 inseruit
2206 1998 2512 2075 „ardua.”
2556 1998 2717 2066 Pro-

320 2103 605 2169 babilius
664 2107 960 2170 existimo
1030 2108 1288 2190 propter
1354 2103 1687 2169 literarum
1758 2103 2254 2170 similitudinem
2320 2104 2717 2172 intercidisse

321 2210 583 2276 edita.

421 2407 528 2476 15.
579 2407 640 2474 9.
709 2410 1127 2496 „Aethiopiae
1193 2416 1404 2496 partes
1464 2415 1935 2496 praetermeans
1996 2408 2188 2476 Nilus
2232 2413 2568 2478 nominum
2616 2409 2715 2478 di-

320 2517 628 2582 uersitate
679 2514 718 2581 d
736 2537 771 2581 e
789 2536 823 2581 c
841 2536 1033 2581 ursa
1051 2564 1067 2592 ,
1120 2536 1279 2601 quae
1325 2516 1385 2581 ei
1433 2516 1651 2583 orbem
1698 2518 2066 2604 peragranti
2103 2519 2393 2584 nationes
2430 2518 2718 2586 indidere

319 2620 683 2707 complures
732 2670 749 2687 .
777 2671 794 2689 .
823 2670 840 2686 .
887 2622 968 2688 ad
1015 2626 1364 2689 cataractas
1411 2623 1655 2689 uenit.'’

413 2728 847 2815 Eyssenhardt
895 2727 1169 2794 affirmat
1210 2731 1278 2793 in
1316 2727 1460 2795 Vat.
1502 2735 1747 2795 exstare
1787 2726 2124 2794 lectionem
2166 2728 2206 2795 d
2225 2750 2310 2796 ec
2327 2751 2546 2811 ussa3
2590 2753 2717 2799 non

319 2835 550 2901 dubito
609 2839 766 2921 quin
828 2838 919 2902 sic
981 2834 1138 2901 olim
1201 2837 1510 2921 scriptum
1557 2837 1663 2900 sit.
1712 2832 1905 2900 Nilus
1949 2835 2286 2901 nominum
2332 2839 2714 2905 uarietatem

317 2943 534 3019 exuit,
589 2940 846 3028 deponit
896 2947 1227 3029 tamquam
1275 2962 1456 3007 onus.

419 3153 524 3219 15.
577 3152 683 3221 10.
735 3152 924 3220 Nilus
973 3154 1200 3220 exinde
1246 3153 1454 3221 lenius
1499 3174 1717 3219 means
1765 3172 1878 3237 per
1924 3156 2087 3220 ostia
2122 3161 2399 3240 septem,
2436 3176 2711 3243 quorum

319 3260 582 3349 singula
627 3266 1075 3348 perpetuorum
1127 3263 1417 3326 amnium
1466 3280 1556 3325 us
1574 3280 1704 3325 um
1754 3244 1819 3326 e⁰t
1863 3260 2093 3327 faciem
2129 3262 2465 3347 praebent,
2514 3262 2714 3331 nullis

316 3387 435 3453 per
480 3369 856 3455 Aegyptum
905 3370 1086 3453 aquis
1135 3371 1408 3432 externis
1455 3365 1716 3432 adiutus
1764 3368 2088 3433 eiectatur.

414 3471 620 3559 Legae
691 3492 924 3557 quaeso
999 3474 1317 3556 „uisum
1387 3476 1454 3537 et
1513 3472 1813 3538 faciem.'’
1865 3509 1947 3520 —
1996 3472 2241 3539 Eodem
2306 3474 2496 3542 modo
2542 3477 2711 3563 apud

317 3578 616 3645 Tacitum
638 3626 656 3657 ,
706 3580 870 3644 Anu.
923 3578 1091 3643 XIV.
1139 3578 1224 3644 10
1262 3600 1387 3644 uno
1424 3585 1641 3645 tenore
1681 3580 2015 3645 coniuncta
2052 3578 2361 3667 leguntur
2401 3583 2710 3663 „uultus”

315 3688 386 3751 et
437 3686 847 3769 „aspectus'':
903 3684 1134 3764 „uultu
1185 3693 1250 3751 et
1295 3690 1553 3770 aspectu
1602 3689 1915 3750 exterrere
1958 3683 2309 3773 legiones.”
2355 3687 2436 3753 In
2482 3686 2704 3756 Germ.

316 3812 372 3857 c.
437 3789 480 3855 2
545 3788 893 3858 Germania
953 3792 1190 3856 dicitur
1251 3812 1385 3857 esse
1435 3791 1637 3856 tristis
1688 3790 1912 3868 „cultu
1957 3796 2407 3880 aspectuque’'‚
2458 3796 2569 3862 ubi
2617 3796 2707 3863 le·

315 3896 601 3984 gendum
669 3895 924 3963 uidetur
992 3896 1222 3980 „uultu
1270 3899 1718 3982 aspectuque.”
1766 3898 1956 3983 Apud
2003 3904 2222 3983 poetas
2268 3901 2529 3967 uultum
2576 3924 2711 3970 sae-

317 4006 464 4090 pius
531 4007 855 4067 externam
919 4001 1192 4067 alicuius
1249 4005 1342 4067 rei
1389 4008 1665 4088 speciem
1712 4000 2069 4090 sig-nificare
2115 4009 2523 4073 notissimum
2572 4016 2705 4095 est3

317 4108 399 4175 cf.
464 4107 666 4196 Verg.
729 4111 888 4174 Aen.
937 4107 1015 4173 V.
1065 4107 1233 4184 8483
1281 4107 1399 4174 Ou.
1447 4108 1611 4174 Met.
1662 4109 1711 4174 I.
1764 4108 1825 4174 6.
1872 4107 1979 4175 Sic
2024 4109 2278 4177 Plinius
2326 4134 2571 4200 quoque
2614 4114 2703 4181 Η.

314 4214 400 4281 N.
449 4212 571 4279 XI.
622 4213 727 4279 52.
783 4213 911 4280 114
963 4218 1187 4303 „signa
1235 4221 1298 4281 et
1342 4214 1581 4283 indicia
1626 4220 1694 4282 in
1740 4215 1932 4282 uultu
1972 4222 2037 4285 et
2070 4225 2326 4305 aspectu
2367 4219 2705 4288 alicuius.'’
