3150 5000
1188 259 1618 308 rnuurmnm.
2461 239 2594 306 423

178 425 565 508 φθείροντοῗ
633 426 759 492 Per
828 447 894 492 se
960 427 1081 494 hoc
1144 427 1387 513 optime
1446 425 1872 514 intelligitur:
1936 425 2204 491 afferunt
2247 427 2374 492 viri
2423 423 2596 491 docti

174 533 543 600 Plutarchi
588 533 840 600 locum:
890 533 1059 598 κατὰ
1108 512 1381 615 πρανόῦς
1416 533 1735 615 φερόμενοι
1785 541 1910 604 τοῖς
1962 531 2166 613 δόρασι
2202 533 2597 614 περιέπιπτον

177 639 377 704 αὐτοὶ
433 647 557 712 τοῖς
608 639 837 704 ἑαυτῶν
857 687 875 718 ,
920 659 1034 705 nec
1083 639 1351 704 dubium
1400 644 1495 705 est
1544 640 1697 724 quin
1739 639 2004 704 eandem
2046 641 2426 724 scripturam
2465 638 2596 703 Lu-

177 748 430 812 cianus
498 747 567 810 in
634 745 849 812 codice
908 765 1024 812 suo
1082 746 1433 824 invenerit,
1502 765 1650 810 cum
1715 743 1908 810 Zeux.
1975 766 2028 810 c.
2098 745 2182 810 10
2243 744 2456 810 locum
2502 747 2598 810 ita

176 853 538 917 imitetur:
580 851 1052 933 περιπειρόμενοι
1094 851 1201 916 ὑπ’
1247 853 1537 926 ἀλλήλων
1575 859 1702 924 τοῖς
1745 851 2040 931 δορατίοις
2083 857 2144 918 et
2171 852 2348 917 ducit
2373 851 2594 918 eodem

178 957 432 1023 Aelius
476 955 821 1045 Dionysius
868 960 1181 1025 scribens:
1228 956 1820 1036 ἐμπαλασσόμενοι·
1869 958 2006 1022 ἀντὶ
2054 963 2160 1022 τοῦ
2211 957 2596 1035 ἐμπλεκόμε-

182 1089 265 1128 νοι
290 1111 309 1140 ,
388 1065 864 1146 περιπειρόμενοι
912 1065 1149 1145 δόρατι,
1198 1065 1543 1147 φυρόμενοι.
1623 1062 1748 1130 Sed
1794 1064 2132 1130 lectionem
2181 1067 2598 1150 quantumvis

182 1175 533 1238 vetustam
602 1192 820 1239 veram
884 1193 1017 1238 esse
1079 1193 1262 1260 nege.
1314 1172 1533 1238 Veluti
1579 1172 1746 1258 quod
1795 1171 1990 1261 Aelio,
2029 1172 2338 1260 Dionysio
2391 1176 2599 1252 ἔμπα-

185 1277 577 1354 λασσόμενοι
650 1284 745 1343 est
810 1265 1277 1359 περιπειρόμενοι
1340 1278 1583 1362 δόρατι,
1645 1278 1714 1344 id
1776 1286 1944 1344 certe
1991 1299 2116 1344 non
2161 1281 2554 1364 probandum
2580 1329 2597 1358 ,

184 1403 348 1448 nam
420 1385 476 1450 si
538 1385 799 1469 quidem
861 1383 1271 1472 Thucydides
1332 1386 1617 1470 scripsit,
1669 1383 1836 1470 quod
1881 1384 2072 1450 hodie
2117 1387 2186 1449 in
2233 1384 2417 1451 libris
2463 1393 2596 1470 est,

185 1489 585 1554 debebimus
622 1489 838 1556 locum
879 1491 1227 1556 necessario
1265 1489 1660 1576 intelligere,
1679 1471 1688 1484 ’
1709 1489 2250 1576 quemadmodum
2277 1490 2602 1558 Arnoldus

182 1593 563 1661 intellexit:
626 1597 679 1660 it
723 1602 777 1661 ie
826 1597 1057 1662 evident
1102 1597 1234 1660 that
1280 1598 1377 1661 the
1420 1597 1611 1660 words
1655 1594 1828 1668 εὐθὺς
1879 1595 2278 1678 διεφθείροντο
2327 1599 2494 1684 refer
2539 1605 2598 1662 to

186 1701 328 1780 περ)
400 1709 531 1775 τοῖς
594 1703 885 1782 δορατίοις
951 1705 1075 1766 cmd
1139 1695 1193 1767 οἳ
1241 1739 1323 1750 -
1373 1703 1689 1782 κατέρρεον
1735 1710 1793 1767 to
1843 1702 2156 1781 σκεύεσιν,
2207 1724 2595 1789 quamquam

184 1807 315 1872 boc
384 1810 445 1873 si
510 1811 821 1894 sequeris,
887 1809 1139 1890 δοράτια
1201 1808 1315 1874 illa
1376 1808 1543 1874 nibil
1604 1809 2010 1895 pertinebunt
2057 1809 2137 1874 ad
2182 1813 2598 1897 participium

190 1915 781 1992 ἐμπαλασσόμενοι.
832 1913 955 1983 Sed
1001 1916 1274 2003 legerint
1314 1914 1634 1981 Lucianus
1672 1921 1744 1994 et⁸
1775 1915 1998 1982 Aelius
2038 1916 2384 2004 Dionysius
2424 1918 2598 1983 idem

194 2021 319 2086 hoc
340 2069 359 2099 ,
442 2022 609 2107 quod
668 2023 856 2090 hodie
916 2044 1163 2109 quoque
1224 2021 1538 2110 legimus:
1603 2025 1754 2088 novi
1800 2029 2016 2088 tamen
2065 2044 2258 2108 quam
2308 2030 2596 2089 vetustae

200 2128 569 2194 admodum
636 2128 947 2195 librorum
1019 2128 1407 2196 Graecorum
1478 2128 1870 2215 corruptelae
1939 2131 2109 2206 sint,
2183 2151 2338 2216 quos
2408 2150 2600 2197 sanae

204 2237 454 2300 rationi
514 2256 866 2321 numquam
928 2242 1304 2321 anteponam
1370 2247 1433 2300 et
1493 2235 1646 2320 quid
1691 2236 1951 2301 tandem
2001 2241 2097 2302 est
2143 2237 2277 2315 περὶ
2326 2244 2450 2309 τοῖς
2502 2236 2601 2300 δο-

198 2341 440 2420 ρατίοις
488 2342 617 2406 καὶ·
640 2340 960 2408 σκεύεσινῗ
1004 2342 1548 2428 Praepositionem
1597 2363 1743 2407 cum
1793 2342 2009 2408 dativo
2046 2346 2336 2408 iunctam
2378 2341 2599 2407 eodem

196 2447 397 2515 modo
448 2447 854 2537 Thucydides
894 2448 1087 2515 habet
1120 2447 1152 2515 Ῑ
1192 2447 1313 2515 69:
1354 2450 1458 2515 τὸν
1496 2447 1818 2529 βάρβαρον
1858 2448 1992 2530 περὶ
2035 2447 2203 2531 αὐτῷ
2243 2448 2600 2532 σφαλέντα.

197 2552 552 2643 Intelligo,
598 2558 860 2641 inquam
881 2602 897 2634 ,
946 2556 1079 2635 περὶ
1130 2557 1421 2636 δορατίοις
1471 2554 2061 2633 ἐμπαλασσόμενοι,
2105 2556 2212 2622 sed
2254 2556 2601 2621 absurdum

199 2659 331 2725 fere
384 2666 489 2727 est
530 2663 599 2727 in
648 2668 782 2727 tam
830 2662 1139 2728 horrenda
1184 2661 1361 2727 clade
1410 2662 1739 2727 hastarum
1789 2664 2180 2727 mentionem
2220 2664 2604 2751 coniungere

206 2786 353 2831 cum
422 2768 703 2832 sarcinis.
768 2767 1056 2834 Instabat
1119 2768 1475 2854 periculum
1497 2816 1512 2846 ,
1563 2768 1747 2833 credo
1767 2815 1783 2846 ,
1832 2768 1911 2833 ab
1957 2770 2274 2853 utrisque,
2323 2768 2433 2833 sed
2477 2788 2604 2833 non

208 2872 438 2939 eodem
510 2874 737 2941 modo:
808 2876 1061 2941 etiamsi
1130 2895 1296 2939 unus
1358 2879 1423 2939 et
1480 2872 1643 2938 alter
1703 2873 1912 2939 iaculo
1969 2872 2311 2939 transfixus
2370 2874 2602 2953 fuerit,

209 2976 365 3043 dum
420 2981 637 3046 omnia
682 2980 1228 3047 confundebantur
1274 2983 1341 3045 in
1389 2979 1695 3067 globum,
1746 2980 1903 3043 dum
1954 2979 2115 3045 alter
2154 2978 2432 3046 alterum
2473 2986 2607 3044 tru-

211 3082 439 3165 debat,
504 3084 696 3173 longe
759 3094 973 3153 tamen
1036 3087 1336 3171 plurimi,
1401 3088 1500 3151 uti
1562 3103 1838 3171 aequum
1903 3098 2030 3161 est,
2097 3089 2422 3171 periemnt
2467 3086 2602 3166 περὶ

210 3199 334 3264 τοῖς
412 3192 687 3256 σκεύεσιν
708 3242 727 3277 ,
791 3194 909 3259 sub
971 3194 1231 3259 sarcinis
1294 3191 1619 3276 suffocati,
1685 3190 1964 3276 depulsi,
2032 3190 2403 3257 conculcati.
2474 3192 2608 3259 Nec

210 3296 477 3363 fortasse
525 3298 807 3365 alienum
850 3306 945 3365 est
985 3299 1337 3365 adscribere
1379 3298 1572 3364 verba
1612 3297 1897 3383 Adolphi
1937 3297 2199 3364 Thiers:
2240 3305 2603 3386 postquam,

211 3402 423 3488 inquit
446 3454 461 3481 ,
516 3405 596 3471 ad
634 3404 1001 3471 Berezinam
1041 3410 1419 3490 perventum
1462 3409 1598 3481 eet,
1645 3426 1720 3468 on
1759 3426 1820 3469 se
1856 3406 2076 3469 serr-ait
2097 3454 2114 3483 ,
2156 3428 2230 3469 on
2253 3404 2570 3490 sefoulait
2586 3454 2605 3485 ,

217 3530 287 3571 on
349 3511 601 3575 montait
665 3534 773 3574 sur
830 3510 979 3575 'ceu-2·
1040 3512 1144 3597 qui
1187 3509 1409 3575 §taient
1457 3518 1588 3593 trop
1616 3510 1864 3593 saibles
1897 3533 2059 3594 pour
2106 3533 2167 3575 se
2213 3517 2498 3594 conten-ir,
2551 3518 2610 3575 et

215 3637 286 3679 on
346 3618 437 3682 les
498 3616 753 3682 e‘erasait
812 3640 950 3683 sour
1000 3640 1088 3681 ees
1124 3618 1319 3700 piade.
1362 3616 1559 3682 Mitto
1609 3614 1815 3681 dicere
1862 3619 1930 3681 in
1978 3637 2051 3681 ea
2100 3620 2605 3683 consternatione

220 3724 428 3789 maius
491 3724 685 3789 fuisse
749 3725 827 3789 ab
889 3723 1125 3812 gladiis
1186 3722 1541 3811 periculum
1609 3742 1800 3806 quam
1849 3724 1926 3788 ab
1974 3723 2174 3788 hastis
2220 3724 2436 3809 itaque
2483 3723 2606 3789 Dio

218 3822 471 3896 Cassius
518 3828 773 3895 XLVII.
827 3829 949 3895 44:
1001 3830 1500 3907 συμπλεκόμενοί
1544 3852 1700 3899 τινες
1750 3828 1820 3891 τὸ
1869 3830 1982 3905 μὲν
2031 3829 2238 3894 παίειν
2288 3830 2600 3905 ἀλλήλους

221 3934 591 4019 ἀφῃροῦντο,
654 3944 733 4017 τῇ
784 3936 851 4001 δὲ
898 3937 965 4009 δὴ
1016 3936 1312 4014 συμμίξει
1366 3936 1468 3999 καὶ
1516 3941 1634 3997 τῶν
1681 3932 1930 4014 ξιφῶν
1983 3935 2087 3999 καὶ
2136 3942 2252 3999 τῶν
2303 3934 2605 4013 σωμάτων

222 4036 565 4109 διώλλυντο.
638 4042 849 4109 Sensit
912 4045 1029 4109 boc
1090 4042 1592 4118 HerwerdenuS,
1660 4043 1803 4127 qui,
1869 4047 2192 4127 exspectes
2239 4043 2453 4126 potius
2504 4044 2604 4107 in-

226 4150 386 4235 quit,
460 4171 574 4237 pro
647 4148 963 4234 σκεύεσιν,
1034 4146 1235 4225 ξυςοῒς
1298 4148 1401 4215 vel
1464 4146 1708 4229 ξίφεσιν
1776 4147 1875 4213 vel
1939 4146 2182 4233 aliquid
2254 4148 2604 4233 eiusmodi,

230 4251 386 4321 stud.
447 4276 507 4342 p.
580 4254 732 4340 103,
791 4256 897 4321 sed
959 4258 1027 4320 in
1091 4254 1367 4321 editione
1411 4255 1834 4339 suspicionem
1883 4274 2009 4319 non
2057 4256 2329 4339 recepit,
2382 4253 2567 4320 credo
2593 4302 2612 4333 ,

230 4361 387 4441 quod
444 4382 571 4427 non
633 4363 789 4427 satis
850 4361 1106 4428 evidens
1172 4361 1525 4428 videbatur.
1599 4359 1696 4425 Ita
1759 4366 1885 4425 est:
1933 4358 2110 4426 locus
2156 4359 2272 4425 alit
2317 4362 2557 4426 vitium
2581 4406 2598 4438 ,
