3150 5000
1200 292 1601 344 monemus.
2464 273 2591 340 169

326 459 416 526 IX
478 458 599 524 108
658 461 800 525 init.
864 460 997 525 οὐδὲ
1054 459 1201 539 βίην
1264 459 1600 540 προσέφερε
1645 455 2124 538 προμηθεόμενος
2172 458 2256 523 τὸ
2281 483 2310 522 ν
2360 457 2594 524 ἀδελ-

246 567 419 644 φεὸν
478 566 790 640 Μασίςην.
878 564 1153 632 Difficile
1200 571 1298 630 est
1342 564 1593 631 credere
1638 565 1910 630 verbum
1957 563 2398 644 προμηθέεσθαι
2447 584 2598 629 con-

243 674 385 738 strui
443 693 617 759 posse
677 693 824 738 cum
892 673 1303 749 Accusativo,
1370 671 1565 755 idque
1626 691 1698 736 eo
1762 669 2088 736 difficilius
2145 670 2314 756 quod
2356 669 2418 735 11
2469 669 2598 736 172

241 785 391 844 recte
423 777 661 866 legitur
704 778 1043 866 genetivus
1090 781 1283 856 τιμᾶν
1323 801 1393 842 τε
1440 776 1545 842 καὶ
1595 773 2033 856 προμηθέεσθαι
2073 777 2294 841 ἑωυτοῦ
2332 775 2594 846 ἐκέλευε.

244 884 543 950 Audacius
600 883 807 951 videri
870 886 1069 968 possit
1132 885 1445 970 corrigere
1505 886 1612 948 τοῦ
1673 881 1985 961 ἀδελφεοῦ
2048 883 2428 966 Μασίστεω,
2491 883 2602 948 sed

241 1010 391 1056 cum.
428 989 731 1056 Masistse
774 1010 1001 1057 nomen
1018 1039 1033 1068 ‚
1089 989 1255 1075 quod
1304 990 1592 1074 proxime
1638 1007 2080 1075 praegressum
2129 994 2226 1054 est
2243 1035 2258 1066 ‚
2309 991 2601 1073 spurium

238 1095 542 1174 videatur,
590 1115 715 1162 non
766 1102 859 1162 est
904 1097 1125 1183 gravis
1170 1097 1447 1161 mutatio
1486 1093 1965 1174 προμηθεόμενος
2005 1096 2142 1158 τοῦ
2185 1093 2600 1175 ἀδελφεοῦ

241 1199 425 1266 deleto
470 1203 729 1268 nomine
774 1203 1025 1286 proprio
1074 1200 1243 1286 quod
1286 1199 1424 1268 loco
1468 1201 1600 1266 iam
1652 1207 1945 1285 corrupto
1989 1199 2383 1285 adscriptum
2429 1199 2604 1265 vide-

242 1311 345 1370 tur.
431 1306 667 1372 Paucis
738 1308 1131 1392 interpositis
1208 1308 1490 1393 corrige:
1552 1306 1686 1371 ἐπεὶ
1749 1307 1812 1372 δὲ
1873 1305 2146 1370 ἐκεῖσέ
2206 1328 2279 1370 τε
2339 1305 2602 1374 ἀπίκετο

141 1422 144 1424 ’
239 1431 335 1496 pro
378 1412 569 1478 ἐκεῖ.

314 1629 408 1696 IX
470 1629 603 1696 109
666 1637 827 1697 extr.
893 1630 1071 1697 ἀλλὰ
1138 1631 1315 1702 πόλις
1376 1655 1448 1696 τε
1512 1631 1704 1696 ἐδίδου
1751 1630 1855 1695 καὶ
1903 1629 2133 1711 χρυσὸν
2179 1627 2455 1698 ἄπλετον
2498 1632 2606 1699 καὶ

240 1736 473 1815 ςρατόν,
553 1742 664 1803 τοῦ
728 1736 961 1816 ἔμελλε
1019 1737 1209 1811 οὐδεὶς
1275 1735 1475 1819 ἄρξειν
1538 1736 1690 1802 ἀλλ’
1755 1736 1789 1813 ἢ
1853 1737 2044 1810 ἐκείνη
2073 1759 2090 1776 ·
2171 1737 2459 1818 Περσικὸν
2544 1737 2606 1804 δὲ

242 1841 417 1922 κάρτα
478 1844 541 1929 [ὃ
604 1843 857 1931 vavae]
930 1843 1119 1923 δῶρον.
1209 1842 1417 1909 Verbo
1477 1844 1768 1923 Περσικὸν
1837 1880 1918 1892 -
1984 1842 2155 1922 δῶρον
2217 1849 2424 1928 potest
2469 1864 2604 1910 esse

239 1945 467 2014 lectoris
526 1951 885 2029 annotatio,
944 1950 1055 2016 sed
1100 1951 1158 2015 si
1202 1951 1483 2037 genuina
1530 1954 1682 2014 sunt
1700 1998 1718 2034 ‚
1767 1955 1934 2014 certe
1980 1948 2384 2015 abiciendum
2432 1956 2528 2015 est
2573 1951 2602 2014 ὃ

240 2055 435 2132 epm-64
456 2103 473 2133 ,
538 2058 607 2122 in
669 2075 794 2140 quo
848 2055 1119 2122 absonus
1168 2061 1263 2121 est
1312 2053 1621 2120 articulus
1669 2059 1734 2120 et
1780 2054 1900 2120 hoc
1946 2074 2194 2140 quoque
2239 2059 2605 2140 suspectum

241 2161 381 2244 quod
426 2163 733 2228 incertam
783 2162 1020 2227 habent
1074 2182 1147 2226 es
1191 2163 1387 2228 verbs
1439 2163 1507 2225 in
1553 2160 1740 2226 libris
1788 2159 2024 2225 sedem.

315 2376 405 2444 IX
469 2378 596 2445 111
662 2389 821 2446 extr.
888 2378 1059 2444 Οὔτε
1109 2378 1235 2458 γὰρ
1282 2377 1358 2444 ἄν
1410 2403 1501 2443 τοι
1552 2378 1710 2453 δοίην
1760 2379 2074 2459 θυγατέρα
2121 2381 2234 2456 την
2279 2380 2434 2458 ἑμην
2479 2389 2605 2458 γῆ-

244 2508 387 2559 μαι.
454 2484 561 2553 Sic
626 2484 777 2552 libri
840 2490 1087 2572 praeter
1149 2484 1251 2569 R,
1314 2486 1425 2572 qui
1487 2485 1749 2551 exhibet
1804 2484 1944 2551 οὔτε
2004 2485 2130 2567 γὰρ
2185 2485 2262 2551 ἄν
2310 2510 2400 2553 τοι
2445 2487 2604 2564 δοίην

245 2588 319 2653 ἔτι
360 2592 669 2673 θυγατέρα
717 2594 825 2668 τὴν
873 2592 1025 2669 ἐμὴν
1071 2599 1455 2669 γυναῖκα.
1529 2590 1818 2677 Utraque
1861 2594 2174 2677 scriptura
2225 2594 2608 2679 interpolata

246 2718 357 2762 esse
396 2704 637 2785 potest,
688 2700 814 2763 nisi
859 2697 1029 2783 quod
1074 2700 1495 2763 necessarium
1539 2694 1660 2761 ἔτι
1703 2698 2140 2783 accipiendum
2182 2704 2278 2788 est
2317 2719 2354 2763 s
2393 2702 2607 2765 codice

246 2801 523 2872 Romano.
550 2804 902 2889 Scripserat
923 2804 1187 2870 fortasse
1209 2803 1608 2870 Herodotus:
1651 2804 1735 2870 οὔ
1749 2829 1834 2869 τε
1883 2804 1998 2883 γα
2013 2829 2043 2883 ρ
2091 2805 2184 2870 ἄν
2225 2829 2344 2871 τοι
2387 2805 2607 2881 δοίην

252 2908 348 2973 ἔτι
382 2912 799 2992 θυγατέρα
840 2913 981 2985 την
1022 2910 1245 2988 ἐμήν,
1294 2909 1435 2975 οὔτε
1476 2910 1671 2991 ἐκείνη
1695 2915 1935 2975 πλεῦνα
1959 2908 2169 2991 χρόνον
2197 2912 2602 2989 συνοικήσεις,

246 3022 305 3079 ut
358 3024 449 3085 est
508 3038 703 3104 supra
761 3020 829 3082 in
896 3016 1115 3084 eodem
1164 3018 1371 3103 capite
1418 3016 1596 3082 ἀλλά
1646 3040 1737 3082 τοι
1786 3018 1922 3082 ἀντ’
1972 3019 2166 3091 αὐτῆς
2223 3017 2345 3095 ἐγὼ
2396 3018 2609 3097 δίδωμι

250 3122 531 3203 θυγατέρα
579 3127 693 3199 τὴν
741 3124 929 3201 ἐμήν,
978 3143 1102 3189 non
1142 3123 1358 3189 addito
1397 3143 1601 3208 neque
1639 3132 1847 3201 γῆμαι
1887 3144 2090 3209 neque
2115 3131 2420 3207 γυναῖκα,
2448 3146 2611 3211 quse

250 3230 737 3317 magistellorum
790 3230 1235 3318 supplementa
1281 3250 1415 3295 esse
1462 3236 1762 3314 possunt3
1810 3232 1865 3296 si
1911 3235 2125 3297 temen
2172 3230 2447 3297 alterum
2494 3253 2610 3321 ge-

247 3336 487 3401 nuinum
551 3344 674 3412 est,
742 3334 1154 3423 praetulerim
1214 3344 1523 3415 γυναῖκα,
1593 3338 1743 3421 quia
1792 3335 1986 3400 etism
2037 3336 2070 3399 Ι
2121 3334 2250 3401 107
2297 3339 2607 3422 scriptum

248 3438 437 3507 video:
501 3442 741 3519 ταύτην
799 3442 1024 3516 Μήδων
1088 3440 1275 3505 οὐδενὶ
1328 3440 1481 3507 διδοῖ
1519 3448 1834 3519 γυναῖκα,
1891 3440 1918 3505 ὃ
1966 3439 2029 3505 δὲ
2079 3441 2278 3523 Πέρση
2321 3440 2500 3519 διδοῖ,
2548 3447 2614 3507 et

250 3547 431 3611 verbis
485 3568 649 3632 quae
708 3546 897 3613 modo
962 3544 1153 3612 attuli
1224 3545 1610 3633 praecedunt
1669 3546 1863 3612 haec:
1913 3545 2249 3623 γυναικὶ
2299 3545 2360 3610 δὲ
2407 3546 2611 3628 ταύτῃ

250 3660 311 3730 τί
352 3657 448 3717 νῦν
492 3652 815 3727 συνοικέεις
862 3654 951 3731 μὴ
999 3652 1265 3717 συνοίκεε
1288 3700 1305 3729 ,
1354 3655 1444 3718 ita
1492 3657 1567 3717 ut
1614 3652 1707 3718 ibi
1753 3650 2140 3719 audiendum
2184 3654 2272 3716 sit
2312 3660 2608 3729 γυναῖκα.

322 3854 413 3921 IX
476 3855 605 3922 116
653 3856 823 3923 med.
869 3860 1098 3921 Ταῦτα
1140 3856 1338 3933 λέγων
1381 3852 1955 3933 εὐπετέως-ἔμελλε
1998 3855 2358 3921 ἀναπείσειν
2398 3853 2605 3935 Ξέρξηι

254 3957 455 4043 [δοῦναι
518 3963 727 4044 ἀνδρὸς
792 3958 970 4048 οἶκον]
1037 3963 1165 4031 κτὲ.
1252 3960 1549 4047 Turpiter
1596 3962 1752 4027 haec
1800 3961 1994 4027 verba
2036 3960 2413 4047 interpolata
2459 3969 2615 4028 sunt

252 4084 281 4127 e
330 4073 720 4159 praegressis.
806 4068 1170 4137 Herodotus
1234 4067 1466 4135 saltem
1521 4069 1876 4154 scripsisset
1922 4065 2129 4132 δοῦναί
2175 4068 2242 4133 οἱ
2293 4068 2424 4133 τὸν
2474 4094 2508 4133 τ
2529 4093 2556 4134 ο
2575 4074 2609 4133 ὖ

252 4170 430 4253 ἀνδρὸς
480 4172 652 4242 οἷκον.

330 4373 423 4443 lx
485 4378 607 4445 119
668 4384 827 4445 extr.
894 4376 1000 4443 καὶ
1054 4402 1091 4442 σ
1114 4400 1147 4442 υ
1164 4402 1191 4441 ν
1211 4376 1295 4453 δή
1316 4398 1412 4442 σα
1434 4401 1463 4440 ν
1478 4375 1563 4443 τέ
1583 4400 1610 4448 ς
1663 4382 1871 4459 σφεας
1919 4377 1971 4443 οἱ
2015 4374 2316 4452 Ἕλληνες
2367 4375 2610 4453 ἤγαγον
