3150 5000
507 262 593 330 34
1342 250 1349 262 “
1418 282 1666 331 Pomm
1709 280 1956 330 emon

1304 608 1608 691 ‚thvrus
1653 606 2058 673 Sursum-us.

598 840 631 906 I
678 839 811 907 350

778 948 857 1013 Οἱ
908 946 973 1012 δὲ
1020 946 1179 1013 κόνιν
1226 947 1261 1013 δ
1276 956 1678 1028 ραγμοῒσι
1726 946 2120 1028 δεδραγμένοι
2169 946 2605 1026 ἀσπαίρεσκον.

594 1053 768 1129 Quid
814 1054 941 1119 sibi
986 1053 1147 1120 velit
1192 1063 1640 1136 λαχμοῖσι,
1693 1063 1769 1120 nt
1816 1055 2016 1121 edidit
2061 1052 2356 1140 Kochly,
2407 1054 2652 1141 ignoro.
2693 1047 2878 1117 Intel-

505 1160 719 1249 legere
763 1161 930 1226 mihi
978 1159 1193 1228 videor
1238 1160 1599 1242 δηγμοΐσ
1618 1186 1658 1227 ι.

594 1378 627 1444 I
674 1376 805 1444 607
874 1377 1279 1445 Penthesilea
1338 1382 1509 1445 victa
1568 1379 1650 1445 ab
1710 1378 1963 1446 Achille
2023 1400 2240 1445 secum
2310 1377 2619 1445 deliberat
2667 1382 2882 1441 utrum

506 1492 794 1571 expectet
839 1488 978 1552 eius
1023 1488 1337 1572 impetum
1389 1506 1469 1552 an
1517 1488 1575 1551 ei
1621 1486 1936 1573 supplicet
1965 1522 2046 1535 —
2073 1488 2130 1551 si
2175 1485 2336 1551 forte
2382 1483 2546 1550 lucri
2593 1502 2702 1569 spe
2748 1500 2882 1547 mo·

507 1598 737 1658 veatur

744 1768 767 1795 ⁶
872 1700 907 1773 ἢ
956 1697 1061 1761 καὶ
1112 1698 1549 1774 ὁμηλικίην
1599 1698 2036 1777 αἰδεσσοὶμενος
2087 1699 2258 1764 κατὰ
2306 1696 2528 1783 θυμόν,

869 1802 985 1884 δῶη
1030 1805 1310 1884 νόστιμον
1361 1804 1529 1886 ἦμαρ
1579 1806 1901 1886 ἐελδομένῃ
1947 1829 2059 1887 περ
2109 1804 2366 1883 ἀλύξαι.

599 1910 1107 1977 Misericordiam
1170 1932 1427 1979 movere
1486 1933 1613 1978 non
1661 1912 1822 1978 solet
1868 1913 2142 1999 aequalis
2185 1920 2352 1977 actae
2367 1959 2384 1989 ,
2432 1931 2583 1976 nam
2629 1912 2887 1976 iuvenes

508 2017 764 2083 senibus
811 2022 877 2081 et
920 2038 1100 2083 senes
1144 2019 1483 2083 iuvenibus
1526 2027 1850 2104 parcentes
1882 2018 2259 2104 plerumque
2296 2016 2882 2084 animadvertimus.

512 2120 608 2189 Cf.
658 2144 720 2189 v.
768 2143 822 2187 c.
872 2121 933 2187 ΙΙ
975 2121 1105 2188 308
1151 2143 1284 2207 sqq.
1355 2122 1565 2199 Quare
1612 2127 1822 2191 nescio
1870 2145 1950 2189 an
1997 2126 2211 2190 verius
2261 2123 2650 2189 scribamus:

874 2230 909 2305 ἢ
960 2230 1068 2293 καί
1111 2230 1192 2294 οὐ
1239 2230 1563 2305 ἡλικίην
1612 2232 1746 2296 κτὲ.

510 2338 558 2401 i.
583 2356 637 2402 e.
684 2337 999 2401 iuvenilem
1044 2358 1210 2399 suam
1255 2325 1739 2416 (Penthesileae)
1783 2346 2036 2401 aetatem
2079 2336 2396 2401 miseritus.

600 2553 633 2619 I
679 2551 809 2620 621
1157 2557 1231 2618 Ἣ
1280 2553 1330 2617 δ’
1377 2549 1506 2618 ὦκα
1555 2554 1716 2632 μίγη
1767 2554 1926 2633 κονίη
1973 2554 2077 2619 καὶ
2128 2553 2342 2634 ὀλέθρῳ

872 2661 1221 2734 εὐσταλέως
1269 2661 1559 2740 ἐριποῦσα
1612 2661 1758 2725 κατ’
1806 2661 2040 2734 οὔδεος·
2088 2659 2222 2725 οὐδέ
2271 2660 2322 2726 οἱ
2373 2660 2549 2732 αἰδὼς

875 2765 1136 2848 ᾔσχυνεν
1182 2766 1378 2842 δέμας
1430 2765 1537 2841 ἠΰ·
1584 2767 1740 2840 τάθη
1791 2765 1844 2830 δ’
1894 2766 1994 2831 ἐπὶ
2043 2768 2234 2840 νηδύα
2281 2768 2632 2849 μακρήν,

874 2871 1087 2952 δουρὶ
1137 2874 1656 2953 περισπαίρουσα,
1707 2873 1814 2955 θόῳ
1859 2872 1914 2939 δ’
1964 2872 2312 2937 ἐπικέκλιτο
2357 2869 2558 2952 ἵππῳ·

512 2975 661 3043 Sine
706 2981 1130 3044 controversia
1172 2979 1650 3068 corrigendum:

1620 3087 1778 3162 τοὶθη
1824 3085 1878 3150 δ’
1929 3085 2028 3150 ἐπὶ
2080 3086 2304 3169 νηδύα,
2352 3085 2619 3165 μακρῷ

878 3190 1093 3270 δουρὶ
1144 3191 1649 3270 περισπαίρουσα.

603 3297 705 3361 Ab
750 3295 1031 3363 Homero
1080 3295 1355 3377 Quintus
1400 3301 1736 3360 mutuatus
1781 3302 1876 3360 est
1919 3295 2305 3361 locutionem
2346 3297 2507 3375 μίγη
2535 3295 2732 3375 κονίη,
2771 3293 2894 3360 nisi

514 3401 684 3489 quod
756 3401 867 3468 ille
943 3410 1206 3488 usurpat
1266 3401 1579 3487 pluralem
1647 3401 1873 3474 κονίησι
1895 3447 1912 3478 ,
1987 3400 2098 3467 sed
2159 3401 2236 3467 de
2298 3421 2412 3470 suo
2479 3399 2727 3468 addidit
2789 3401 2890 3464 καὶ

512 3507 750 3590 ὀλέθρῳ.

602 3615 705 3680 Ad
760 3635 897 3679 rem
942 3623 1089 3701 apte
1134 3615 1477 3681 contuleris
1524 3613 1851 3699 Euripidis
1897 3614 2112 3681 locum
2159 3615 2236 3681 de
2281 3614 2646 3702 Polyxenae
2691 3619 2898 3681 morte

512 3721 761 3788 Hecub.
810 3720 939 3788 567
990 3740 1125 3806 sqq.

601 3950 634 4016 I
681 3950 807 4019 761
884 3951 1163 4017 Achilles
1211 3952 1292 4018 ad
1340 3951 1671 4020 Thersiten
1718 3974 1757 4020 a
1805 3976 1872 4020 se
1917 3957 2236 4022 occisum:

698 4055 881 4123 Ἀλλ’
930 4060 995 4132 ot}
1046 4060 1345 4133 Πηλείδης
1395 4083 1482 4123 τοι
1532 4061 1752 4135 ὁμοίιος
1799 4061 2184 4144 ἐξεφαάνθην
2231 4060 2397 4146 (scil.
2445 4060 2685 4149 Ulixi),

694 4155 755 4237 ὃς
804 4169 911 4228 σεῦ
961 4165 1145 4240 θυμὸν
1192 4163 1428 4242 ἔλυσα,
1481 4167 1614 4230 καὶ
1663 4169 1802 4232 οὐκ
1849 4169 1980 4233 ἐπὶ
2027 4170 2188 4251 χειρὶ
2237 4167 2461 4249 βαρείῃ

695 4269 1113 4349 πληξάμενος.

517 4375 947 4466 Intellegunt:
996 4386 1053 4442 οι
1096 4378 1329 4462 quidem
1374 4399 1493 4442 non
1510 4427 1529 4462 ,
1576 4385 1644 4443 ut
1678 4379 1837 4466 fecit
1895 4379 2098 4446 Ulixes
2114 4427 2130 4456 ‚
2179 4381 2384 4446 valida
2423 4403 2602 4446 manu
2647 4383 2897 4466 ferient.
