3150 5000
1049 313 1324 363 πωπω
1368 312 1701 363 sosarnus.
2230 348 2241 363 .
2430 289 2565 357 359

215 478 505 551 καυθῆναι.
573 478 738 545 Ecee
799 479 1112 566 exempla.
1181 482 1401 566 Antiq.
1464 480 1526 546 4.
1576 478 1637 544 8.
1690 477 1814 556 23,
1879 480 1933 543 si
1980 497 2106 563 qua
2150 475 2387 542 mulier
2429 481 2573 562 post

211 588 600 671 prostitutam
648 587 1026 673 pudicitiam
1071 587 1380 653 sacerdoti
1423 588 1748 675 nupserit,
1797 584 2053 651 καιέσθω
2102 583 2291 665 ζῶσα.
2350 584 2569 670 Antiq.

210 690 273 754 5.
324 690 377 757 8.
430 690 468 760 ¹7
515 692 882 779 Sampsonis
928 713 1191 759 uxorem
1245 714 1394 759 eum
1444 696 1734 782 cognatis
1782 691 2130 758 Palaestini
2178 687 2410 769 ζῶντας
2456 713 2571 755 κα-

205 797 516 877 τέτρησαν.
591 798 858 865 Miseros
905 801 1211 886 quosdam
1260 800 1583 877 homines,
1634 801 1744 884 qui
1790 819 2046 864 auream
2088 796 2370 883 aquilam
2408 796 2570 863 ferre

201 923 322 968 non
361 910 694 989 potuerant
711 952 730 983 ‚
776 925 970 992 quam
1016 904 1300 972 Herodes
1348 904 1571 971 fixerat
1608 908 1677 970 in
1717 904 1889 970 aedis
1929 904 2188 991 fastigio
2205 950 2223 980 ,
2251 924 2363 969 rex
2386 902 2568 968 κατέ-

204 1032 390 1075 καυσε
435 1010 700 1091 ζῶντας,
766 1012 847 1079 cf.
892 1014 1104 1099 Antiq.
1159 1012 1266 1080 17.
1317 1013 1378 1076 6.
1432 1011 1473 1075 4
1519 1019 1585 1077 et
1633 1010 1794 1077 Bell.
1839 1009 1989 1076 Jud.
2042 1013 2101 1077 1.
2151 1008 2259 1075 33.
2309 1008 2371 1074 4.
2443 1009 2571 1075 De-

201 1118 385 1202 nique
439 1116 723 1185 Judaeus
781 1118 1042 1203 quidam
1088 1126 1318 1207 rogatu
1365 1118 1578 1185 Flavii
1624 1116 1920 1204 Josephi,
1969 1117 2187 1182 oderat
2233 1118 2405 1182 enim
2452 1115 2571 1181 ho-

199 1226 472 1309 minem,
517 1224 765 1291 Romae
811 1223 924 1305 ζῶν
969 1225 1356 1303 κατεκαύθη,
1408 1225 1688 1306 πρότερον
1736 1224 2062 1301 αἰκισθείς,
2112 1221 2274 1289 Bell.
2312 1220 2462 1289 Jud.
2508 1219 2570 1290 ’7.

73 1387 80 1396 .
203 1329 304 1395 11.
350 1332 411 1396 3.
474 1331 805 1418 Nusquam
853 1334 1109 1400 invenio
1153 1333 1446 1398 homines
1491 1334 1726 1413 ζῶντας
1774 1331 2258 1411 ανεςαυρῶσθαι,
2318 1328 2574 1394 etiamsi

197 1438 360 1523 apud
401 1437 440 1503 J
445 1439 753 1525 osephum
800 1438 1004 1506 erucis
1049 1442 1204 1505 satis
1251 1438 1543 1525 frequens
1593 1438 1701 1505 fiat
1749 1441 2014 1506 mentio.
2060 1436 2251 1504 Latet
2290 1434 2566 1523 aliquid,

198 1544 360 1629 quod
399 1545 686 1611 nondum
731 1548 886 1612 satis
931 1545 1247 1632 explicare
1293 1547 1495 1632 potui.

279 1756 493 1823 Mittit
535 1757 764 1837 Josua,
814 1761 1031 1846 Antiq.
1081 1760 1142 1825 5.
1186 1759 1244 1825 1.
1295 1763 1368 1839 1,
1411 1759 1844 1835 κατασκόπους
1892 1759 1979 1831 εἰς
2020 1758 2433 1838 Ἱεριχοῦντα,
2461 1758 2573 1834 την

201 1886 262 1929 τε
311 1864 572 1942 δύναμιν
619 1867 822 1931 αὐτῶν
868 1866 974 1931 καὶ
1021 1866 1160 1933 τίνα
1211 1866 1478 1933 διάνοιαν
1518 1866 1767 1949 ἔχουσιν
1804 1864 1982 1932 αὐτοὶ
2036 1865 2571 1944 γνωσόμενος,

201 1972 380 2043 αὐτὸς
429 1971 492 2037 δὲ
538 1971 885 2050 ἐξέταξε
931 1972 1034 2037 τὸν
1080 1973 1337 2052 ςρατόν,
1385 1975 1460 2044 ὥς
1510 1976 1682 2039 κατα
1730 1974 1931 2053 καιρὸν
1979 1971 2419 2049 διαβησόμενος
2468 1972 2572 2037 τὸν

81 2143 89 2154 ,
207 2074 514 2157 Ἰορδάνην.
586 2077 778 2145 Hunc
823 2078 1038 2146 locum
1090 2082 1144 2145 si
1190 2082 1334 2165 quis
1379 2079 1571 2165 paulo
1620 2080 1998 2167 diligentius
2047 2070 2570 2157 consider-aberit,

207 2181 382 2249 facile
444 2185 683 2251 incidet
743 2188 812 2251 in
877 2185 1176 2252 lectiones
1195 2232 1212 2263 ,
1276 2207 1436 2272 quae
1493 2187 1664 2252 haud
1713 2206 1936 2272 parum
1986 2192 2308 2271 praestant
2324 2232 2343 2264 ,
2390 2210 2437 2263 γ
2457 2211 2487 2251 ν
2502 2210 2573 2250 ω-

214 2313 246 2352 σ
262 2314 288 2354 ο
304 2315 355 2367 μ
372 2289 403 2356 ἑ
419 2316 451 2354 ν
470 2314 498 2355 ο
518 2315 552 2354 υ
571 2316 600 2365 ς
648 2298 713 2357 et
756 2288 840 2367 ἐξ
858 2292 942 2368 ἥτ
959 2318 1001 2359 α
1019 2292 1062 2374 ζ
1074 2318 1102 2359 ε
1123 2315 1140 2332 ·
1185 2292 1411 2360 deinde
1450 2295 1797 2380 eo'mperiet
1823 2300 2068 2359 veteres
2092 2293 2207 2358 has
2228 2312 2361 2359 esse
2384 2294 2577 2378 serip-

203 2402 364 2461 turas
385 2444 403 2475 ,
465 2418 620 2483 quas
681 2396 1186 2484 Havereampius
1247 2398 1606 2465 inconsulto
1623 2446 1641 2477 ,
1704 2405 1781 2464 ut
1841 2398 2032 2477 solet,
2082 2399 2332 2465 abiecit.
2405 2398 2574 2480 Quid

79 2495 91 2591 ξ
203 2509 406 2570 tamen
453 2503 677 2571 Editor
716 2503 1102 2592 Lipsiensis?
1149 2506 1398 2593 Nempe
1445 2508 1728 2575 servavit
1762 2505 2141 2585 γνωσόμενος
2184 2511 2248 2572 et
2294 2504 2570 2583 ἐξέταξε.

201 2607 419 2676 Itidem
471 2613 685 2697 Antiq.
729 2611 792 2676 5.
837 2611 896 2677 l.
941 2613 1019 2680 7:
1069 2614 1173 2678 καὶ
1221 2615 1330 2688 την
1378 2612 1716 2694 Ῥαχοὶβην
1762 2614 1872 2680 σὺν
1920 2621 2047 2684 τοῖς
2093 2613 2326 2686 οἰκείοις
2373 2613 2457 2684 εἷς
2498 2612 2569 2678 τὸ

203 2715 594 2796 καταγώγιον
656 2723 1258 2799 συμφυγοῦσαν
1321 2717 1556 2785 ἔσωσαν
1606 2721 1659 2785 οἱ
1707 2718 2131 2796 κατάσκοποι,
2180 2717 2572 2804 quantillum

203 2827 284 2886 est
323 2843 626 2910 reponere
671 2830 1270 2908 συμφυγοῦσιν.

279 3037 647 3127 Legebatur
692 3039 851 3106 olim
899 3043 1117 3128 Antiq.
1169 3041 1226 3108 5.
1282 3042 1338 3108 1.
1396 3039 1517 3106 16:
1577 3037 1739 3115 ἥκειν
1787 3039 1961 3106 κατὰ
2006 3039 2227 3109 τίς-ιν
2272 3047 2386 3115 τῆς
2431 3039 2575 3120 ἄρε-

203 3151 298 3218 nic
358 3149 555 3214 αὐτοῦ
618 3149 852 3224 πολλὺν
916 3149 1267 3224 ἀνύσαντας
1332 3150 1460 3216 ὁδὸν
1516 3147 1823 3232 ἔφασκον,
1872 3148 1981 3215 sed
2029 3153 2199 3216 recte
2246 3147 2576 3214 Bekkerus

205 3253 556 3320 emendavit
617 3256 878 3326 τύςιν.
971 3254 1080 3322 Sic
1139 3256 1350 3322 editur
1410 3255 1490 3322 ab
1553 3256 1852 3322 omnibus
1924 3257 2143 3340 Antiq.
2212 3253 2318 3322 17.
2375 3254 2437 3319 5.
2498 3252 2573 3320 3:

207 3357 438 3426 razu-rm
501 3361 760 3436 ἡκόντων
819 3363 902 3436 είς
951 3362 1134 3432 arde-m
1157 3413 1174 3442 ‚
1227 3362 1332 3428 18.
1383 3362 1445 3432 4.
1497 3363 1575 3430 5:
1636 3363 2006 3440 Βουλόμενος
2055 3362 2339 3441 γενέσθαι
2389 3361 2575 3430 πός-ιν

207 3469 494 3547 Καίσαρι,
547 3466 653 3535 18.
703 3468 763 3534 5.
816 3469 891 3534 1:
939 3469 1181 3543 πόσεως
1229 3471 1389 3552 αὑτῇ
1437 3475 1555 3534 τῶν
1601 3470 1898 3544 συνθηκῶν
1946 3471 2315 3547 γενομένης,
2368 3466 2466 3542 18.
2510 3465 2574 3532 6.

209 3569 268 3637 8:
312 3574 498 3643 πύσει
545 3581 657 3650 τῆς
703 3574 940 3642 ἐκείνων
985 3575 1366 3656 ἀφηγήσεως
1414 3581 1479 3641 et
1530 3572 1634 3639 18.
1684 3573 1743 3640 6.
1801 3572 1923 3639 10:
1987 3573 2169 3642 πύςει
2217 3581 2328 3648 τῆς
2378 3572 2573 3650 Τιβε·

207 3681 308 3756 ρίου
351 3688 670 3756 τελευτῆς.
734 3681 957 3748 Restat
1001 3684 1219 3768 Antiq.
1274 3682 1335 3749 5.
1385 3681 1449 3749 2.
1499 3683 1576 3746 3:
1640 3681 1946 3748 δείκνυται
1994 3680 2100 3744 καὶ
2154 3685 2253 3745 νῦν
2302 3679 2391 3746 ἔτι
2440 3679 2575 3745 τού·

213 3807 308 3850 των
367 3789 486 3857 6ςοῖ
544 3791 734 3868 μηδὲν
795 3798 918 3864 τοῖς
981 3791 1096 3855 ὑπὸ
1145 3791 1369 3858 erlem
1415 3789 1764 3869 ἐρχομένοις
1807 3786 2049 3854 ἐοικότα
2095 3793 2161 3853 et
2205 3787 2405 3853 miror
2449 3806 2575 3852 non

211 3894 428 3962 vidisse
473 3895 837 3962 Bekkerum
885 3897 992 3963 hie
1039 3917 1286 3984 quoque
1332 3897 1488 3963 πός·
1507 3918 1574 3960 ιν
1620 3895 2051 3982 reponendum
2098 3914 2255 3960 esse.

285 4108 504 4197 Antiq.
555 4111 618 4177 5.
668 4113 729 4178 1.
781 4114 901 4179 18:
949 4113 1266 4197 πολιορκίᾳ
1311 4113 1428 4186 τὰς
1479 4111 1691 4185 πόλεις
1742 4113 1922 4191 αἱρῶν
1966 4108 2072 4176 καὶ
2136 4108 2389 4176 πάλιν
2435 4105 2473 4175 δ’
2515 4133 2577 4175 τι

73 4244 89 4291 ·,
215 4213 385 4292 λάβοι
431 4219 718 4301 φονεύων.
766 4219 1025 4307 Repono
1073 4245 1122 4286 π·
1143 4225 1188 4286 οἳ
1206 4246 1235 4287 ν
1288 4226 1352 4288 et
1399 4219 1684 4286 eiusdem
1730 4219 2113 4309 paragraphi
2153 4220 2341 4285 initio
2379 4219 2576 4287 stulte

219 4321 437 4391 editur:
484 4321 538 4392 οἳ
584 4328 725 4401 τοὺς
763 4329 1178 4408 Γαβαωνίτας
1225 4327 1867 4406 πολεμήσαντες
1905 4325 2285 4410 ἑςράτευσαν
2320 4346 2434 4412 pro
2457 4349 2577 4394 πο·-

221 4431 719 4511 λεμήσοντες.
