3150 5000
563 215 693 281 416
1537 233 1966 282 rnucrnmm.

553 401 700 466 dem
761 399 880 463 hoc
942 399 1221 484 potuisse
1279 397 1579 474 scribere,
1648 397 1830 462 facile
1895 402 1990 462 est
2040 402 2356 484 receptam
2404 401 2774 484 scripturam
2820 399 2916 462 ita

554 509 930 582 immutare,
984 509 1057 568 nt
1115 524 1332 570 revera
1377 507 1471 568 ita
1516 504 1752 568 dixisse
1801 503 2110 569 videatur.
2183 503 2369 590 Cepit
2413 503 2884 590 Plemmyrium
2912 552 2930 586 ,
3015 497 3026 521 ⁹

556 613 722 700 quod
788 613 836 676 εἰ
900 612 1273 693 τειχισθείή,
1337 611 1493 693 ῥᾴων
1554 611 1724 690 αὐτῷ
1782 612 2073 692 ἐφαίνετο
2139 613 2172 687 ή
2221 611 2506 690 ἐσκομιδή
2557 617 2673 676 τῶν
2718 610 2930 682 ἐπιτή-

552 721 721 785 δει’ων
769 717 1049 783 ἔσεσθαι·
1098 717 1173 780 δι’
1222 715 1545 788 ἐλάσσονος
1596 717 1720 797 γὰρ
1770 717 2137 798 ἑφορμήσειν
2181 721 2356 797 σφοῖς
2405 717 2513 781 καὶ
2563 719 2686 797 οὐχ
2731 713 2922 794 ὥσπερ

557 832 657 891 νῦν
719 827 785 890 ἐκ
845 828 1055 905 μυχοῦ
1116 827 1220 887 τοῦ
1285 824 1526 901 λιμένος
1587 825 1705 896 τὰς
1769 822 2226 902 ἐπαγωγὰς
2277 824 2672 901 ποιήσεσθαι,
2727 821 2827 886 εὀἱν
2871 845 2936 884 τι

558 933 820 1013 ναυτικῷ
871 937 1301 1007 ἡττῶνται.
1351 928 1638 1009 Addam,
1686 932 1854 1016 quod
1901 937 2176 998 attentos
2224 931 2488 997 lectores
2537 931 2760 1018 fugere
2809 950 2935 994 non

555 1045 797 1126 potest,
848 1040 941 1104 sic
986 1037 1248 1104 demum
1297 1038 1452 1103 bene
1503 1036 1745 1102 dictum
1793 1059 1926 1104 esse
1975 1037 2172 1118 ὥσπερ
2223 1043 2344 1116 νῦν,
2397 1058 2546 1105 nam
2591 1040 2756 1104 mari
2785 1057 2938 1102 non—

557 1147 711 1213 dum
776 1150 1137 1232 pugnatum
1184 1148 1421 1222 fuerat,
1470 1145 1638 1230 quod
1685 1145 1860 1210 haud
1904 1165 2132 1230 parum
2181 1145 2662 1211 incommodum
2711 1149 2836 1221 est,
2885 1144 2942 1208 si

556 1252 985 1330 ἐπαναγωγοὶς
1053 1253 1323 1316 retinere
1395 1249 1576 1315 velis.
1647 1249 1770 1316 Sed
1841 1250 1921 1315 ad
1989 1271 2272 1338 pugnam
2342 1250 2638 1317 navalem
2709 1251 2941 1315 dixeris

556 1359 814 1446 perinde
885 1357 1113 1435 fuisse,
1186 1363 1405 1422 utrum
1476 1357 1640 1422 hanc
1707 1356 2047 1422 stationem
2119 1378 2198 1423 an
2267 1356 2449 1423 illam
2523 1357 2942 1422 Athenienses

556 1466 886 1554 eligerent.
958 1463 1200 1529 Deinde
1262 1461 1428 1549 quod
1489 1461 1733 1548 legitur
1778 1463 1842 1527 οἱ
1891 1463 2182 1528 πολλοὶ
2233 1462 2673 1544 διεφθείροντο,
2725 1469 2820 1527 est
2867 1461 2944 1525 de

556 1591 628 1637 eo
677 1570 1118 1657 supplemento
1167 1566 1419 1636 Codicis
1458 1579 1503 1631 Β
1544 1567 1863 1634 Arnoldus
1900 1568 2224 1635 adeundus
2260 1579 2324 1634 et
2362 1570 2532 1653 quod
2556 1567 2946 1655 Syracusani

556 1679 800 1764 equites
858 1680 925 1742 in
988 1674 1324 1762 Olympieo
1385 1677 1451 1740 in
1510 1674 1825 1760 praesidio
1887 1674 2310 1754 collocarunt,
2374 1697 2454 1741 ne
2522 1675 2948 1740 Athenienses

482 1863 487 1868 ι
558 1785 1076 1866 κακουργήσοντες
1142 1781 1267 1860 ἑξί
1282 1805 1474 1859 οιεν,
1538 1782 1690 1866 quia
1749 1781 2212 1866 prohibuerunt
2273 1783 2532 1868 quidem
2597 1782 2950 1867 quominus

555 1891 752 1958 latins
800 1895 1202 1977 vagarentur,
1250 1909 1364 1954 nec
1412 1893 1629 1954 tamen
1663 1891 1885 1954 castris
1923 1889 2303 1976 compellere
2338 1895 2680 1975 potuerunt
2700 1936 2717 1967 ‚
2761 1909 2948 1973 prae-

557 1999 753 2064 stabit
809 1996 1055 2083 legere:
1120 1993 1221 2060 ἵνα
1266 1997 1353 2072 μὴ
1402 1994 1919 2074 κακουργήσοντες
1970 1995 2052 2073 ἐξ
2067 1994 2165 2082 ι(ο’
2182 2021 2363 2068 ντες
2411 1994 2946 2080 λανθῶν)οιεν.

645 2103 885 2179 Quinto
948 2105 1154 2188 capite
1210 2102 1481 2167 Photius
1541 2104 1656 2186 qni
1714 2099 1929 2167 locum
1994 2101 2322 2189 laudavit,
2383 2125 2507 2169 non
2567 2103 2730 2190 legit
2777 2103 2946 2174 ε’ντὸς

558 2211 743 2288 λίαν,
812 2210 918 2275 sed
982 2210 1124 2273 λίαν
1190 2209 1374 2280 ἐντός.
1445 2208 1523 2273 In
1585 2215 1868 2274 extremo
1917 2217 2141 2274 octavo
2189 2211 2397 2295 capite
2443 2210 2754 2296 quaedam
2803 2231 2948 2275 cor·

557 2323 745 2404 rupta
814 2321 965 2380 sunt
986 2363 1001 2392 ‚
1077 2315 1156 2379 ad
1225 2334 1497 2399 quorum
1570 2315 2077 2380 emendationem
2143 2315 2431 2381 adhiberi
2495 2315 2755 2381 debebit
2821 2315 2946 2380 Dio

556 2421 814 2488 Cassius
862 2418 1098 2484 XLVII
1146 2417 1267 2485 36:
1318 2420 1497 2484 αὐτοί
1542 2443 1614 2485 τε
1663 2420 1764 2485 διὰ
1812 2427 2103 2502 Φυλακῆς
2149 2425 2396 2500 μᾶλλον
2439 2422 2472 2496 ἢ
2516 2421 2618 2486 διὰ
2662 2421 2942 2488 κινδύνων

554 2531 625 2594 τὸ
688 2528 1058 2620 ςρατόπεδον
1121 2527 1459 2609 ἐποιοῦντο,
1526 2528 1634 2592 sed
1697 2528 1858 2592 mihi
1907 2528 2166 2613 quidem
2215 2529 2571 2595 emendatio
2619 2549 2744 2594 non
2799 2551 2941 2595 suc-

557 2637 763 2701 cessit.
834 2634 977 2699 Non
1025 2639 1212 2699 vacat
1256 2633 1487 2699 mendo
1533 2654 1588 2698 c.
1643 2634 1722 2697 ll
1774 2637 1842 2699 in
1888 2634 2110 2699 Niciae
2157 2634 2488 2720 Epistula:
2531 2636 2620 2700 τὰ
2659 2634 2940 2715 πρότερον

557 2740 1035 2824 πραχθέντα
1099 2741 1161 2806 ἐν
1225 2740 1453 2813 ἄλλαις
1519 2749 1792 2813 πολλαῖς
1852 2743 2171 2814 ἑπιςολαῒς
2219 2741 2357 2810 ἵςε·
2405 2764 2484 2809 an
2531 2744 2940 2809 scribendum

554 2857 650 2917 est
716 2844 1199 2928 γραφένταῗ
1268 2844 1447 2932 Cap.'
1490 2847 1604 2913 12:
1673 2849 1743 2913 τὸ
1807 2849 2086 2912 ναυτικὸν
2149 2846 2391 2929 ἤκμαζε
2456 2854 2574 2913 τῶν
2623 2854 2816 2913 νεῶν
2865 2857 2937 2929 τῇ

552 2955 867 3035 ξηρότητι,
940 2952 1195 3018 difficile
1257 2960 1353 3018 est
1412 2974 1537 3019 non
1593 2956 1902 3038 suspicari
1948 2962 2066 3019 τῶν
2111 2952 2370 3031 ξύλων
2419 2975 2647 3021 verum
2697 2976 2836 3019 ease
2879 2962 2938 3019 et

554 3064 620 3128 αἱ
666 3068 798 3135 νῆες
850 3066 1135 3125 τοσοῦτον
1184 3060 1290 3134 ἤδη
1339 3059 1552 3140 χρόνον
1599 3059 2320 3146 θαλασσεύουσαι,
2359 3062 2487 3126 dici
2523 3067 2693 3127 certe
2735 3060 2938 3127 solent

554 3168 1085 3235 σαλεύουσαι.
1136 3164 1438 3249 Sequitur
1476 3187 1529 3229 c.
1581 3166 1663 3230 13
1689 3165 1855 3232 illud
1880 3168 1980 3230 ἐπ’
2019 3168 2544 3245 αὐτομολίας
2586 3168 2936 3250 προφάσει,

555 3275 721 3361 quod
767 3273 1123 3339 multorum
1175 3274 1526 3336 temerariis
1572 3273 1948 3337 coniecturis
1994 3274 2236 3339 infame
2281 3282 2378 3339 est
2398 3295 2415 3353 3
2467 3275 2724 3339 tandem
2771 3274 2934 3339 Her·

554 3381 879 3447 werdenus
923 3387 1064 3463 post
1111 3376 1387 3443 Grotum
1432 3386 1499 3443 et
1542 3374 1942 3443 Classenium
1991 3400 2063 3445 eo
2111 3380 2400 3457 devenit,
2449 3382 2614 3445 Stud.
2669 3402 2734 3467 p.
2783 3380 2932 3457 156,

552 3498 627 3553 ut
673 3486 885 3551 locum
934 3506 1157 3548 sanum
1206 3504 1337 3549 esse
1383 3490 1675 3569 putaret,
1723 3484 1907 3550 credo
1955 3486 2123 3570 quod
2169 3486 2348 3551 nulla
2395 3486 2749 3572 probabilis
2795 3508 2932 3555 cor·-

522 3594 747 3679 ⁸rectio
786 3592 1113 3675 hucusque
1152 3593 1501 3676 excogitari
1540 3593 1786 3676 potuit,
1828 3611 1979 3656 nam
2013 3592 2179 3677 quod
2206 3595 2695 3678 interpretatur:
2722 3593 2934 3661 oblata

550 3696 1015 3784 transfugiendi
1074 3697 1153 3761 ad
1218 3696 1429 3761 hostes
1492 3697 1828 3782 occasione,
1892 3720 1973 3763 ne
2027 3701 2166 3784 ipse
2212 3698 2471 3784 quidem
2521 3701 2834 3785 tuebitur,
2883 3704 2936 3765 si

552 3804 706 3891 quid
754 3801 989 3867 melius
1036 3816 1099 3867 et
1146 3805 1621 3869 convenientius
1667 3826 1743 3869 ex
1795 3805 2046 3870 traditis
2085 3804 2414 3871 literarum
2457 3805 2761 3872 ductibus
2797 3809 2932 3873 erui

551 3912 849 3997 potuerit.
920 3908 1037 3973 Est
1105 3928 1311 3973 sermo
1382 3909 1459 3974 de
1520 3912 1708 3975 sociis
1777 3910 2112 3976 navalibus
2133 3959 2148 3990 ‚
2220 3914 2330 3997 qui
2393 3916 2930 3998 appropinquante

552 4021 737 4084 ruina
796 4016 1039 4080 faciunt
1084 4016 1251 4099 quod
1268 4002 1511 4080 'mures
1558 4015 1783 4081 solent.
1856 4016 2033 4083 Duae
2081 4021 2261 4103 quasi
2310 4019 2647 4083 hominum
2695 4022 2930 4105 species

552 4126 1068 4210 distinguuntur:
1142 4122 1192 4184 οἱ
1260 4120 1313 4183 δ’
1380 4120 1495 4184 ὑπὸ
1559 4122 1849 4200 μεγάλου
1913 4124 2128 4200 μισθοῦ
2176 4127 2244 4188 τὸ
2295 4132 2525 4203 πρῶτον
2573 4126 2928 4205 ἐπαρθέντες

552 4231 657 4296 καὶ
726 4228 978 4303 οἰόμενοι
1048 4229 1530 4305 χρηματιεῖσθαι
1605 4232 1848 4304 μᾶλλον
1922 4232 1955 4305 ἢ
2029 4233 2416 4311 μαχεῖσθαι,
2489 4231 2696 4308 ἐπειδὴ
2759 4231 2926 4315 παρὰ

550 4340 797 4416 γνώμην
868 4332 1148 4399 ναυτικόν
1203 4356 1273 4397 τε
1338 4335 1409 4410 δὴ
1472 4335 1575 4399 καὶ
1640 4330 1860 4401 τᾶλλα
1917 4338 2044 4402 α’πὸ
2094 4340 2214 4401 τῶν
2263 4338 2572 4417 πολεμίων
2617 4340 2924 4409 ὥνθεςῶτα
