3150 5000
543 248 674 315 150
875 198 884 211 .
1511 262 1942 318 mummius.

536 456 721 510 ματα
738 454 755 472 ·
825 432 931 498 hic
995 432 1373 497 describitur
1431 433 1586 518 quid
1650 432 1903 500 Helotis
1968 432 2309 517 acciderit,
2379 454 2529 499 nam
2572 430 2743 498 nihil
2795 433 2927 497 erat

535 558 648 603 cur
722 533 1070 623 Spartanus
1141 538 1328 604 miles
1388 559 1550 624 pone
1612 546 1865 606 scutum
1928 538 2191 605 latitans
2253 539 2529 605 missilia
2574 544 2925 605 metueret.

533 642 769 723 Recte,
832 646 1080 729 inquis,
1139 644 1446 714 cadebant
1506 648 1790 731 primum
1852 644 2156 725 Helotae;
2226 645 2333 711 sed
2381 645 2787 711 habebantne
2830 642 2929 709 illi

465 746 470 753 ’
535 736 796 823 ximus-⁵?
855 750 1187 837 Nusquam
1235 772 1382 817 sane
1430 752 1600 839 legi,
1647 774 1761 818 nec
1814 752 2113 819 credibile
2162 756 2259 819 est
2304 773 2473 817 nunc
2522 758 2789 838 repente
2832 751 2926 817 lo-

534 860 735 923 ricam
807 855 944 925 fieri
961 906 976 937 ‚
1038 878 1240 943 quum
1302 868 1482 930 πῖλος
1545 858 1753 945 pileus
1811 859 1915 926 vel
1978 860 2102 926 udo
2162 880 2295 926 esse
2342 858 2562 925 soleat.
2614 856 2744 924 Sed
2794 878 2929 923 rem

535 969 749 1030 tecum
812 971 1067 1051 reputa:
1131 964 1368 1030 milites
1413 972 1591 1031 erant
1636 964 1799 1032 levis
1847 969 2241 1051 armaturae,
2291 964 2460 1052 quod
2507 985 2729 1030 omnes
2780 984 2929 1029 con-

537 1071 838 1137 sentiunt.
910 1070 1047 1137 Iam
1117 1092 1220 1137 me
1239 1119 1254 1148 ,
1329 1073 1585 1157 opinor,
1654 1074 1820 1137 inter
1887 1072 2232 1159 legendum
2301 1070 2704 1158 interpellas:
2777 1073 2931 1156 quin

535 1180 975 1246 rescribimus:
1039 1178 1180 1244 οὔτε
1241 1177 1368 1258 γὰρ
1427 1178 1477 1243 οἳ
1539 1178 1767 1258 ψιλοὶ
1816 1176 2029 1258 ἕςεγον
2077 1180 2161 1244 τοὶ
2209 1178 2597 1258 τοξεύματα.
2645 1176 2751 1244 Ita
2801 1182 2934 1243 est:

533 1306 670 1352 rem
721 1306 840 1351 acu
887 1286 1180 1372 tetigisti.

627 1496 782 1584 Gap.
849 1496 970 1565 37:
1031 1498 1212 1596 ymbe
1279 1497 1341 1562 δὲ
1391 1497 1419 1562 ὃ
1470 1495 1711 1575 Κλέων,
1764 1498 1819 1564 εἳ
1866 1498 1970 1564 καὶ
2023 1498 2333 1563 ὁποσονοῦν
2381 1502 2712 1576 μᾶλλον
2764 1496 2932 1562 ἐνδώ-

535 1628 740 1682 σουσι,
791 1604 1384 1687 διαφθαρησομένους
1428 1606 1695 1677 αὐτούς·
1737 1625 1941 1671 nonne
1978 1610 2297 1683 μᾶλλον
2336 1601 2661 1671 abundat?
2706 1602 2931 1669 Etiam

536 1710 742 1796 capite
803 1714 1092 1797 sequenti
1151 1718 1300 1777 sunt
1358 1711 1662 1797 quaedam
1714 1710 2229 1798 interpolationes
2277 1711 2590 1778 notandae
2606 1759 2625 1789 ,
2674 1708 2928 1778 veluti:

535 1822 642 1884 τοῦ
694 1817 757 1884 δὲ
801 1822 946 1894 μετ’
992 1817 1179 1882 αὐτὸν
1227 1816 1643 1898 Ἱπποιγρέτου
1694 1817 2263 1904 [ἔφηρημένου]
2314 1824 2379 1883 et
2425 1818 2523 1883 bis
2562 1816 2704 1889 τοὺς
2749 1816 2815 1880 ἐν
2854 1824 2931 1895 τῇ

537 1925 692 2005 νήσῳ
755 1924 1360 2008 [Λακεδαιμονίους]
1425 1923 1560 1993 Nec
1609 1925 1793 1991 video
1842 1946 1954 1989 cur
1996 1923 2211 2009 plures
2257 1944 2598 2010 praecones
2645 1944 2726 1988 ex
2776 1941 2930 1987 oon-

536 2032 768 2096 tinenti
829 2035 998 2096 terra
1062 2031 1347 2097 arcessiti
1409 2033 1571 2096 sint:
1638 2032 1838 2096 αὐτῶν
1893 2031 1955 2096 δὲ
2006 2030 2355 2095 καλούντων
2404 2031 2472 2095 ἐκ
2520 2038 2632 2104 τῆς
2685 2028 2932 2109 ἠπείρου

537 2137 890 2217 κήρυκας
941 2142 1006 2203 et
1041 2141 1240 2204 satius
1279 2144 1375 2203 est
1415 2138 1667 2204 credere
1704 2158 1906 2202 unum
1942 2136 2136 2203 fuisse
2184 2140 2516 2216 κήρυκα..
2572 2133 2799 2221 Capite
2841 2134 2927 2200 40

534 2264 742 2310 nonne
809 2242 1231 2309 necessarium
1302 2248 1398 2309 est
1464 2243 1509 2310 a
1528 2270 1557 2309 ν
1627 2240 1941 2310 inserere?
2004 2244 2143 2314 τοὺς
2205 2243 2333 2322 γὰρ
2392 2242 2923 2319 Λακεδαιμονίους

536 2348 678 2415 οὔτε
739 2352 900 2430 λιμῷ
968 2348 1108 2415 οὔτε
1154 2350 1404 2433 ἀνάγκη
1448 2352 1703 2433 οὐδεμιᾷ
1755 2350 1951 2428 ἠξίουν
1997 2350 2082 2416 τοὶ
2131 2348 2277 2415 ὅπλ’
2316 2349 2389 2435 (ἃ
2408 2351 2461 2437 ν)
2510 2348 2929 2429 παραδοῦναι.

534 2456 693 2525 Mox
739 2456 828 2522 δι’
876 2454 1214 2545 ἀχθηδόνα,
1262 2456 1539 2525 Cobetus
1586 2456 1830 2524 Mnem.
1878 2456 2048 2524 XIX
2099 2454 2230 2522 450
2277 2458 2527 2544 reponit
2572 2457 2748 2521 κατ’
2797 2456 2923 2534 ἅχ-

536 2564 784 2645 θηδόνα,
821 2586 893 2632 eo
931 2586 1180 2652 quoque
1219 2573 1598 2654 argumento
1632 2585 1785 2630 usus
1804 2614 1821 2649 ,
1864 2567 1956 2631 sic
1996 2565 2163 2650 apud
2202 2564 2645 2652 Thucydidem
2687 2561 2925 2650 legisse

533 2671 996 2740 Philostratum
1033 2675 1102 2738 in
1139 2671 1288 2738 Vita
1311 2671 1634 2758 Apollonii
1660 2670 1745 2736 IV
1770 2671 1851 2737 31
1879 2693 1941 2758 p.
1970 2673 2124 2757 171,
2150 2671 2259 2738 sed
2283 2673 2546 2738 fortasse
2572 2691 2695 2736 non
2719 2689 2926 2736 recor-

535 2779 721 2846 datus
758 2785 856 2847 est
891 2779 1024 2867 legi
1063 2787 1277 2845 tamen
1316 2778 1390 2844 δι’
1429 2779 1746 2861 ἀχθηδόνα
1789 2779 1959 2864 apud
1981 2779 2253 2845 Dionem
2280 2777 2571 2846 Cassium
2600 2775 2785 2842 XLII
2814 2773 2917 2842 13.

621 2993 808 3060 Nunc
853 2997 1204 3078 sequuntur
1250 2994 1503 3057 minuta
1550 2989 1896 3077 quaedam,
1945 3012 2106 3077 quae
2151 2991 2420 3058 sufficiet
2482 2991 2763 3058 breviter
2826 2993 2917 3056 in-

535 3099 861 3167 dicavisse.
924 3097 1077 3186 Cap.
1143 3099 1266 3162 42:
1330 3097 1765 3178 προπυθόμενοι
1832 3095 1901 3172 ἐξ
1949 3100 2220 3178 Ἄργους
2270 3118 2395 3182 quo
2440 3101 2716 3183 spectet,
2768 3098 2923 3162 satis

531 3227 644 3292 per
700 3226 767 3271 se
810 3203 1255 3290 intellegimus
1304 3209 1368 3268 et
1417 3206 1637 3268 omitti
1684 3208 1983 3288 poterunt
2028 3205 2254 3269 verba:
2304 3201 2394 3269 ὅτι
2438 3207 2471 3278 ἦ
2516 3201 2744 3282 epm-1&
2794 3199 2921 3278 ἥξει

534 3319 650 3377 τῶν
713 3311 1065 3384 ’Λθηνιιίων.
1132 3304 1285 3394 Gap.
1353 3307 1440 3375 43
1486 3309 1784 3375 dextrum
1834 3329 2029 3375 cornu
2076 3329 2202 3375 non
2249 3309 2375 3375 fuit
2422 3311 2541 3374 τῶν
2586 3309 2919 3385 Ἀθηναίων

534 3418 640 3484 καὶ
688 3417 1138 3498 Κωρυςίων,
1203 3435 1319 3481 nec
1365 3416 1617 3481 stabant
1667 3412 1949 3502 Carystii
1997 3437 2106 3502 per
2154 3423 2357 3483 totam
2406 3419 2609 3483 aciem
2656 3417 2920 3503 dispersi

530 3528 747 3611 itaque
805 3544 929 3590 non
988 3523 1115 3588 fuit
1176 3522 1576 3598 scribendum
1640 3524 1709 3588 τὸ
1777 3523 1966 3601 δεξιὸν
2025 3523 2204 3603 κέρας
2268 3527 2387 3589 τῶν
2428 3525 2762 3600 ’Λθηνιιίων
2814 3523 2917 3588 καὶ

531 3629 984 3711 Romus-lon,
1041 3628 1150 3696 sed
1199 3628 1264 3693 οἱ
1313 3628 1725 3709 Raptis-cot.
1776 3627 1928 3716 Gap.
1981 3629 2068 3696 44
2118 3630 2291 3697 dele:
2341 3637 2457 3697 τῶν
2504 3629 2915 3709 &curm-dvm

540 3735 1088 3824 [Πελοποννησίων]
1137 3735 1482 3821 eodemque
1528 3735 1719 3802 modo
1757 3737 2019 3802 nomina
2056 3739 2309 3822 propria
2350 3736 2617 3804 delenda
2655 3742 2918 3804 manent

533 3863 587 3909 c.
655 3840 743 3906 44
805 3845 866 3906 et
930 3839 1014 3905 46
1077 3845 1142 3907 et
1196 3844 1338 3928 quis
1400 3845 1562 3908 serio
1614 3843 1803 3909 feret:
1858 3842 2083 3912 αὐτοὺς
2135 3843 2193 3917 ἐς
2243 3845 2351 3920 τὴν
2399 3849 2572 3918 νῆσον
2622 3846 2684 3910 οἱ
2735 3869 2919 3926 epa·

531 3947 778 4026 τηγοί
835 3947 944 4021 τὴν
1006 3947 1301 4030 Πτυχίοιν
1346 3947 1723 4027 διεκόμισαν.
1772 3948 1934 4015 Sunt
1983 3951 2179 4016 etiam
2230 3949 2679 4017 consideranda
2724 3952 2913 4018 verba

532 4076 586 4121 c.
651 4052 771 4119 46:
843 4059 959 4120 τῶν
1021 4055 1084 4118 ἐν
1141 4064 1219 4138 τῇ·
1286 4055 1439 4134 νήσῳ
1505 4057 1778 4123 πείθουσί
1835 4079 2009 4129 τινας
2074 4057 2351 4133 ὀλίγους,
2422 4055 2913 4138 ὑποπέμψαντες

535 4163 758 4248 φίλους
821 4159 925 4226 καὶ
988 4160 1346 4239 διδάξαντες
1405 4165 1483 4234 ὥς
1548 4165 1695 4228 κατ’
1758 4163 1989 4230 εὔνοιαν
2044 4161 2113 4238 δὴ
2163 4161 2445 4241 λέγειν
2492 4158 2583 4230 ὅτι
2632 4161 2911 4245 πράσις-ον

532 4272 743 4344 αὐτοῖς
805 4269 894 4344 εἵη
957 4271 1034 4341 ὥς
1097 4269 1324 4350 ‘refixis'
1386 4271 1764 4352 ἀποδρᾶναι,
1830 4279 2041 4336 πλοῖον
2095 4270 2160 4337 δέ
2211 4294 2271 4337 τι
2319 4272 2495 4336 αὐτοὶ
2544 4272 2909 4350 ἑτοιμάσειν.

533 4378 716 4447 Dicet
763 4374 1062 4448 Oobetus-
1085 4377 1310 4446 Mum.
1355 4378 1511 4446 XIX
1562 4377 1719 4460 452,
1766 4378 1999 4466 quibus
2046 4381 2447 4466 argumentis
2495 4379 2620 4447 sibi
2662 4397 2917 4465 persua·
