3150 5000
540 251 672 318 356
1562 269 1882 320 nonnus,
3067 255 3070 376 l

537 437 613 500 ἐν
632 427 721 500 rb
740 462 770 499 ν
788 461 822 509 n
840 459 884 498 a
904 459 923 498 ι
942 483 957 511 ,
1025 434 1093 500 id
1152 439 1249 500 est
1312 435 1756 501 coniunctivus
1811 435 2194 520 praesentis,
2235 433 2395 498 ferri
2437 436 2682 517 potest;
2725 451 2898 517 quam

536 562 687 607 vero
748 541 1019 606 formam
1084 547 1299 606 textus
1363 541 1624 608 exhibet
1675 543 1979 618 ἐντύνεαι,
2041 543 2107 604 in
2156 560 2228 605 ea
2275 539 2615 623 corripitur
2661 545 2900 622 utraque

534 648 788 714 vocalis.
852 646 1111 722 ¹Vitium
1177 648 1385 734 igitur
1439 647 1724 735 legimus
1743 696 1760 725 ,
1825 648 1934 712 sed
1995 649 2235 712 vitium
2297 645 2466 730 quod
2515 648 2736 710 statim
2779 663 2902 709 ova·

532 757 735 819 nescit
783 774 929 818 cum
979 753 1183 818 literis
1221 755 1445 818 ionicis
1484 755 1940 820 substituimus
1979 755 2204 818 atticas
2221 775 2240 836 ;
2279 759 2728 818 ENTTNEAI
2753 753 2904 816 enim

532 867 777 926 veteres
824 867 1108 926 cantores
1155 859 1277 925 hoc
1323 860 1460 925 loco
1508 881 1621 946 per
1669 860 1994 926 elisionem
2046 858 2588 945 pronunciabant:

714 967 1017 1041 ἔντύνη’
1066 966 1199 1030 ἐπεὶ
1246 965 1317 1032 οὔ
1363 973 1484 1032 etc.
3071 894 3073 1040 ¹

624 1180 806 1247 Felix
854 1201 1024 1248 error
1070 1181 1277 1245 tribus
1321 1179 1476 1247 locis
1525 1193 1579 1245 Δ
1627 1180 1780 1258 404,
1830 1191 1856 1246 1
1899 1179 2054 1258 260,
2103 1205 2145 1244 α
2190 1178 2322 1244 240
2349 1199 2568 1248 veram
2593 1178 2911 1244 lectionem

534 1288 615 1354 ad
659 1308 775 1354 nos
821 1289 1173 1353 transmisit
1222 1289 1569 1352 intactam:

628 1405 682 1458 Δ
733 1394 897 1458 404:
951 1393 1275 1473 Ἀτρεΐδη,
1326 1394 1415 1470 μὲ
1462 1394 1733 1475 ψεύδε’
1787 1393 2196 1472 ἐπιστάμενος
2245 1393 2436 1476 σάφα
2481 1399 2729 1457 rameru.

647 1499 680 1565 Ῑ
726 1499 896 1564 26ος
944 1499 1193 1584 παύε’,
1241 1499 1315 1564 ἔα
1366 1501 1425 1566 δὲ
1474 1500 1666 1580 χόλον
1715 1501 2075 1580 θυμαλγέα.

638 1631 683 1671 α
731 1604 900 1672 340:
949 1607 1183 1682 ταύτης
1229 1606 1284 1670 δ’
1335 1608 1741 1674 ἀποπαύε’
1791 1610 2018 1683 ἀοιδῆς.

535 1713 661 1778 Pro
708 1715 985 1778 activi
1033 1718 1203 1780 enim
1251 1717 1477 1780 formis
1522 1715 1716 1792 ψεῦδε
1763 1721 1828 1780 et
1873 1719 2041 1779 παῦε
2087 1714 2308 1780 haberi
2356 1719 2652 1798 poterant
2699 1712 2924 1776 formae

538 1819 730 1885 elisae
798 1820 1009 1898 ψεύδε’
1072 1828 1136 1886 et
1199 1820 1417 1895 παύε’,
1484 1829 1547 1886 et
1609 1822 1727 1886 hac
1788 1821 1866 1885 de
1924 1841 2111 1886 causa
2157 1820 2514 1886 incolumes
2561 1825 2922 1893 evaserunt,

537 1946 685 1990 cum
751 1923 908 1990 alibi
978 1933 1337 1993 constanter
1397 1953 1496 1992 -ευ
1562 1928 1755 1992 scribi
1819 1927 2019 1994 soleat
2079 1929 2146 1993 in
2211 1948 2363 1991 mss.
2415 1933 2479 1991 et
2527 1925 2922 1990 editionibus.

536 2029 769 2096 Veram
831 2033 993 2098 hauc
1055 2055 1188 2100 esse
1251 2034 1740 2119 explicationem
1761 2082 1777 2112 ,
1845 2033 2122 2099 ostendit
2183 2037 2479 2098 accentus
2526 2037 2698 2096 παῦε
2748 2049 2922 2116 quem

536 2137 567 2202 I
614 2136 747 2202 260
795 2139 1152 2226 complures
1196 2141 1443 2207 codices
1494 2140 1820 2206 exhibent.
3079 2169 3082 2388 Ι

634 2348 783 2416 Alia
822 2351 901 2416 de
940 2372 1130 2417 causa
1176 2353 1256 2417 ab
1297 2354 1564 2418 interitu
1605 2356 1891 2418 servatae
1927 2357 2078 2417 sunt
2116 2352 2359 2418 formae
2383 2349 2524 2428 ἧσαι
2550 2359 2615 2418 et
2641 2352 2924 2419 ’δαίνυσαι

482 2469 521 2532 5
630 2467 687 2523 Θ
736 2451 907 2547 2471:
959 2454 1053 2534 ἦσ’
1100 2457 1543 2537 ὀλιγηπελέων.

632 2574 701 2629 Ω.
752 2563 876 2631 63:
926 2563 1144 2631 ’δαίνυ’
1196 2564 1358 2647 ἔχων
1404 2567 1769 2647 Φόρμιγγα.
3081 2487 3084 2675 ν

534 2670 679 2736 Non
728 2678 1098 2757 corruptum
1147 2680 1242 2738 est
1292 2670 1387 2749 ''io”
1436 2693 1549 2758 pro
1598 2670 1775 2749 ἧσαι,
1821 2694 2024 2757 neque
2073 2673 2283 2738 ’δαίνυ’
2332 2694 2444 2759 pro
2490 2674 2742 2759 ’δαίνυο,
2789 2674 2924 2757 quia

534 2782 958 2845 contractione
1029 2784 1353 2865 corrumpi
1423 2800 1547 2844 non
1621 2786 1929 2865 poterant.
2003 2776 2384 2865 Ceteroquin
2450 2780 2617 2845 mihi
2683 2778 2920 2845 'Salvus’

533 2887 749 2969 potius
797 2884 1201 2950 scribendum
1251 2886 1529 2952 videtur.

625 3086 806 3151 Binis
875 3086 1031 3153 locis
1100 3098 1144 3153 Γ
1198 3087 1331 3153 430
1397 3095 1459 3153 et
1519 3089 1553 3152 δ
1598 3086 1729 3154 ’752
1797 3088 1971 3169 εὔχε’
2040 3089 2176 3173 (pro
2239 3088 2450 3174 εὔχεο)
2500 3092 2566 3152 in
2615 3088 2921 3173 plerisque

533 3215 687 3259 mss.
748 3192 1023 3281 legitur-3
1089 3215 1250 3279 quae
1315 3195 1518 3259 forma
1583 3196 1688 3259 cui
1747 3197 1921 3259 casui
1970 3193 2246 3259 salutem
2296 3195 2519 3261 debeat
2567 3199 2810 3273 nescim
2857 3196 2920 3255 ut

534 3302 705 3366 euim
771 3301 895 3364 sibi
944 3308 1303 3366 constarent
1349 3300 1796 3387 grammatici,
1847 3302 2037 3381 εὕχευ
2086 3301 2148 3364 b.
2177 3300 2224 3365 1.
2275 3304 2545 3367 scribere
2595 3302 2916 3367 debebant.

534 3404 933 3490 Quapropter
978 3406 1147 3471 haud
1196 3409 1409 3492 inepte
1450 3407 1714 3471 fortasse
1753 3408 2123 3491 suspiceris,
2166 3408 2501 3473 confusum
2547 3408 2746 3473 fuisse
2783 3424 2914 3471 cum

536 3512 755 3590 εὔχεα.

624 3736 677 3790 Κ
730 3725 857 3790 146
906 3726 1148 3815 legitur
1192 3727 1451 3813 quidem
1510 3723 1696 3809 ἕπευ,
1745 3726 1850 3791 sed
1895 3730 1962 3790 in
2003 3726 2263 3792 scholiis
2303 3728 2421 3792 boc
2463 3732 2638 3791 extat
2662 3721 2916 3811 Didymi

534 3836 1015 3899 testimonium:
1094 3834 1502 3914 Ἀρίσταρχος
1573 3834 1760 3912 χωρὶς
1833 3839 1938 3896 τοῦ
2011 3839 2051 3896 ὖ
2123 3834 2314 3910 »ἀλλ’
2379 3832 2516 3897 ἕπε’
2565 3832 2786 3914 ὅφρα”.
2837 3862 2914 3877 —-

530 3940 833 4007 Potestne
894 3938 1029 4003 fieri
1095 3948 1167 4005 ut
1214 3940 1292 4005 ad
1341 3941 1598 4004 activum
1651 3939 1812 4004 hanc
1863 3940 2136 4004 formam
2184 3941 2592 4005 Aristarchus
2638 3936 2913 4004 retulerit

522 4052 599 4129 (et
640 4044 670 4111 ἕ
686 4070 780 4111 τε
828 4048 1035 4137 igitur
1080 4044 1443 4131 scripserit?

626 4265 910 4333 Tandem
958 4271 1495 4331 commemoratus
1542 4272 1677 4333 esto
1725 4286 1942 4339 versus
1990 4291 2026 4341 η
2081 4250 2204 4359 5ρε
2246 4268 2277 4327 3

900 4372 1217 4439 δέσποιναν
1266 4374 1378 4449 μὲν
1436 4375 1650 4452 πρῶτα
1703 4374 1998 4452 κιχήσεαι
2043 4376 2102 4437 ἐν
2159 4370 2510 4451 μεγάροισι.
