3150 5000
1374 203 1606 254 comer.
2432 135 2437 144 α
2568 179 2696 248 193

400 365 476 434 V.
523 365 568 432 8
613 369 1058 457 corrigendum
1107 368 1395 435 videtur:

669 483 894 551 στῆσαι
944 475 1276 557 πριάμενόν
1319 500 1409 543 τοι
1455 484 1761 556 γυναῖκας
1810 477 1983 542 κατὰ
2030 475 2251 548 τόπους

671 582 872 656 κοινὰς
921 581 1126 648 ἅπασι
1173 582 1280 649 καὶ
1331 583 2147 672 παρεσκευασμένας.

297 688 347 754 i.
375 710 430 756 e.
471 695 724 774 paratae
768 710 882 775 pro
929 688 1543 770 κατεσκευασμένας.
1593 689 1897 779 Sequitur
1944 693 2117 758 enim
2164 691 2383 756 ἑστᾶσι
2430 688 2697 770 γυμναί.

399 869 594 959 mem‘
625 891 703 958 fr.
752 891 840 958 60

1499 1003 1639 1076 τοὺς
1691 1005 1753 1069 ἐν
1799 1013 1875 1086 τῇ
1925 1001 2104 1069 πόλει

674 1105 989 1189 μάρτυρας
1037 1107 1164 1191 ἔχω
1212 1110 1339 1190 γὰρ
1388 1105 1479 1174 ὅτι
1525 1110 1708 1187 μόνος
1757 1112 2001 1192 φύσκην
2047 1117 2191 1177 ποιῶ
2215 1155 2233 1189 ‚

671 1214 1049 1290 κάνδαυλον,
1097 1215 1224 1297 ᾠοὶ,
1272 1217 1422 1295 θρῖον
1468 1217 1546 1280 ἐν
1593 1219 1865 1298 στενῷ.

303 1319 608 1387 Sufficere
653 1320 914 1387 editoris
959 1325 1384 1389 coniecturam
1439 1323 1468 1386 ε’
1483 1348 1512 1386 ν
1530 1345 1569 1387 τ
1586 1324 1615 1388 ἐ
1632 1348 1683 1406 χ
1701 1349 1731 1388 ν
1748 1349 1793 1388 ω
1810 1349 1840 1397 ς
1889 1330 2084 1412 negat
2129 1326 2267 1410 ipse
2310 1328 2497 1410 poeta
2542 1324 2701 1389 scri-

299 1429 462 1494 bens
503 1431 574 1494 in
620 1449 752 1514 sqq.

2026 1538 2091 1602 τι’
2135 1537 2263 1618 γὰρ

763 1645 992 1710 τούτων
1038 1643 1352 1723 διάπτωμ’
1403 1645 1634 1724 ἐγένετ’
1684 1644 1719 1721 ἢ
1768 1643 2124 1725 ἁμάρτημα
2174 1646 2241 1710 τί
2255 1664 2274 1722 ;

298 1750 476 1817 unde
521 1755 782 1836 apparet
825 1761 1267 1838 praegressum
1317 1771 1450 1817 esse
1497 1751 1665 1838 quod
1712 1749 2031 1839 significet
2055 1751 2345 1837 perfecte.
2395 1750 2697 1816 Fueritne

300 1861 646 1932 ἐντελῶς
696 1880 776 1926 an
824 1857 1037 1938 aliud,
1086 1859 1552 1924 decernendum
1601 1858 1893 1944 relinquo
1938 1858 2303 1925 lectoribus.

398 2078 578 2143 Idem
625 2077 701 2142 fr.
757 2076 884 2143 163

764 2185 960 2249 αἰτῶ
1009 2183 1062 2248 δ’
1112 2184 1350 2262 ὑγίειαν
1395 2191 1662 2264 πρῶτον,
1714 2181 1826 2250 εἶτ’
1869 2183 2240 2265 εὐπραξίαν,

764 2291 962 2371 τρίτον
1011 2290 1074 2355 δὲ
1121 2291 1395 2372 χαίρειν,
1445 2287 1559 2356 εἶτ’
1607 2291 1879 2373 ὀφείλειν
1927 2289 2164 2368 μηδενί.

305 2399 576 2466 Temere
620 2398 807 2465 Kock
854 2400 1124 2463 coniecit
1170 2422 1212 2463 α
1235 2399 1254 2462 ἱ
1272 2423 1301 2462 ν
1323 2404 1400 2482 ὦ,
1447 2419 1597 2464 nam
1648 2403 1833 2484 poeta
1881 2397 2090 2464 voluit
2128 2398 2268 2473 τοὺς
2313 2397 2477 2471 θεοὺς
2521 2397 2697 2476 αἰτῶ,

303 2527 512 2592 neque
561 2506 750 2571 αἰνεῖν
799 2526 912 2591 pro
958 2506 1228 2571 ἐπαινεῖν
1273 2511 1369 2571 est
1413 2506 1800 2571 comoediae.
1852 2502 2133 2571 Gomicis
2178 2525 2404 2584 nemo,
2453 2506 2699 2589 opinor,

303 2611 693 2681 vocabulum
757 2612 1112 2678 vindicabit
1175 2613 1254 2677 ob
1318 2612 1696 2678 monostich.
1766 2610 1896 2677 506
1960 2610 2065 2675 τὸν
2116 2612 2305 2676 αὑτὸν
2352 2612 2541 2676 αἰνεῖν
2590 2609 2697 2676 καὶ

303 2720 530 2799 ψέγειν
577 2718 786 2798 ἀνδρὸς
836 2722 1058 2796 κακοῦ,
1112 2720 1225 2803 qui
1272 2738 1492 2785 versus
1537 2716 1877 2784 Menandri
1924 2738 2154 2783 nomen
2200 2719 2533 2784 mentitur.

399 2922 583 3017 Idem
632 2922 707 2987 fr.
762 2919 912 3002 164,
963 2921 1004 2987 2

812 3028 914 3093 καὶ
963 3031 1074 3103 τὴν
1119 3029 1250 3092 ἀπ’
1297 3026 1507 3093 ἄλλων
1555 3026 1954 3110 ἐμποδῖζεται
2006 3026 2186 3094 δόσιν.

306 3136 454 3201 Non
517 3138 728 3223 magis
790 3134 978 3201 hodie
1039 3155 1231 3221 quam
1279 3141 1426 3202 ante
1475 3132 1667 3200 XXX
1717 3156 1911 3201 annos
1960 3135 2071 3207 rino
2117 3135 2235 3199 ἀπ’
2280 3130 2490 3199 ἄλλων
2536 3132 2699 3199 δόσιν

312 3243 508 3307 bonae
573 3238 958 3308 Graecitatis
1021 3262 1156 3307 esse
1216 3243 1501 3307 arbitror.
1571 3240 1641 3307 Si
1707 3262 1925 3309 revera
1986 3242 2057 3306 hi
2104 3262 2232 3307 vss.
2280 3246 2429 3307 sunt
2477 3238 2700 3308 Phile-

308 3349 552 3425 monis,
619 3354 733 3412 aut
795 3348 898 3411 ὑπ’
964 3353 1076 3414 aut
1137 3349 1284 3428 παρ’
1347 3350 1775 3413 necessarium
1840 3348 2021 3413 duco.
2088 3346 2214 3413 Sed
2261 3346 2584 3432 permulta
2628 3349 2699 3413 in

309 3451 430 3518 hac
491 3452 822 3519 Menandri
871 3457 935 3519 et
979 3453 1378 3520 Philemonis
1425 3456 1897 3540 comparatione
1952 3454 2271 3520 sublestae
2319 3460 2469 3519 sunt
2517 3452 2699 3532 fidei,

316 3559 495 3625 velut
554 3559 634 3624 fr.
701 3556 850 3638 109,
917 3560 1088 3645 quod
1151 3561 1440 3625 versibus
1512 3559 1797 3647 politicis
1844 3569 2130 3626 constare
2174 3558 2495 3626 intellexit
2543 3558 2701 3625 olim

313 3665 632 3733 Meineke.
680 3666 920 3733 Eodem
970 3666 1234 3732 fortasse
1282 3668 1558 3753 pertinet
1606 3667 1681 3732 fr.
1737 3664 1865 3733 1¹70

710 3773 959 3853 σαπρὰν
1005 3779 1282 3851 γυναῖκα
1329 3772 1380 3837 δ’
1427 3775 1455 3837 ὃ
1503 3772 1720 3852 τρόπος
1769 3772 2075 3853 εὔμορφον
2123 3782 2287 3840 ποιεῖ

313 3886 566 3966 propter
628 3882 947 3946 novitium
1009 3880 1310 3948 adiectivi
1377 3899 1566 3945 usum
1612 3900 1724 3967 pro
1772 3879 2085 3961 ἄμορφος,
2140 3880 2417 3962 αἰσχροὶ,
2466 3902 2613 3947 cum
2662 3902 2701 3947 a

317 3987 636 4053 veteribus
697 3989 787 4052 sic
850 3987 1100 4052 dicatur
1161 3988 1362 4051 vetula
1425 3987 1751 4072 decrepita.
1801 3986 2029 4053 Deleta
2075 3986 2303 4054 vocula
2350 3987 2414 4054 δέ
2437 4038 2454 4071 ,
2507 4007 2698 4073 quam

315 4092 557 4160 invexit
605 4092 938 4177 Meineke‚
986 4091 1200 4179 prodit
1246 4114 1338 4161 vs.
1387 4092 1687 4179 politicus

763 4199 1010 4280 σαπρὰν
1058 4202 1322 4280 γυναῖχ’
1370 4202 1400 4264 ὃ
1446 4201 1665 4281 τρόπος
1715 4198 2017 4280 εὔμορφον
2066 4208 2245 4267 ποιεῖ.

404 4304 545 4370 Non
587 4304 796 4371 multo
841 4305 1126 4372 melioris
1171 4313 1356 4372 notae
1406 4306 1662 4371 videtur
1708 4306 1778 4371 fr.
1837 4305 1961 4371 171
