3150 5000
1186 264 1433 315 romu
1477 264 1726 315 sunm.
2557 244 2644 314 27

360 428 443 495 V.
490 427 625 509 ,592
689 429 822 496 Sub
883 386 1075 497 ὥντίλ
1096 455 1248 497 υτον
1294 452 1420 499 non
1466 431 1824 511 ἀντίλυτρον
1872 430 2267 518 delitescere,
2315 428 2424 495 sed
2469 428 2644 494 ἄντί-

266 536 303 601 δ
318 559 347 603 ο
362 560 467 602 τον
511 538 669 604 bene
713 538 1033 605 intellexit
1078 538 1141 606 Ν
1142 538 1409 607 auckius
1450 538 1497 605 l.
1542 538 1592 604 1.
1648 536 2029 605 Emendatio
2073 534 2270 605 latuit
2317 535 2646 603 editorem.

347 754 425 823 V.
477 756 607 823 603

534 862 602 929 ἔκ
648 888 719 929 τε
764 868 931 942 μυῶν
978 864 1224 944 α’γέλας
1275 862 1343 930 ἔκ
1388 863 1445 930 τ’
1490 862 1816 944 α’κρίδος
1867 860 2144 930 ἄπλετον
2189 860 2348 937 ἔθνος

530 972 746 1050 ραίσει.

351 1073 693 1143 offensioni
756 1082 851 1143 est
912 1077 1081 1157 ἀκρίς
1144 1076 1477 1145 collective
1520 1080 1903 1163 usurpatum
1949 1097 2063 1163 pro
2109 1075 2372 1156 ἀκρίδες.
2441 1074 2646 1143 Unica

257 1187 511 1248 mutata
555 1182 770 1249 littera
809 1182 1116 1272 legerim:

1404 1291 1783 1372 ἀκρίδας,
1836 1288 2111 1356 ἄπλετον
2158 1287 2350 1368 ἔθνος,

530 1396 745 1477 ραίσει.

346 1606 424 1673 V.
477 1606 609 1675 632
1148 1609 1219 1674 τὸ
1269 1608 1347 1675 δέ
1396 1612 1450 1675 κ’
1500 1608 1843 1692 ἔρχεται
1892 1606 2158 1675 ὕστατον
2201 1606 2384 1691 ἦμαρ.

344 1714 629 1801 Requiro
676 1716 745 1781 τὸ
793 1715 846 1781 δ’
894 1714 1354 1799 ἐπέρχεται
1398 1718 1528 1782 κτὲ.

345 1915 419 1984 V.
474 1917 609 1983 640

434 2026 498 2089 ἐν
546 2022 673 2105 γάρ
723 2048 826 2101 μιν
874 2025 1268 2106 κεράεσσι
1315 2027 1534 2105 βαλὼν
1583 2026 1766 2104 μέσον
1815 2025 2157 2105 ὲψομένοισι

434 2135 651 2199 τυτθὸν
699 2132 1125 2213 ἀνασχέσθαι·
1177 2137 1261 2198 τοὶ
1313 2134 1374 2199 δὲ
1422 2136 1681 2210 τήκεται
1730 2133 1909 2199 ἔνδοθι
1957 2132 2192 2199 πάντα.

346 2238 561 2305 Nimis
607 2238 947 2305 difficulter
992 2222 1307 2326 concoquo
1354 2264 1577 2305 cornua
1621 2248 1782 2305 cocta
1801 2290 1819 2324 ,
1866 2242 2271 2325 suspicorque
2314 2238 2548 2305 fuisse:

261 2342 317 2405 ἒν
363 2346 493 2425 γάρ
541 2369 645 2421 μιν
696 2346 1147 2429 (antiachaten)
1198 2350 1576 2427 κρεάεσσι
1626 2348 1843 2425 βαλὼν
1888 2348 2073 2425 μέσον
2124 2343 2466 2423 ἕψομένοισι
2508 2344 2639 2409 κτὲ.

258 2445 372 2516 Vel
416 2452 538 2518 hoc
584 2454 655 2518 in
700 2458 884 2539 poeta
932 2452 1009 2519 de
1056 2454 1243 2520 rebus
1288 2452 1692 2520 mirabilibus
1738 2453 2036 2520 scribenti
2073 2454 2228 2520 satis
2253 2457 2386 2530 est,
2412 2457 2487 2517 ut
2510 2452 2642 2538 opi-

257 2577 364 2623 nor
379 2609 398 2644 ,
436 2558 752 2626 mirabile.

344 2760 419 2829 V.
470 2761 603 2830 ¹725

481 2868 687 2951 τόφρα
736 2869 798 2934 δὲ
846 2871 1195 2944 κικλήσκειν
1240 2870 1535 2952 μακάρων
1581 2869 1976 2952 ἄρρηκτον
2023 2867 2365 2936 ἕκαστον

483 2977 743 3053 οὔνομα·
795 2976 1117 3055 τέρπονται
1165 2977 1329 3057 γάρ,
1379 2979 1519 3042 ἐπεί
1563 2978 1631 3042 κέ
1678 3001 1772 3050 τις
1821 2979 1880 3041 ἐν
1927 2985 2212 3058 τελετῇσι

480 3086 878 3161 μυστικὸν
924 3083 1191 3165 ἀείδῃσιν
1242 3085 1652 3160 ἐπώνυμον
1699 3083 2074 3164 οὐρανιῶνων.

262 3183 313 3248 E
358 3189 763 3275 sequentibus
810 3192 965 3256 satis
1012 3197 1272 3276 apparet
1312 3191 1619 3257 editorem
1661 3193 1730 3256 in
1767 3191 2090 3276 proecdosi
2109 3209 2435 3276 perperam
2461 3209 2636 3278 spre-

261 3293 420 3359 visse
489 3293 793 3382 Stephani
857 3297 1362 3364 emendationem
1423 3296 1712 3384 ἄρρητονς
1762 3319 1952 3383 quam
2009 3300 2240 3363 merito
2288 3298 2523 3382 recepit
2567 3298 2634 3361 in

264 3395 531 3466 editione
595 3422 647 3466 a.
705 3399 879 3466 1885
900 3449 915 3478 ,
978 3405 1045 3468 in
1105 3423 1229 3487 qua
1293 3424 1405 3488 pro
1464 3399 1722 3468 ἕκαστον
1771 3424 1918 3469 cum
1968 3401 2338 3470 Hermanno
2383 3404 2636 3488 scripsit

264 3500 548 3574 ὲκώστων.
620 3507 930 3593 Equidem
976 3509 1388 3594 praetulerim
1430 3508 1716 3576 ἕκαστον.

346 3721 426 3789 V.
476 3724 606 3792 Ι728

523 3832 792 3911 ἀρᾶσθαι
840 3831 905 3896 δὲ
956 3831 1289 3912 Μέγαιραν
1337 3832 1635 3914 ἀπόπροθι
1684 3832 2126 3915 παφλάζοντος

522 3938 847 4014 σευέμεναι
893 3938 1165 4018 τρίποδος
1217 3939 1692 4022 κακομήχανον·
1745 3944 1803 4014 ἐς
1854 3939 1912 4006 δ’
1963 3938 2083 4020 ἄρα
2129 3937 2271 4012 τούς
2318 3965 2395 4019 γε

523 4049 773 4122 πνεῦμα
823 4042 1087 4118 διιπετὲς
1138 4043 1356 4112 ἔνδον
1402 4044 1584 4124 ἄγειν
1631 4046 1796 4128 ἱερὰς
1846 4045 1945 4111 ἐπὶ
1995 4047 2232 4127 μοίρας.

350 4143 633 4216 Fortasse
691 4157 969 4236 praestat
1032 4175 1060 4216 ε
1082 4151 1119 4216 ὕ
1132 4175 1282 4233 χον
1336 4173 1449 4240 pro
1496 4151 1653 4220 ἔνδον
1675 4204 1692 4232 ,
1743 4153 1909 4238 quod
1957 4155 2135 4219 abest
2179 4173 2216 4220 e
2260 4152 2472 4220 codice
2517 4161 2590 4218 M
2610 4203 2628 4233 ,

278 4249 438 4318 ouius
483 4262 695 4322 tamen
742 4255 894 4323 libri
937 4259 1223 4344 graviter
1266 4259 1635 4344 interpolati
1669 4259 1880 4327 iudice
1915 4260 2142 4327 Abelio
2179 4263 2248 4325 in
2285 4259 2491 4326 Praef.
2532 4260 2628 4328 ed.

276 4366 325 4419 ⁸·
372 4355 533 4426 1881
584 4381 730 4450 pag.
782 4360 823 4427 8
872 4383 996 4429 non
1044 4384 1281 4452 magna
1330 4372 1426 4430 est
1472 4368 1832 4432 auctoritas.
