3150 5000
1277 292 1595 343 nonnos.
2496 273 2629 341 415

264 466 634 551 propagatae
679 484 756 529 ex
800 462 916 529 illo
961 468 1245 548 tempore
1286 481 1414 547 quo
1451 459 1775 527 Homerus
1812 462 2161 547 putabatur
2198 460 2276 527 de
2313 461 2629 527 industria

262 576 510 636 cunctas
553 570 917 637 adhibuisse
965 568 1268 635 dialectos
1313 588 1572 657 graecas
1618 573 1683 633 et
1729 570 1867 633 iure
1911 570 2155 653 poetico
2194 567 2629 633 diversissima

261 678 710 743 contaminasse
735 672 809 762 ι).
878 676 1012 742 Nec
1063 678 1302 739 mirum
1349 677 1415 738 in
1463 676 1619 739 artis
1665 676 2124 761 grammaticae
2161 675 2435 758 pueritia
2459 675 2629 738 viros

257 782 464 847 doctos
525 785 618 847 ita
678 784 966 867 opinatos
1031 780 1260 857 fuisse3
1323 801 1474 847 nam
1540 779 1765 865 quidni
1814 786 2144 865 poetarum
2193 782 2279 844 sit
2324 778 2627 845 dialectos

251 890 658 974 permiscere,
706 890 761 954 si
807 908 1104 953 numeros
1122 935 1140 967 ,
1189 908 1404 966 casus,
1452 906 1687 976 genera
1732 885 2021 953 consulto
2058 886 2446 971 perturbent.
2494 884 2625 950 Ho-

252 994 349 1060 die
411 1001 628 1061 tamen
689 995 874 1061 aliter
931 995 1252 1060 iudicatur
1313 1013 1514 1080 neque
1575 994 1733 1059 talia
1776 991 2061 1058 refellere
2104 992 2311 1059 adhuc
2356 998 2627 1078 oportet.

249 1100 418 1176 Quid
485 1104 687 1188 igitur
753 1104 820 1165 in
890 1122 1078 1167 causa
1146 1106 1245 1166 est
1315 1100 1482 1186 quod
1550 1099 1741 1165 modo
1810 1096 2025 1177 ἄμμες
2086 1097 2376 1186 legimus*
2436 1098 2627 1164 modo

248 1204 464 1285 ἦμεῖςῖ
509 1207 840 1305 Numquid
891 1207 1273 1273 alterutrum
1321 1209 1531 1295 magis
1577 1208 1901 1293 poeticum
1948 1202 2169 1271 sonat?
2215 1204 2423 1271 Nemo
2462 1206 2625 1270 serio

244 1314 357 1380 hoc
397 1313 736 1381 contendat
775 1316 1015 1399 opinor.
1062 1313 1278 1379 Unum
1322 1314 1587 1379 interest
1626 1313 1963 1378 discrimen
1999 1312 2372 1394 metricum,
2394 1330 2625 1397 nempe

244 1420 518 1487 alterum
565 1420 915 1505 spondeum
963 1420 1154 1487 efficit
1173 1468 1192 1499 ‚
1241 1420 1517 1487 alterum
1555 1419 1960 1503 trochaeum3
2003 1424 2249 1485 caetera
2288 1420 2461 1483 enim
2487 1420 2626 1503 qui-

243 1526 356 1592 bus
405 1526 647 1592 formae
694 1525 906 1604 ἄμμες
948 1534 1012 1593 et
1051 1526 1257 1606 ὔμμες
1299 1528 1379 1592 ab
1415 1526 1634 1591 alteris
1658 1526 2049 1611 discrepant,
2074 1524 2328 1610 psilosis
2354 1524 2622 1603 aeolica,

241 1641 537 1699 accentus
599 1652 774 1699 more
819 1633 1056 1701 aeolico
1104 1655 1141 1699 a
1187 1636 1528 1719 posteriore
1575 1630 1827 1719 syllaba
1870 1637 2153 1724 remotus
2196 1632 2263 1695 in
2308 1634 2581 1717 priorem
2600 1677 2621 1711 ,

239 1738 479 1805 vocalis
524 1764 566 1803 οι
613 1760 726 1825 pro
773 1765 807 1815 η
826 1788 843 1816 ,
901 1740 1088 1808 litera
1133 1766 1184 1819 μ
1229 1742 1596 1829 geminata,
1638 1758 1712 1803 ea
1760 1740 1977 1804 omnia
2028 1740 2346 1824 pertinent
2392 1739 2472 1805 ad
2520 1758 2623 1805 so-

237 1842 365 1911 lam
415 1845 934 1932 orthographiam
955 1897 974 1930 ,
1022 1868 1224 1933 neque
1265 1848 1526 1912 maioris
1564 1851 1714 1910 sunt
1753 1847 2059 1910 momenti
2104 1866 2296 1929 quam
2338 1845 2623 1929 quaestio

237 1954 402 2018 sitne
467 1952 834 2030 ἐννοσίγαιος
891 1952 1294 2019 scribendum
1347 1974 1426 2017 an
1473 1951 1872 2029 sivoolymoc.
1922 1956 1989 2015 et
2034 1950 2311 2033 similia,
2358 1950 2435 2015 de
2484 1952 2623 2036 qui-

235 2056 354 2123 bus
415 2054 742 2142 disputare
797 2080 1022 2143 parum
1072 2059 1234 2125 utile
1281 2064 1394 2125 aut
1437 2057 1792 2123 iucundum
1840 2062 1955 2121 est.
2026 2054 2263 2122 Contra
2307 2057 2480 2122 haud
2526 2060 2621 2124 ixi-.-

235 2162 433 2251 digna
517 2166 585 2229 in
653 2185 846 2249 quam
917 2167 1274 2251 inquiratur
1345 2166 1599 2232 videtur
1668 2166 1985 2249 quaestio,
2058 2163 2333 2229 fueritne
2401 2183 2622 2229 revera

233 2273 544 2355 posterior
596 2270 845 2356 syllaba
889 2272 1240 2337 formarum
1290 2273 1467 2347 ἡμεῖς
1517 2276 1583 2336 et
1632 2270 1807 2347 ὑμεῖς
1854 2290 1969 2335 sua
2016 2272 2084 2336 vi
2128 2269 2467 2356 producta,
2515 2270 2618 2333 vi-

232 2377 459 2443 demus
503 2380 676 2443 enim
726 2378 898 2443 haud
945 2399 1086 2444 raro
1133 2400 1274 2443 eam
1323 2381 1589 2463 corripi,
1638 2398 1866 2463 nempe
1912 2378 1994 2441 iis
2039 2376 2197 2442 locis
2241 2376 2355 2442 ubi
2402 2373 2617 2453 ἄμμες

233 2490 295 2550 et
343 2486 554 2562 ὔμμες
603 2484 874 2550 scribere
921 2488 1118 2550 moris
1163 2490 1277 2551 est.

318 2591 562 2656 Parum
624 2591 692 2656 id
757 2591 922 2656 mihi
983 2591 1332 2657 verisimile
1376 2591 1715 2658 videbatur
1760 2591 1930 2656 binis
1974 2590 2051 2656 de
2098 2593 2323 2656 causis.
2392 2590 2615 2657 Primo

231 2697 397 2782 quod
445 2695 613 2762 illud
661 2704 780 2766 -εῖς
828 2704 1053 2761 natum
1101 2703 1198 2763 est
1251 2716 1328 2762 ex
1375 2700 1801 2763 contractione
1822 2743 1838 2774 ,
1874 2717 2068 2781 quam
2106 2699 2177 2762 in
2200 2695 2477 2762 Homero
2503 2699 2614 2763 vix

227 2823 515 2888 unquam
559 2823 698 2868 esse
746 2802 1206 2869 admittendam
1222 2852 1238 2881 ‚
1292 2811 1514 2889 utpote
1550 2804 1629 2868 ab
1671 2805 1809 2868 eius
1846 2803 2073 2890 lingua
2096 2803 2395 2880 alienam,
2426 2803 2615 2869 hodie

231 2915 519 2974 constare
563 2908 818 2974 dixeris.
880 2908 1214 2974 Praeterea
1259 2909 1430 2974 haud
1479 2909 1729 2974 diversa
1772 2914 1923 2973 sunt
1970 2905 2279 2973 vocabula
2325 2912 2501 2985 ἡμεῖς
2550 2913 2615 2974 et

229 3012 448 3092 ἄμμες
467 3061 486 3093 ,
551 3015 730 3092 ὑμεῖςΙ
786 3021 851 3080 et
912 3013 1115 3090 ὔμμες
1135 3061 1152 3091 ,
1215 3014 1325 3080 sed
1373 3016 1556 3080 unice
1603 3013 1871 3080 dialecto
1916 3014 2274 3099 discrepant
2322 3019 2433 3080 aut
2479 3014 2616 3079 dis-

229 3141 486 3207 crepare
547 3119 872 3205 seruntur3
905 3121 1118 3207 ,plane
1179 3120 1307 3186 alia
1365 3141 1466 3186 res
1527 3127 1663 3186 erat
1723 3141 1875 3186 cum
1932 3124 2000 3186 in
2046 3121 2330 3206 duplices
2374 3121 2611 3190 formas

231 3225 418 3304 ἄμμε
459 3233 528 3293 et
571 3234 668 3291 νῶι
689 3278 708 3300 ,
758 3227 932 3304 ὔμμε
979 3234 1044 3294 et
1090 3233 1251 3310 σφῶε
1300 3229 1815 3312 inquirebamus,
1864 3248 2027 3314 quae
2064 3249 2101 3292 a
2139 3227 2408 3293 diversis
2447 3229 2610 3294 radi-

228 3334 410 3398 cibus
455 3340 605 3399 sunt
650 3333 978 3399 formatae.
1051 3333 1350 3420 Quisquis
1408 3337 1615 3422 igitur
1659 3356 1785 3401 non
1834 3334 2033 3400 credit
2078 3333 2368 3420 pluribus
2412 3334 2612 3402 simul
2713 3410 2721 3419 .

229 3439 521 3506 dialectis
568 3447 813 3506 veteres
860 3445 1078 3525 poetas
1123 3461 1270 3506 usos
1314 3440 1508 3506 fuisse
1529 3491 1547 3524 ,
1618 3461 1743 3507 non
1786 3443 1915 3506 nisi
1958 3439 2346 3507 reluctanter
2392 3461 2611 3506 conce-

230 3546 368 3624 det,
436 3553 502 3612 et
563 3549 742 3623 ἡμεῖς
807 3547 980 3624 ὑμεῖς
1045 3553 1110 3612 et
1171 3545 1382 3624 ἄμμες
1451 3546 1654 3626 ὔμμες
1716 3568 1905 3612 suum
1971 3548 2093 3611 sibi
2137 3550 2204 3612 in
2250 3545 2611 3612 Homericis

226 3649 440 3717 locum
504 3652 766 3730 habere,
833 3651 938 3718 vel
998 3659 1069 3718 ut
1133 3657 1564 3738 quaestionem
1631 3654 2005 3719 arctioribus
2058 3652 2289 3727 finibus
2337 3656 2608 3718 circum-

227 3758 610 3835 scribamus,
674 3758 984 3847 neglectis
1039 3760 1332 3825 minutiis
1393 3760 1935 3848 orthographicis:
1998 3762 2449 3845 pronominum
2502 3783 2608 3826 nos

189 3855 293 3928 'et
355 3888 452 3930 vor
508 3867 588 3930 ab
649 3866 930 3932 Homero
993 3868 1402 3952 posteriorem
1463 3863 1783 3952 syllabam
1844 3865 2032 3933 modo
2090 3866 2353 3950 produci
2417 3865 2605 3931 modo

226 3974 476 4059 corripi.

300 4258 355 4324 1)
387 4259 450 4319 ὦς
485 4259 542 4310 οὗ
577 4261 720 4321 μόνον
755 4257 863 4326 ἰξὸν
901 4258 1038 4322 αὐτῷ
1054 4299 1068 4317 ,
1102 4277 1224 4326 quae
1255 4266 1368 4312 sunt
1406 4262 1571 4313 Dionis
1607 4262 1933 4326 Chrysostomi
1967 4262 2109 4313 verba
2138 4263 2209 4326 (in
2239 4263 2470 4314 Oratione
2498 4264 2571 4313 xl
2588 4302 2605 4325 ,

231 4341 347 4401 315)
378 4343 471 4400 τὰς
505 4341 670 4400 ἄλλας
703 4340 950 4405 γλώττας
985 4340 1208 4405 μιγνύειν
1240 4345 1338 4402 τὰς
1374 4349 1472 4392 τῶν
1509 4341 1781 4401 Ἑλλήνων,
1813 4343 1895 4392 καὶ
1929 4343 2056 4394 ποτὶ
2086 4345 2177 4407 μὲν
2195 4345 2456 4410 αἰολίζειν,
2472 4345 2603 4395 ποτὲ

233 4417 284 4468 δὲ
319 4418 561 4487 δωρίζειν,
595 4423 722 4472 ποτὶ
757 4421 812 4472 δὲ
846 4421 1034 4488 ἰάζειν,
1067 4421 1208 4473 ἀλλὰ
1245 4424 1330 4474 καὶ
1361 4423 1538 4474 Bam?
1569 4417 1905 4489 διαλέγεσθίι.
