3150 5000
584 189 716 255 320
1554 215 1978 267 rnuornmm.

672 377 747 443 In
808 378 1026 444 eodem
1091 381 1296 466 eapite
1361 379 1439 446 de
1500 381 1689 447 Nicia
1734 382 2052 470 legimus:
2099 385 2392 467 ἐφοβεῖτο
2439 384 2566 464 γὰρ
2611 385 2700 462 μὴ
2745 381 2937 446 πάντα

581 485 779 559 ἀτελῆ
829 481 989 567 ἔχων
1034 485 1346 568 ἀπέλθῃ
1394 487 1527 551 καὶ
1576 489 2008 571 διαβληθῇ.
2055 489 2480 557 Herwordeno
2530 489 2797 564 concedo
2837 489 2940 553 hoc

580 590 981 656 incommode
1028 591 1277 657 dietum
1324 613 1458 659 esse
1478 643 1494 672 ,
1542 594 1653 661 sed
1701 596 1870 680 quod
1915 594 2312 662 Classenium
2361 603 2618 664 secutus
2661 618 2731 662 se
2767 595 2942 660 malle

578 696 835 765 scribit:
884 699 973 773 μὴ
1021 698 1183 785 (ἐὰν)
1234 697 1447 764 πάντα
1476 738 1557 750 -
1585 700 1862 782 ἀπέλθῃ,
1911 703 2254 784 διαβληθῇ,
2303 706 2656 789 poterimus
2702 703 2942 769 fortasse

578 802 930 869 faciliorem
992 805 1155 870 inire
1214 808 1563 873 rationem:
1628 808 1918 889 ἐφοβεῖτο
1979 809 2110 890 γὰρ
2157 812 2244 888 μὴ
2293 808 2507 874 πάντα
2555 811 2761 884 οἰτελῆ
2802 809 2944 889 ἔχων

581 910 951 974 ἀπελθὼν
1016 911 1660 994 προσ-διαβληθῇ.
1733 911 1890 1000 Cap.
1937 914 2062 981 48:
2125 918 2331 994 οὶρκεῖν
2379 915 2430 980 δ’
2481 915 2738 996 ἔφασαν
2783 914 2942 994 σφίσι

579 1017 689 1089 τὴν
737 1015 975 1096 πρώτην
1021 1017 1355 1095 γενομένην
1404 1019 1783 1105 ἐπιμαχίαν,
1823 1023 2216 1096 ἀλλήλοις
2257 1022 2607 1108 βοηθεῖν,
2647 1028 2946 1104 ξυνεπι-

580 1147 620 1192 c,-
634 1122 1007 1203 ματεύειν
1074 1123 1138 1188 δὲ
1208 1124 1457 1200 μηδενί.
1528 1146 1658 1193 non
1716 1146 1874 1212 opus
1935 1133 2032 1194 est
2095 1149 2404 1214 exponere
2452 1149 2565 1194 cur
2609 1128 2946 1214 praeferam

579 1230 873 1295 futurum
920 1227 959 1306 ξ
976 1253 1472 1310 υνεπιςροοτε
1493 1233 1665 1296 tio-ee
1687 1259 1716 1295 ν
1763 1239 1826 1298 et
1872 1235 2154 1300 insiticia
2195 1238 2328 1300 esse
2365 1235 2715 1301 videantur
2737 1233 2948 1298 verba:

580 1336 984 1410 ἀλλήλοις
1031 1334 1382 1413 βοηθεῖν.
1431 1337 1525 1404 De
1573 1339 1913 1424 eapite,49
1963 1342 2070 1427 egi
2113 1340 2192 1406 ad
2239 1339 2498 1406 Isaeum
2545 1341 2778 1406 Mum.
2816 1336 2952 1402 ΧΠ

582 1439 714 1508 386
763 1450 829 1508 et
874 1447 1135 1510 conatus
1180 1464 1323 1508 sum
1370 1445 1694 1511 ostendere
1742 1467 1877 1512 esse
1920 1445 2267 1534 legendum
2325 1447 2392 1511 ἐκ
2441 1451 2547 1511 τοῦ
2599 1445 2950 1522 Ὀλυμπια-

580 1553 686 1614 κοῦ
751 1547 931 1626 νόμον
996 1555 1060 1615 et
1118 1550 1614 1637 expungendum
1663 1571 1796 1616 esse
1846 1556 2018 1630 σφοῖς
2069 1558 2132 1617 et
2178 1554 2416 1618 inserto
2461 1572 2733 1618 numero
2779 1552 2952 1616 oorri·

579 1655 863 1742 gendum
926 1675 1094 1722 esse:
1160 1656 1219 1724 ἐς
1280 1655 1547 1734 Λέπρεον
1609 1659 1946 1736 χιλίους
1990 1657 2280 1732 ὁπλίταις.
2329 1658 2401 1723 In
2447 1658 2674 1724 eodem
2723 1659 2948 1743 cupite:

580 1763 633 1826 οἱ
681 1762 743 1827 δὲ
790 1761 1269 1837 Λακεδαιμόνιοι
1313 1762 1764 1841 ὑπελάμβανον
1797 1801 1878 1812 -
1920 1764 2074 1844 οὐχ
2113 1766 2204 1837 ὥς
2248 1763 2750 1845 νομίζοντας
2787 1766 2954 1827 τοῦτο

580 1869 829 1954 δρᾶσαι,
897 1875 1179 1936 contorte
1224 1868 1470 1934 dietum
1518 1875 1645 1946 est,
1695 1869 1804 1935 sed
1849 1871 2013 1956 quod
2061 1873 2436 1956 interpretes
2481 1871 2700 1937 locum
2747 1868 2954 1935 diffici-

578 1975 709 2041 lem
771 1996 906 2040 esse
968 1975 1302 2060 perhibent
1319 2021 1335 2050 ‚
1397 1974 1636 2040 nodum
1699 1975 1864 2041 mihi
1923 1979 1991 2040 in
2037 1978 2241 2062 scirpo
2287 1997 2584 2064 quaerere
2629 1978 2949 2048 videntur,

578 2103 694 2147 neo
752 2102 980 2167 sequar
1040 2087 1209 2147 certe
1270 2077 1704 2157 Clessenium,
1772 2084 1883 2166 qui
1945 2083 2269 2148 contendit
2313 2085 2435 2163 οὐχ
2480 2085 2558 2156 ὣς
2607 2080 2950 2162 νομίζοντας

578 2188 825 2253 dictum
888 2207 1024 2252 esse
1084 2207 1228 2272 pro:
1296 2189 1375 2258 ὥς
1422 2189 1488 2252 οὖ
1537 2186 1914 2268 νομίζοντας.
1963 2188 2136 2254 Mihi
2183 2188 2442 2274 quidem
2489 2193 2708 2256 omnia
2755 2185 2950 2254 facilis

578 2300 804 2371 erunt,
841 2293 1031 2359 modo
1067 2293 1382 2380 corrigere
1418 2292 1650 2359 liceat:
1691 2295 1844 2376 οὐχ
1890 2291 2090 2361 οὕτω
2138 2294 2633 2376 νομίζοντες.
2686 2295 2952 2379 Respon-

578 2401 730 2466 dent
788 2399 1275 2466 Lacedeemonii
1330 2420 1399 2465 se
1455 2399 1621 2464 bona
1665 2397 1788 2465 fide
1839 2397 2082 2466 bellum
2129 2400 2425 2465 intulisse
2442 2448 2458 2478 ‚
2510 2421 2660 2466 cum
2709 2404 2949 2489 ignora-

576 2514 720 2575 rent
766 2508 951 2573 ludos
995 2509 1126 2572 ium
1177 2505 1449 2571 indictos
1496 2526 1630 2571 esse
1650 2553 1668 2582 ‚
1720 2506 1889 2590 quod
1935 2512 2271 2592 postquam
2318 2509 2714 2573 resciverunt
2729 2557 2748 2592 ,
2797 2502 2950 2569 ὅπλα

578 2614 881 2692 οὐδαμόσε
930 2612 1018 2678 ἔτι
1067 2615 1276 2686 αὐτοῖς
1320 2612 1698 2690 ἐπενεγκεῖν.
1745 2612 1930 2677 Nihil
1967 2614 2034 2677 in
2073 2614 2175 2680 his
2213 2615 2425 2679 verbis
2463 2616 2807 2680 obscurum
2845 2616 2945 2677 est.

579 2722 819 2803 Quodsi
878 2722 1010 2786 iam
1073 2725 1258 2785 erunt
1315 2719 1609 2784 induciae
1628 2768 1646 2803 ‚
1709 2720 2045 2803 inquiunt,
2093 2738 2132 2782 a.
2178 2738 2302 2804 quo
2347 2725 2632 2805 tempore
2677 2722 2946 2806 primum

578 2828 747 2914 apud
791 2826 978 2893 Eleos
1020 2829 1356 2892 nunciatus
1402 2833 1590 2920 erunt
1637 2862 1724 2875 -
1769 2822 2023 2903 πρώτοις
2071 2826 2198 2902 γὰρ
2245 2826 2459 2905 σφίσιν
2506 2828 2722 2899 αὐτοῖς
2763 2828 2948 2901 ἐπαγ·

577 2935 906 3014 γέλλουσιν
926 2982 943 3016 ,
1003 2932 1170 2997 nihil
1232 2931 1458 2998 deinde
1520 2934 1752 2996 attinet
1813 2932 2208 3010 ἑπαγγεῒλοιι
2264 2932 2353 2998 ἔτι
2403 2934 2465 3004 ἐς
2512 2934 2944 3009 Λακεδκίμονοι

575 3040 683 3108 vel
728 3039 854 3107 alio
901 3039 1128 3125 quovis
1172 3044 1239 3105 et
1284 3037 1635 3104 dummodo
1679 3036 1821 3103 Elei
1868 3038 2114 3112 norint,
2163 3041 2320 3105 satis
2365 3041 2508 3105 erit.

667 3285 855 3354 Metu
898 3282 1175 3373 perculsi
1220 3283 1363 3350 Elei
1400 3304 1480 3349 ne
1519 3282 2003 3351 Lacedaemonii
2036 3286 2173 3350 vim
2214 3286 2555 3363 inferrent,
2595 3284 2708 3363 ξὺν
2755 3280 2943 3355 ὅπλοις

576 3402 694 3460 τῶν
754 3392 1149 3473 νεώτέρων
1194 3393 1485 3472 φυλακὴν
1535 3385 1728 3470 εἶχον.
1804 3390 2040 3455 Miror:
2089 3390 2244 3456 audi
2290 3390 2480 3457 modo
2526 3390 2942 3460 Classenium:

576 3502 1085 3585 unyewb'hnlicher
1146 3498 1498 3563 Amdruck:
1561 3498 1712 3575 „mit
1772 3498 1879 3560 der
1923 3498 2392 3582 kampfbereiten
2419 3499 2688 3581 jic'nqern
2737 3500 2940 3566 Mann-

576 3606 835 3693 schafl.”
884 3645 966 3656 —
1016 3606 1138 3671 Die
1197 3604 1668 3685 Bescbreinkunq
1731 3604 1854 3689 auf
1909 3603 2008 3667 die
2054 3604 2316 3683 νεώτεροι
2364 3605 2500 3669 tritt
2543 3606 2727 3671 λέπη
2771 3624 2942 3687 weyers

579 3718 680 3780 des
741 3715 1093 3779 besonderen
1169 3712 1545 3790 Umatandes,
1596 3711 1734 3774 dass
1778 3710 1884 3773 der
1929 3709 2134 3790 iibri-qe
2185 3710 2352 3773 Theil
2395 3710 2502 3774 der
2548 3712 2940 3788 Bevslkerunq

560 3824 690 3909 fiir
756 3822 856 3885 die
924 3820 1225 3907 Festfeier
1280 3842 1357 3884 zu
1414 3840 1622 3900 eoryen
1684 3818 1864 3882 batte.
1927 3815 2170 3881 Mirum
2194 3864 2210 3893 ,
2259 3820 2522 3903 inquam
2541 3868 2558 3902 ,
2607 3820 2939 3886 iunioribus

578 3930 988 4016 potissimum
1048 3925 1129 3993 ed
1190 3924 1375 3991 ludos
1421 3944 1547 3989 non
1597 3923 1819 3988 datum
1867 3922 2062 3988 fuisse
2109 3922 2400 4002 aditum,·
2443 3926 2707 4009 aequius
2755 3925 2938 3991 fuerat

580 4034 777 4102 talem
840 4052 973 4098 rem
1041 4032 1390 4097 senioribus
1444 4029 1745 4095 mandere
1763 4079 1780 4113 ‚
1831 4050 1976 4093 cum
2023 4032 2398 4114 praesertim
2445 4030 2736 4098 adessent
2779 4026 2940 4097 mille

580 4143 813 4229 Argivi
872 4146 937 4205 et
995 4138 1263 4203 totidem
1324 4135 1758 4203 Mantinenses
1816 4142 1881 4201 et
1943 4134 2358 4201 Athenienses
2419 4138 2774 4220 equitatum
2829 4136 2936 4202 mi-

580 4251 830 4314 sissent.
880 4244 1006 4311 Sed
1051 4242 1227 4309 selva
1273 4264 1373 4308 res
1420 4248 1548 4309 est:
1599 4244 1878 4308 iuniores
1926 4241 2001 4306 de
2049 4259 2226 4305 more
2269 4238 2456 4306 ludos
2495 4248 2851 4326 spectarunt
2884 4242 2936 4303 et

580 4354 725 4421 Elei
770 4350 877 4430 ξὺν
924 4349 1133 4423 ὅπλοις
1189 4355 1305 4413 τῶν
1349 4350 1570 4428 ἱερῶν
1619 4350 1911 4432 φυλακὴν
1960 4342 2145 4426 εἶχον.
