3150 5000
1226 297 1468 348 mosao.
2422 279 2555 346 309

207 471 334 530 tum
368 469 456 530 est
491 464 822 530 librarium
865 465 1142 549 coepisse
1179 461 1343 528 libro
1379 462 1472 528 111
1512 463 1784 530 scribere
1824 485 1957 548 qum
1998 483 2111 548 pro
2148 486 2351 545 quom,
2392 487 2555 550 cum3

203 571 435 638 facilius
491 574 686 638 etiam
746 573 814 636 id
877 569 1115 636 excidit
1177 575 1322 654 post
1385 575 1489 656 qm·
1543 589 1739 655 quam
1794 569 2075 657 vulgaris
2126 571 2349 636 forma.
2422 589 2559 647 clm

203 683 256 742 et
295 695 397 752 om
439 676 908 743 confunduntur
945 674 1164 742 Scaur.
1210 673 1296 740 35
1316 724 1334 760 ‚
1374 674 1490 741 ubi
1530 675 1694 742 illud
1729 675 2138 742 'I'aurinensis
2161 726 2175 752 ,
2220 678 2338 743 hoc
2362 679 2555 764 paulo

199 785 484 850 recentior
526 782 752 850 Ambr.
799 780 980 868 (Fuit
1025 780 1246 846 Halm.
1265 829 1285 865 ,
1329 781 1528 860 fuisse
1574 781 1805 846 dicitur
1848 781 2143 870 Kayser).

275 887 538 956 Nullum
587 909 665 956 ex
711 885 1026 954 Tullianis
1071 888 1366 972 operibus
1405 888 1619 974 magis
1656 887 1963 954 Socratici
2003 887 2245 975 dialogi
2284 889 2555 955 formam

199 994 466 1062 retulisse
525 994 783 1061 videtur
828 1013 1022 1078 quam
1067 992 1146 1057 de
1193 991 1292 1058 Re
1326 991 1617 1060 Publica.
1665 992 2127 1078 Disputabatur
2166 996 2233 1058 in
2277 993 2347 1060 5⁰
2393 993 2558 1062 libro

201 1099 264 1165 de
319 1101 562 1186 optimo
622 1100 907 1166 civitatis
951 1103 1220 1183 rectore,
1269 1103 1338 1163 et
1381 1100 1451 1164 in
1496 1118 1570 1164 ea
1615 1097 2060 1183 disquisitione
2107 1104 2181 1163 ut
2227 1105 2559 1184 appareret

198 1207 388 1289 ipsum
449 1206 736 1275 civitatis
790 1205 1144 1289 principem
1190 1223 1314 1270 non
1361 1203 1587 1270 debere
1632 1203 1953 1270 doctrinae
1999 1203 2213 1270 studio
2258 1225 2323 1270 se
2370 1205 2555 1288 dare,

199 1331 264 1375 ne
313 1331 350 1375 a
403 1309 821 1398 gubernanda
879 1311 1142 1376 civitate
1203 1307 1623 1393 impediretur
1639 1355 1657 1386 ,
1717 1310 1885 1374 inter
1945 1315 2111 1375 artes
2180 1310 2557 1376 theoreticae

199 1423 252 1480 et
289 1419 596 1501 practicae
637 1415 1094 1502 distinguitur,
1144 1435 1222 1480 ex
1267 1415 1500 1500 quibus
1547 1414 1699 1482 illae
1744 1417 1875 1480 sint
1912 1418 1982 1480 in
2020 1416 2557 1502 contemplatione

199 1527 346 1590 totae
359 1570 376 1602 ,
437 1523 564 1589 hae
624 1521 867 1608 aliquid
929 1521 1172 1588 efficere
1233 1520 1502 1588 debeant
1519 1568 1537 1600 ‚
1597 1522 1763 1607 quod
1824 1527 2067 1598 exstet;
2116 1523 2287 1604 quod
2332 1523 2557 1590 discri-

199 1649 324 1694 men
385 1627 752 1694 illustratur
817 1625 1108 1693 Platonis
1175 1629 1422 1694 ratione
1488 1630 1959 1712 comparatione
2026 1630 2325 1694 instituta
2391 1632 2558 1696 inter

198 1735 528 1818 praesidem
569 1735 852 1800 civitatis
893 1739 959 1800 et
995 1732 1267 1798 vilicum
1311 1731 1412 1802 vel
1453 1733 1976 1818 dispensatorem.
2014 1733 2114 1799 Ex
2150 1733 2270 1800 hac
2301 1734 2557 1800 demon·

199 1843 472 1908 stratione
521 1846 740 1906 sumta
783 1843 934 1904 sunt
979 1859 1052 1904 ea
1099 1858 1259 1924 quae
1300 1837 1374 1904 V.
1419 1837 1458 1902 5
1479 1884 1496 1917 ,
1535 1859 1631 1923 sq.
1674 1838 2011 1925 leguntur,
2051 1859 2213 1924 quae
2252 1843 2319 1904 in
2352 1840 2559 1906 simili

198 1951 554 2032 argumento
612 1950 946 2012 versantur
1004 1965 1153 2010 cum
1217 1943 1659 2030 Xenophontis
1719 1943 2140 2012 Oeconomico
2194 1946 2277 2011 15
2325 1952 2390 2013 et
2449 1945 2550 2013 16.

199 2049 262 2114 2:
316 2053 478 2134 (pac)
547 2051 676 2132 γὰρ
737 2051 837 2117 τὸν
903 2051 1222 2126 μέλλοντα
1283 2049 1456 2130 ὀρθῶς
1505 2051 1883 2130 γεωργήσειν
1931 2053 2041 2128 τὴν
2092 2053 2283 2134 Φύσιν
2327 2060 2555 2133 χρῆναι

201 2163 398 2236 πρῶτον
459 2164 575 2231 τῆς
640 2165 762 2236 γῆς
828 2154 1050 2222 εἰδέναι
1113 2160 1179 2221 et
1237 2156 1276 2220 ὅ
1323 2156 1514 2237 φύσιν
1559 2155 1675 2233 μὲν
1722 2156 1793 2232 δὴ
1841 2163 1959 2235 γῆς
2008 2155 2163 2222 οὕτω
2210 2158 2314 2222 καὶ
2364 2159 2417 2224 οἱ
2466 2161 2555 2235 μὴ

201 2265 339 2328 πάνυ
401 2262 678 2343 ἔμπειροι
735 2263 1042 2342 γεωργίας
1117 2256 1278 2339 ὅμως
1351 2261 1643 2330 δύνανται
1716 2262 2207 2341 διαγιγνώσκειν.
2302 2264 2419 2330 Est
2486 2267 2555 2331 in

201 2371 414 2436 ratione
461 2369 938 2436 demonstrandi
983 2375 1049 2434 et
1091 2371 1159 2433 in
1207 2367 1458 2434 delectu
1503 2389 1717 2434 rerum
1766 2369 1935 2436 color
1991 2371 2247 2455 quidem
2313 2371 2556 2460 dialogi

203 2472 478 2543 Socratici
544 2473 818 2553 similis;
880 2480 956 2541 ut
997 2473 1186 2541 Plato
1232 2477 1301 2539 in
1344 2473 1618 2542 Politice
1668 2474 2073 2542 describendo
2120 2479 2553 2544 oeconomiam

203 2579 451 2668 aliasque
515 2588 685 2647 artes
739 2581 1000 2648 adhibet
1047 2581 1154 2657 (cf.
1203 2579 1476 2648 Politice
1522 2579 1646 2665 25,
1698 2580 1806 2665 9),
1854 2584 1945 2647 sic
1993 2582 2263 2648 vilicum
2312 2580 2553 2651 Cicero.

203 2684 504 2756 Sententia
546 2687 736 2774 plane
779 2688 1030 2754 diversa
1074 2692 1172 2753 est
1219 2686 1508 2753 Platonis
1524 2735 1544 2771 ,
1592 2688 1969 2754 conveniens
2006 2708 2153 2753 cum
2191 2687 2559 2757 Platonicae

205 2792 454 2861 civitatis
519 2799 746 2859 natura
769 2840 784 2867 ‚
847 2794 1125 2879 perfecta
1185 2792 1301 2858 illa
1360 2798 1426 2859 et
1470 2813 1596 2859 non
1644 2801 1965 2879 exstant03
2014 2797 2079 2858 in
2128 2795 2395 2861 scientia
2446 2795 2559 2861 ille

206 2902 388 2966 omnia
447 2902 633 2987 ponit
649 2949 668 2983 ‚
730 2898 1032 2985 politicus
1077 2898 1392 2983 perfectus
1438 2897 1620 2964 nulla
1668 2907 1845 2983 parte
1890 2900 2149 2967 inferior
2193 2920 2327 2967 esse
2373 2884 2559 2967 debet

207 3002 408 3091 doctis,
453 3008 598 3091 ipse
643 3007 928 3091 sapiens;
977 3001 1196 3070 Cicero
1241 3006 1484 3089 expetit
1528 3004 1598 3069 id
1646 3011 1897 3070 tantum
1916 3054 1934 3090 ‚
1975 3006 2143 3091 quod
2179 3006 2259 3070 ab
2300 3006 2559 3073 homine

207 3112 482 3191 postulari
532 3116 742 3197 potest
761 3162 779 3185 ,
828 3111 1230 3195 remittitque
1277 3112 1416 3197 regi
1463 3130 1576 3175 suo
1623 3111 1912 3175 studium
1959 3118 2025 3175 et
2076 3112 2556 3199 indagationem

208 3220 342 3296 veri,
398 3218 593 3285 modo
655 3218 1082 3307 cognitionem
1145 3216 1226 3281 ad
1285 3236 1478 3281 usum
1543 3218 1829 3282 civitatis
1886 3215 2217 3293 adhibeat,
2268 3217 2377 3282 sed
2422 3220 2559 3303 ipsa

208 3326 456 3405 quaestio
497 3342 658 3390 num
696 3324 1083 3411 gubernator
1120 3322 1402 3389 civitatis
1443 3322 1796 3387 doctrinam
1836 3325 2227 3408 perspexisse
2264 3330 2327 3389 et
2358 3322 2561 3389 colere

208 3426 400 3496 debeat
460 3428 752 3497 Ciceroni
815 3432 952 3495 sine
1010 3428 1206 3493 dubio
1267 3434 1575 3515 suggesta
1635 3436 1731 3493 est
1802 3448 1837 3493 e
1907 3427 2177 3494 lectione
2246 3428 2555 3495 Platonis.

209 3531 476 3612 Quaestio
523 3536 603 3601 de
645 3536 898 3601 iustitia
941 3540 1006 3600 et
1051 3536 1369 3599 iniustitia
1405 3553 1530 3600 non
1571 3538 1705 3599 tam
1738 3530 1943 3599 latum
1989 3540 2323 3619 occuparet
2346 3534 2558 3601 locum

208 3637 318 3719 (lib.
364 3641 482 3723 ΙΠ)
529 3643 656 3706 nisi
699 3642 1028 3726 praeiisset
1077 3639 1296 3722 Platc,
1343 3642 1525 3705 cuius
1567 3639 1919 3724 disputatio
1960 3640 2041 3704 ab
2083 3639 2341 3707 homine
2391 3643 2560 3707 iusto

209 3746 454 3827 profecta
517 3747 584 3811 in
645 3747 897 3813 iustitia
958 3744 1216 3811 omnino
1280 3749 1573 3811 versatur
1590 3793 1607 3828 ,
1672 3744 1750 3811 ad
1815 3764 2006 3827 quam
2054 3745 2553 3831 cognoscendam

210 3852 406 3919 civitas
451 3853 792 3919 adhibetur
807 3900 824 3929 ,
875 3850 1094 3917 Cicero
1139 3854 1358 3917 autem
1404 3856 1622 3915 contra
1668 3870 1705 3915 a
1744 3852 2027 3916 civitatis
2064 3852 2203 3916 iure
2240 3852 2559 3937 profectus

211 3957 324 4023 sine
379 3962 751 4026 necessitate
793 3958 1149 4045 imaginem
1198 3956 1478 4023 hominis
1522 3957 1681 4021 iusti
1729 3956 1839 4021 sed
1887 3955 2164 4021 infelicis
2210 3978 2247 4023 a
2294 3956 2560 4025 Platone

211 4067 416 4130 sumsit
459 4063 601 4150 (ΙΙΙ.
651 4063 766 4152 27)
814 4070 880 4129 et
925 4066 991 4127 in
1040 4065 1190 4128 iusti
1244 4067 1473 4128 natura
1518 4061 1929 4127 describenda
1974 4062 2303 4128 hominem
2355 4067 2557 4147 potis-

213 4168 422 4235 simum
483 4172 726 4258 cogitat
788 4169 892 4235 16.
958 4167 1068 4235 26.
1152 4167 1368 4233 Multo
1421 4169 1651 4251 ,maius
1716 4173 2115 4233 momentum
2162 4167 2317 4234 haec
2363 4169 2559 4236 habe-

215 4268 344 4338 bant
383 4277 547 4361 apud
592 4276 952 4342 Platonem.
1012 4272 1138 4340 Sed
1175 4278 1250 4338 ut
1290 4274 1585 4339 omittam
1629 4276 1759 4339 iam
1803 4292 1876 4338 ea
1913 4292 2072 4359 quae
2110 4280 2260 4339 sunt
2296 4274 2377 4339 ad
2416 4294 2559 4340 ver-

217 4374 348 4443 bum
406 4382 479 4448 de
534 4382 921 4451 Academiae
969 4382 1296 4447 conditore
1343 4378 1541 4445 latine
1590 4399 1774 4445 versa
1820 4377 1898 4464 (Ι.
1951 4378 2036 4444 65
2085 4382 2247 4465 sqq.)
2294 4385 2359 4443 et
2405 4401 2564 4465 quae

2204 4499 2271 4546 20
