3150 5000
75 4732 78 4779 —-
73 4602 76 4671 --
71 3914 82 4549 *——————-·—=——-—

586 241 731 307 ’312
1653 261 1914 309 neuun

592 424 805 492 lance?
860 446 1063 490 unum
1113 427 1407 504 verbum,
1455 448 1678 492 versus
1723 447 1889 492 unus
1934 431 1998 492 et
2045 425 2208 492 alter
2253 431 2408 491 tam·
2435 429 2654 514 gravis
2701 433 2788 492 est
2836 447 2950 490 mo-

591 533 793 596 menti
854 536 928 596 ut
988 531 1139 598 lanx
1202 533 1470 599 dueatur
1518 539 1584 598 et
1632 541 1857 619 vergat
1902 553 1975 598 eo
2024 530 2342 618 pondere?
2386 531 2638 600 Ducere
2687 552 2833 620 ergo
2875 539 2956 598 est

597 639 804 709 facere
846 647 1209 704 momentum.

686 742 793 808 99.
841 746 1004 810 velut
1046 746 1121 811 si.
1167 745 1240 810 L.
1290 747 1451 811 velut
1498 769 1685 832 quae,
1733 751 1808 810 ut
1855 745 2058 811 Serm.
2108 744 2160 811 Ῑ.
2211 744 2272 830 3,
2324 744 2428 812 10.
3086 771 3087 841 1

690 848 838 916 105.
886 852 1218 916 nominibus
1265 853 1461 918 rectis.
1510 851 1604 917 Ea
1643 853 1944 918 dicuntur
1987 852 2172 929 bona3
2217 873 2330 918 cur
2369 872 2494 917 non
2533 853 2732 918 etiam
2770 847 2962 915 reda?
3086 861 3087 870 ’

690 957 839 1025 137.
886 960 1225 1042 locupletem
1270 959 1335 1046 (,‚
1344 957 1556 1026 Multo
1604 958 1962 1047 elegantius
2006 958 2327 1046 leg-eretur
2373 957 2738 1042 locupletat”
2782 956 2856 1021 P.
2895 955 2964 1021 ad

596 1064 713 1149 Ep.
762 1064 839 1130 ad
886 1061 1016 1129 Pis.
1067 1086 1124 1150 p.
1181 1064 1361 1152 221).

692 1168 841 1235 149.
886 1171 1093 1254 coepit.
1141 1169 1219 1237 P.
1266 1192 1457 1257 supra
1503 1172 1795 1257 scripsit:
1848 1179 2101 1252 coeptus.
3088 1235 3089 1268 ¹

693 1275 841 1342 160.
904 1286 1142 1343 manent
1201 1279 1450 1360 veeliqia
1510 1278 1694 1343 ruris.
1745 1277 2070 1344 Numerus
2113 1277 2372 1363 quidem
2421 1282 2518 1342 est
2567 1276 2934 1342 emendatus
2953 1323 2968 1350 ,
3088 1273 3089 1282 ’

594 1383 704 1450 sed
750 1385 817 1448 in
863 1384 1051 1449 rebus
1095 1389 1311 1450 tamen
1358 1392 1423 1451 et
1465 1385 1692 1473 lingua
1729 1405 1934 1470 neque
1975 1383 2164 1450 hodie
2205 1405 2279 1450 ea
2319 1385 2604 1449 cernitur
2643 1383 2968 1472 elegantia,

598 1510 761 1575 quae
808 1511 942 1555 esse
988 1490 1197 1557 debet.

691 1595 841 1661 161.
902 1596 1047 1666 Non
1107 1603 1274 1662 recte
1338 1599 1598 1662 admovit
1659 1597 1954 1664 acumina.
2000 1596 2276 1663 Romani
2315 1617 2440 1663 non
2488 1597 2808 1664 habebant
2851 1617 2970 1659 cume

596 1703 791 1780 mina,
863 1703 972 1769 sed
1042 1724 1080 1769 a
1147 1702 1409 1771 Graecis
1469 1705 1708 1770 discere
1769 1705 2102 1770 debebant.
2171 1703 2346 1791 Lege
2413 1703 2674 1767 admovit
2719 1703 2974 1782 lumina,

597 1808 842 1886 oculos,
908 1810 977 1875 id
1040 1815 1136 1875 est
1193 1812 1489 1897 inspexit.
1560 1810 1765 1896 Epist.
1825 1808 1876 1875 1.
1925 1808 2034 1889 20,
2093 1809 2176 1875 19
2243 1811 2382 1873 Onna
2443 1811 2558 1874 tibi
2617 1811 2712 1874 sol
2751 1808 2975 1894 tepidus

585 1918 797 2000 plures
853 1917 1177 1982 admoverit
1238 1939 1413 1982 aures
1476 1917 1555 1982 ad
1615 1916 1930 1982 audienda
1995 1921 2310 2002 poemata.
2364 1913 2598 1984 Oculos
2647 1915 2976 1982 admovere

599 2028 825 2090 notum
873 2029 992 2089 est.
1670 2071 1688 2084 .

690 2128 842 2195 198.
902 2130 1093 2194 mimo.
1151 2129 1437 2215 Populus
1482 2149 1652 2194 nunc
1697 2149 1822 2196 non
1869 2134 2112 2214 spectat
2159 2129 2436 2194 mimum
2457 2177 2476 2213 ,
2525 2129 2635 2194 sed
2681 2149 2779 2193 res
2829 2125 2974 2191 ridi·

596 2235 771 2300 culae
816 2235 1378 2321 camelopardalim
1397 2283 1414 2314 ,
1462 2235 1864 2322 elephantem
1902 2236 2144 2301 album.
2188 2233 2381 2301 Vult:
2423 2235 2836 2302 Democritus
2875 2254 2974 2318 pu·

598 2346 763 2406 taret
806 2340 997 2406 illum
1047 2340 1356 2427 populum
1404 2342 1691 2426 pulcrius
1729 2341 2164 2428 spectaculum
2207 2343 2364 2406 ludo.
2419 2340 2508 2406 Ut
2549 2339 2756 2406 Serm.
2793 2339 2876 2404 Π.
2917 2336 2972 2412 8,

603 2443 688 2513 '79
751 2446 973 2513 Nullos
1032 2448 1128 2513 bis
1188 2449 1419 2514 mallem
1466 2450 1640 2515 ludos
1681 2455 1970 2533 spectasse
2015 2447 2106 2536 (et
2155 2468 2306 2515 mox
2355 2469 2419 2514 v.
2469 2445 2604 2514 203
2651 2454 2820 2513 tanto
2859 2467 2974 2510 cava

599 2554 855 2637 strepitu
899 2556 1033 2620 ludi
1076 2558 1461 2641 spectantur).
1675 2610 1684 2623 ,
3063 2543 3074 2557 ’

688 2658 843 2725 260.
890 2660 1189 2726 Sedulitm
1235 2670 1427 2727 autem
1472 2665 1662 2727 stulta
1707 2664 1900 2746 hunc,
1946 2684 2111 2747 quem
2159 2662 2366 2743 diliqit
2384 2709 2401 2739 ,
2453 2668 2624 2743 uryet
2671 2659 2774 2727 vel
2819 2661 2975 2733 urit,
3094 2663 3095 2683 ¹

598 2769 799 2853 angit.
848 2763 1065 2833 Stulta
1108 2768 1415 2834 sedulitas
1462 2775 1559 2833 est
1608 2768 1777 2834 mala
1798 2818 1813 2841 ,
1863 2774 1936 2833 ut
1979 2769 2047 2833 in
2095 2769 2250 2832 male
2294 2766 2558 2833 sedulus.

687 2870 771 2936 II.
822 2874 880 2941 8.
934 2875 1159 2955 aryilla
1198 2875 1436 2960 quidvis
1480 2875 1812 2939 imitaberis
1859 2876 1999 2939 uda.
2050 2873 2221 2939 Puer
2267 2872 2381 2939 ille
2427 2881 2525 2939 est
2563 2874 2789 2956 aryilla
2829 2873 2974 2945 uda,

598 2999 675 3044 ex
720 2977 837 3043 illa
884 2978 1116 3067 argilla
1161 2980 1415 3065 quidvis
1460 2981 1684 3057 facies,
1734 2980 1812 3045 ad
1859 2980 2028 3066 quod
2074 3000 2148 3046 ea
2185 2983 2284 3045 uti
2331 2983 2567 3065 cupies.

689 3084 797 3151 38.
854 3084 1019 3165 Quid
1058 3084 1227 3149 etas?
1274 3086 1416 3149 Post
1462 3087 1607 3149 haec
1649 3091 1767 3152 cet.
1816 3085 1890 3152 P.
1947 3087 2114 3167 Quid
2155 3094 2284 3151 etan
2321 3094 2455 3170 post
2500 3086 2700 3151 haec?

691 3189 797 3255 48.
872 3190 945 3255 Ρ.
1009 3191 1088 3258 ad
1144 3192 1210 3257 h.
1256 3212 1322 3256 v.
1384 3192 1744 3259 adnotavit:
1811 3200 2065 3271 „aestus
2124 3192 2334 3258 civilis
2400 3213 2506 3258 me
2553 3190 2712 3257 belli
2755 3193 2967 3257 rudem

596 3295 751 3360 tulit
812 3298 880 3360 in
942 3316 1117 3361 arma
1163 3315 1287 3361 non
1333 3318 1706 3383 responsura
1751 3298 1895 3363 meis
1940 3298 2238 3376 lacerti-5¹2
2287 3298 2453 3363 nihil
2502 3299 2672 3363 dixit
2717 3297 2798 3364 de
2840 3318 2968 3384 gen.

604 3403 873 3466 caesaris
933 3404 1206 3483 Auqmbi.
1271 3401 1448 3469 Idem
1506 3407 1576 3469 in
1623 3405 1835 3470 adnot.
1884 3405 1964 3471 ad
2009 3402 2140 3469 Sat.
2197 3403 2281 3470 ΙΙ.
2332 3405 2394 3488 4,
2448 3402 2532 3469 18
2579 3427 2640 3490 p.
2706 3403 2838 3470 134
2887 3424 2966 3485 sq.

596 3510 730 3595 egit
780 3508 856 3573 de
902 3507 1267 3575 discrimine
1312 3511 1477 3575 inter
1522 3513 1870 3594 respondere
1915 3518 1979 3578 et
2025 3534 2372 3595 responsare
2417 3516 2482 3576 et
2527 3513 2597 3575 in
2640 3511 2762 3577 hoc
2803 3528 2968 3577 versu

596 3637 715 3679 non
760 3637 1113 3699 responsura
1159 3620 1441 3683 mutavit
1486 3619 1553 3681 in
1601 3625 2044 3702 respon-satura.

692 3721 799 3790 57.
861 3724 1011 3809 quid
1056 3724 1291 3809 faciam
1354 3724 1495 3787 vie?
1540 3724 1816 3811 Denique
1863 3734 1982 3790 cet.
2054 3724 2221 3806 Quid
2244 3724 2490 3810 faciam
2543 3723 2634 3789 vio
2682 3719 2970 3809 denique?

600 3827 754 3915 quid
798 3829 1054 3894 tandem
1103 3829 1264 3895 mihi
1310 3830 1675 3897 faciendum
1720 3829 1950 3917 putas?

694 3934 797 4001 70.
869 3937 1122 3999 humane
1186 3937 1499 4002 commoda.
1569 3936 1645 4003 P.
1707 3937 2152 4025 corrigendum
2229 3938 2534 4024 putabat.
2611 3938 2784 4001 haud
2847 3955 2970 4001 sane

592 4042 891 4107 commoda
938 4047 1050 4107 aut
1095 4042 1347 4107 immane
1395 4044 1776 4109 mconmoda.

692 4146 801 4214 80.
871 4155 1191 4215 contracta.
1254 4148 1660 4234 Requiritur:
1727 4148 2052 4229 difficilia,
2116 4088 2491 4236 periculosa.
2561 4150 2880 4217 Fortasse.
2921 4151 2968 4211 ot

584 4256 807 4343 procul
850 4254 954 4321 vel
1005 4254 1379 4323 Graecorum.

693 4362 803 4431 87.
852 4369 919 4427 ut
964 4400 1051 4411 —
1099 4363 1360 4427 audiret.
1409 4362 1595 4431 Unde
1637 4360 1924 4449 pendet?
