3150 5000
1331 281 1667 331 nummus.
2565 260 2697 326 233

309 445 396 512 ad
464 467 599 512 rem
621 495 639 526 ,
709 453 930 514 utrum
991 449 1168 513 multi
1212 467 1294 513 an
1339 454 1524 532 pauci
1565 449 1633 512 in
1680 449 1782 512 ius
1829 442 2177 513 vocentur?
2226 449 2293 512 et
2336 465 2460 531 quo
2509 447 2697 511 modo

311 539 572 622 omnino
638 556 854 620 multos
920 558 1164 621 vicinos
1225 555 1457 620 habere
1482 539 1647 652 '‘quis
1693 549 1943 640 potest?
1990 552 2123 618 Nec
2168 555 2385 618 minus
2431 552 2699 618 absurde

309 684 498 746 caupo
570 663 744 748 (nam
815 661 894 728 de
962 670 1316 744 καταγωγῇ
1367 659 1608 748 agitur)
1660 661 1689 725 ὅ
1756 658 1796 736 ξ
1821 660 1850 724 έ
1879 683 1908 723 ν
1932 683 1961 724 ο
1988 683 2017 728 ς
2066 657 2456 744 appellatur,
2506 678 2696 743 quem

309 787 572 848 omme,
643 767 860 846 oredo,
931 767 1082 832 τὸν
1144 767 1560 840 κάπηλον
1626 771 1740 833 aut
1785 765 1935 831 τὸν
1986 765 2451 830 πανδοκέω
2492 765 2699 830 dicere

309 879 713 942 consuerunt.
809 871 1231 940 Scribendum
1300 875 1606 939 arbitror:
1681 869 2033 952 δικάζεσθαι
2097 871 2209 947 μὲν
2274 877 2399 942 τοῖς
2461 871 2699 950 γείτοσι

308 981 755 1053 πολίταις
829 976 1084 1046 οὖσαν
1136 981 1216 1044 ἐν
1263 989 1363 1062 τῇ
1411 978 1623 1062 ξένῃ
1672 981 1794 1045 οὐκ
1843 976 2307 1059 ἐδοκιμάζομεν,
2367 997 2490 1062 quo
2536 974 2700 1041 nihil

309 1092 523 1173 potest
570 1107 704 1153 esse
751 1085 1004 1171 planius
1049 1092 1161 1152 aut
1207 1087 1300 1152 rei
1347 1084 1836 1152 accomodatius.

409 1191 562 1279 Cap.
611 1191 718 1258 59.
769 1193 797 1257 ὃ
846 1193 908 1258 δὲ
956 1190 1142 1273 κῆρυξ
1183 1240 1376 1258 .....
1427 1187 1709 1257 εἶπεν.
1760 1189 2024 1257 Malim:
2076 1191 2486 1264 ἀνεῖπεν,
2532 1187 2699 1274 quod

307 1298 394 1364 de
448 1299 846 1384 praeconibus
893 1297 1062 1384 apud
1108 1318 1326 1364 omnes
1373 1303 1470 1363 est
1517 1297 1787 1362 verbum
1831 1296 2206 1384 legitimum
2254 1301 2319 1360 et
2367 1293 2693 1360 sollemne.

409 1403 564 1492 Cap.
615 1404 726 1472 60.
776 1404 1238 1472 Praetulerim:
1287 1403 1603 1484 καμπύλῳ
1648 1429 1687 1468 τ
1712 1429 1756 1484 ῳ
1803 1424 1917 1487 pro
1962 1425 2001 1466 τ
2027 1404 2069 1482 ᾧ
2127 1399 2323 1482 ξίφει.
2386 1399 2701 1486 Loquitur

307 1513 395 1578 de
442 1510 874 1600 gladiatorum
925 1513 1121 1577 armis
1166 1520 1499 1596 tamquam
1547 1511 1625 1576 de
1671 1531 1740 1576 re
1786 1509 2045 1597 Scythis
2089 1527 2345 1594 prorsus
2390 1509 2631 1596 ignota.

1243 1663 1785 1750 (Continuabitur.)

1634 1814 1716 1880 K.
1767 1811 1849 1881 G.
1899 1813 1973 1877 P.
2024 1811 2518 1880 SOHWAR'I'Z.

1224 2245 1324 2308 An
1372 2241 1807 2308 Suffenum,

409 2408 599 2478 Catil.
651 2408 758 2478 22.
812 2411 1056 2489 „Fuere
1102 2432 1175 2477 ea
1221 2416 1598 2496 tempestate
1618 2460 1635 2495 ,
1677 2413 1787 2495 qui
1826 2409 2107 2475 dicerent
2144 2407 2490 2477 Catilinam
2512 2459 2531 2494 ,
2570 2429 2704 2475 ora-

305 2520 490 2584 tione
535 2519 757 2584 habita
801 2540 944 2584 cum
997 2517 1078 2585 ad
1122 2518 1569 2583 iusiurandum
1616 2516 1941 2602 popularis
1979 2516 2232 2583 sceleris
2272 2520 2374 2582 sui
2398 2516 2705 2604 adigeret,

303 2624 584 2689 humani
641 2626 915 2713 corporis
973 2626 1349 2711 sanguinem
1400 2626 1548 2689 vino
1594 2623 1985 2708 permixtum
2034 2625 2101 2686 in
2149 2625 2385 2707 pateris
2430 2625 2705 2688 circum-

305 2728 575 2794 tulisse:
625 2730 772 2795 inde
820 2751 964 2794 cum
1009 2736 1151 2815 post
1189 2731 1649 2794 execrationem
1692 2749 1913 2793 omnes
1953 2727 2485 2815 degustavissent,
2514 2730 2707 2793 sicuti

305 2838 386 2901 in
433 2835 849 2901 sollemnibus
895 2838 1087 2901 sacris
1135 2833 1270 2901 fieri
1317 2835 1676 2919 consuevit,
1728 2836 2047 2918 aperuisse
2094 2834 2433 2899 consilium
2474 2854 2662 2899 suum
2685 2879 2703 2911 ‚

309 2948 496 3027 atque
543 2964 606 3006 eo
653 2943 937 3007 dictitare
963 2943 1197 3026 secisse
1243 2961 1368 3026 quo
1412 2944 1581 3005 inter
1624 2961 1691 3006 se
1738 2938 1848 3004 fidi
1893 2940 2106 3027 magis
2152 2942 2357 3005 forent
2393 2939 2559 3006 alius
2590 2938 2704 3004 alii

304 3048 480 3111 tanti
551 3048 872 3113 facinioris
918 3048 1196 3113 conscii’'
1265 3046 1338 3112 In
1390 3048 1488 3111 his
1534 3067 1659 3112 non
1706 3048 1920 3111 omnia
1967 3052 2137 3111 recte
2183 3066 2248 3111 se
2296 3046 2529 3111 habere
2569 3048 2702 3111 iam

307 3151 512 3219 multi
583 3160 647 3219 et
718 3154 888 3219 docti
948 3154 1240 3219 homines
1285 3157 1647 3236 senserunt,
1698 3172 1775 3218 ex
1822 3152 2055 3235 quibus
2102 3150 2465 3217 Dietschius
2511 3152 2706 3216 verba

311 3264 552 3343 „atque
599 3280 672 3325 eo
719 3260 1013 3325 dictitare
1059 3259 1322 3325 fecisse'’
1372 3258 1655 3323 eicienda
1700 3278 1833 3325 esse
1878 3259 2163 3341 putavit,
2208 3256 2527 3343 Bergkius
2570 3256 2706 3333 „id-

307 3384 461 3449 que·
489 3386 562 3431 eo
610 3366 846 3431 dicitur
890 3364 1172 3449 fecisse’'‚
1222 3364 1266 3429 J
1270 3366 1558 3430 acobsius
1610 3364 1842 3448 „idque
1890 3384 1963 3428 eo
2001 3362 2288 3441 fecisse”,
2328 3362 2707 3450 Madvigius

317 3478 558 3556 „atque
606 3492 678 3537 eo
727 3472 965 3537 dixisse
1011 3492 1150 3537 eam
1198 3491 1331 3535 rem
1381 3470 1667 3545 fecisse”,
1718 3468 2126 3539 Constantius
2178 3474 2411 3553 „atque
2457 3489 2530 3535 eo
2578 3468 2707 3533 dic-

307 3584 515 3642 tatam
589 3579 661 3662 (i.
710 3598 760 3642 e.
827 3598 1016 3661 supra
1063 3577 1324 3654 dictam)
1371 3596 1502 3640 rem
1554 3574 1818 3641 fecisse”
1866 3576 2229 3660 proposuit3
2278 3574 2440 3639 mihi
2490 3582 2705 3640 tamen

301 3688 456 3770 post
501 3684 985 3766 execrationem,
1033 3703 1156 3768 qua
1203 3684 1467 3766 quisque
1513 3680 1681 3747 diras
1729 3681 1853 3745 sibi
1898 3684 2283 3766 imprecatus
2328 3687 2425 3746 est
2470 3683 2525 3745 si
2568 3702 2703 3746 rem

303 3790 673 3866 detexisset,
747 3788 1128 3855 vocabulum
1176 3788 1678 3875 indignationem
1727 3784 2094 3873 significans
2141 3786 2481 3853 desiderari
2529 3786 2703 3853 vide-

305 3904 439 3970 tur,
503 3894 768 3981 ideoque
823 3894 1226 3961 scribendum
1277 3902 1496 3979 „atque
1540 3916 1605 3958 eo
1651 3901 1770 3957 tam
1815 3893 2012 3955 diram
2058 3915 2179 3956 rem
2206 3892 2491 3976 fecis-sd',
2543 3912 2703 3977 quae

299 4002 557 4069 librarii
607 4000 1016 4088 neglegentia
1068 4001 1324 4085 „divam
1370 4007 1504 4066 tam
1555 3999 1737 4065 rem”
1786 3998 2119 4064 scribentis
2164 3998 2349 4065 facile
2387 4002 2455 4065 in
2479 4020 2699 4067 vocem

305 4106 680 4196 „dictitare”
724 4108 1002 4193 perverti
1048 4113 1410 4192 potuerunt.

1970 4226 2045 4292 P.
2092 4225 2153 4293 J.
2203 4225 2601 4293 summamus.

1289 4372 1691 4386 ,-----

2342 4456 2405 4505 16
