3150 5000
554 247 684 314 180
1624 269 1858 318 comm.

1643 438 1719 510 ὥς
1768 435 1818 502 δ’
1866 435 2121 502 ἐδείπνει
2170 433 2469 521 κοσμίως,
3078 452 3080 516 1

910 545 1027 625 οὐχ
1074 540 1269 624 ὥσπερ
1319 539 1577 608 ἄλλαι
1628 549 1744 608 τῶν
1794 542 2043 623 πράσων
2089 541 2447 619 ποιούμεναι
3078 555 3080 662 ¹

907 651 1186 725 τολύπας
1236 649 1494 715 ἔσαττον
1538 650 1657 724 τὰς
1706 651 1968 728 γνάθους
2019 649 2125 716 καὶ
2170 655 2293 716 τῶν
2340 655 2520 727 κρεῶν

903 759 1251 838 ἀπέβρυκον
1295 758 1564 838 αἰσχρῶς
1585 804 1602 836 ,
1649 755 1780 823 κτέ.

631 989 811 1056 Idem
857 989 1149 1056 Eubulus
1191 991 1266 1055 fr.
1321 988 1429 1068 56,
1480 988 1520 1053 3
1567 996 2029 1056 commemorat
2076 987 2342 1055 calicem
2391 993 2443 1069 ψ
2462 993 2569 1068 nep
2591 985 2922 1066 οπεριβομ-

543 1096 827 1174 βήτριάν.
897 1096 1130 1162 Kockii
1199 1099 1625 1164 coniecturam
1690 1104 1892 1177 γριφ
1913 1095 2475 1176 οπεριβομβῆτριοεν
2538 1096 2738 1159 etiam
2786 1097 2926 1177 post

540 1202 743 1286 ipsius
803 1201 1291 1289 explicationem
1353 1203 1549 1290 (quod
1616 1205 1783 1268 inter
1846 1208 2071 1288 potum
2129 1201 2349 1289 griphi
2393 1202 2923 1287 proponebantur)

538 1328 663 1374 non
709 1307 1033 1395 intellego.

628 1413 823 1479 Haud
857 1415 1071 1500 inepte
1109 1415 1337 1482 Raoul,
1375 1417 1726 1483 Rocunwrn
1743 1466 1761 1501 ,
1803 1422 2162 1481 monuments
2198 1411 2423 1479 ine'dite
2468 1415 2543 1478 de
2586 1410 2934 1499 l’antiqnite‘

542 1542 647 1608 pp.
700 1520 851 1585 155.
904 1519 1051 1589 197.
1101 1527 1494 1609 comparavit
1541 1543 1692 1588 vasa
1739 1519 1964 1588 fictilia
2012 1522 2362 1608 quaedam,
2412 1521 2805 1598 resonantia,
2844 1520 2929 1582 si-

539 1628 690 1694 cubi
728 1629 1073 1716 agitantur,
1122 1628 1384 1716 globulo
1434 1650 1627 1696 aeneo
1670 1628 1918 1695 incluso
1964 1631 2031 1694 in
2078 1631 2249 1696 vasis
2300 1627 2631 1693 lateribus.
2684 1627 2931 1692 Gabina

541 1733 809 1798 Durand
849 1733 922 1799 n⁰
973 1733 1175 1813 1381,
1231 1737 1548 1817 Cabaloque
1594 1754 1679 1802 Dr.
1726 1734 1973 1800 Wlwrn.

628 1839 773 1906 Non
836 1842 1047 1927 magis
1104 1849 1337 1927 exputo
1384 1841 1538 1926 quid
1587 1863 1678 1906 vs.
1730 1841 1772 1906 4
1812 1840 2149 1927 deliquerit
2196 1860 2320 1906 vox
2368 1837 2805 1917 ὀξυπύνδωκω,
2856 1841 2926 1901 ut

545 1948 786 2012 mutari
831 1946 1057 2012 debeat
1100 1949 1168 2014 in
1215 1947 1659 2029 εὖρυπύνδακα.

636 2194 827 2282 Apud
888 2195 1162 2262 eundem
1223 2197 1299 2262 fr.
1367 2194 1478 2273 57,
1540 2195 1581 2261 6
1640 2199 1806 2262 inter
1850 2201 2229 2262 tesserarum
2276 2197 2483 2261 iactus
2527 2199 2933 2260 recensentur

819 2303 1198 2380 λάμπων,
1249 2303 1621 2379 Κύκλωπες,
1672 2303 2010 2382 ἐπιφέρων,
2062 2301 2304 2378 Σόλων,
2356 2303 2584 2377 Σίμων.

543 2405 713 2482 Quia
773 2409 841 2472 in
900 2406 1084 2472 libris
1147 2427 1341 2473 manu
1405 2408 1657 2494 scriptis
1706 2410 1964 2474 nomina
2010 2411 2263 2494 propria
2310 2405 2671 2473 minuscula
2714 2407 2931 2472 littera

541 2513 781 2579 initiali
827 2516 1192 2602 signantur,
1245 2514 1500 2582 dubites
1546 2535 1626 2580 an
1674 2515 2077 2581 scribendum
2124 2518 2209 2579 sit
2258 2514 2605 2593 Λάμπων
2651 2512 2809 2591 xri„
2860 2518 2931 2578 ut

540 2616 769 2697 Solon,
829 2618 1202 2705 Euripides,
1272 2618 1700 2705 TimocrituS,
1757 2619 2015 2699 Simon,
2066 2620 2211 2687 alia.
2262 2622 2321 2685 A
2367 2627 2551 2705 vate,
2598 2621 2783 2685 cuius
2834 2640 2931 2685 ars

540 2744 663 2791 non
724 2728 954 2791 certior
1015 2732 1151 2792 erat
1209 2746 1402 2811 quam
1451 2726 1757 2793 aleatoria
1803 2725 1969 2791 haud
2019 2728 2234 2811 inepte
2280 2726 2488 2791 iactus
2535 2724 2770 2810 aliquis
2818 2744 2929 2791 no—

540 2852 690 2897 men
737 2834 1067 2918 acceperit.
1114 2831 1524 2918 Quamquam
1573 2832 1800 2898 harum
1852 2832 2353 2918 appellationum
2403 2851 2625 2897 causae
2673 2850 2927 2917 prorsus

535 2957 651 3004 nos
695 2937 931 3023 latent,
981 2948 1053 3003 ut
1115 2940 1247 3004 iam
1309 2940 1478 3026 ipsos
1545 2935 1820 3005 Graecos
1840 2985 1855 3013 ‚
1921 2940 2175 3022 opinor,
2242 2939 2353 3022 qui
2415 2938 2499 3003 iis
2560 2937 2925 3014 utebantur,

536 3039 803 3112 latuisse
851 3044 1250 3111 crediderim.

636 3275 816 3344 Idem
862 3276 942 3345 fr.
992 3275 1083 3342 62

1535 3386 1879 3464 ὡσπερεὶ
1929 3385 2187 3461 σπονδὴν
2235 3383 2473 3459 δίδως

997 3490 1028 3554 ἕ
1042 3513 1073 3553 ν
1119 3492 1205 3569 τῷ
1251 3490 1534 3569 κυλικείῳ
1582 3491 1981 3573 συντέτριφεν
2027 3490 2113 3555 τοὶ
2163 3492 2445 3572 ποτήριά.

544 3596 759 3662 Verba
805 3596 1253 3663 obscurissima
1301 3600 1390 3663 sic
1439 3600 1790 3682 temptavi:

1481 3705 1563 3770 οὐ
1612 3703 1703 3767 σύ
1749 3727 1857 3769 πω
1907 3703 2168 3777 σπονδὴν
2217 3702 2423 3779 δίδως,

998 3811 1033 3883 ἢ
1080 3811 1132 3873 ’ν
1177 3810 1261 3891 τῷ
1311 3811 1590 3889 κυλικείῳ
1637 3810 2032 3893 συντέτριφεν
2079 3812 2165 3874 τά
2215 3809 2473 3889 ποτήριά

1006 3915 1101 3988 <ὃ
1148 3920 1366 3990 vrak>
1384 3940 1402 4002 3

633 4146 813 4215 Idem
860 4149 934 4213 fr.
990 4144 1077 4215 75
1128 4145 1168 4214 7

902 4252 1063 4336 ῥιπὶς
1114 4252 1170 4319 δ’
1221 4253 1439 4335 ἐγείρει
1486 4261 1542 4334 Φ
1563 4254 1597 4321 ύ
1616 4269 1655 4318 λ
1674 4280 1715 4319 οι
1737 4278 1773 4319 κ
1792 4278 1835 4317 οι
1852 4278 1883 4326 ς
1933 4256 2288 4338 Ἡφαίστου
2336 4280 2375 4321 κ
2391 4258 2425 4321 ύ
2442 4281 2473 4321 ν
2491 4281 2607 4330 ac.

535 4360 797 4447 Optime
865 4385 903 4424 ο·
923 4386 958 4427 κ
978 4360 1012 4425 ύ
1029 4376 1070 4426 λ
1092 4384 1133 4422 οι
1153 4384 1190 4423 κ
1209 4384 1250 4423 a
1269 4386 1298 4434 ς
1367 4360 1732 4426 emendavit
1800 4360 1984 4427 Kock
2001 4408 2022 4439 ,
2094 4362 2200 4429 sed
2275 4364 2487 4428 nescio
2556 4382 2639 4427 an
2700 4362 2919 4429 eadem
