3150 5000
439 230 446 241 “
567 233 697 302 162
1612 256 1861 313 ‚comer

559 428 910 501 προσκυνεῖν
976 422 1128 488 ferri
1185 426 1443 509 nequit,
1503 428 1831 510 propterea
1892 424 2059 509 quod
2123 421 2354 491 Graeci
2400 444 2475 489 eo
2517 422 2707 489 verbo
2748 442 2923 487 num·

559 547 752 613 quam
807 526 1188 613 simpliciter
1238 550 1352 615 pro
1405 528 1795 610 ἀσπάζεσθαι
1864 533 1965 595 usi
2025 536 2207 609 sunt,
2259 530 2369 596 sed
2414 528 2615 617 vulgo
2662 526 2929 594 adhiberi

557 632 824 700 solitum
872 634 950 700 de
1003 634 1162 709 diis,
1201 637 1408 701 sicubi
1456 636 1533 703 de
1573 637 1942 703 hominibus
1978 643 2359 722 usurpatur,
2406 656 2656 721 semper
2694 634 2932 700 adiunc-

557 744 692 807 tam
754 740 948 807 habet
1009 762 1298 807 summae
1357 746 1789 822 reverentiae,
1852 742 2059 830 qualis
2120 744 2219 809 dis
2276 742 2575 826 debetur,
2626 744 2931 808 notionem

555 866 760 932 neque
803 848 1010 935 igitur
1053 853 1150 914 est
1195 848 1389 913 huius
1435 848 1583 915 loci.
1632 845 1933 937 Cogitavi
1980 850 2059 915 de
2104 848 2459 935 reponendo
2500 846 2929 930 προσβλέπων,

549 958 632 1033 ,ut
693 952 991 1019 laudetur
1053 952 1303 1039 pulchri
1368 956 1701 1040 pincernae
1762 954 2077 1041 aspectus’
2110 954 2564 1041 oculorumque
2624 957 2929 1031 suavitas,

553 1060 1098 1145 quemadmodum
1136 1062 1203 1125 in
1243 1064 1627 1148 praegressis
1666 1061 1966 1128 laudatur
1996 1062 2280 1129 eiusdem
2327 1060 2602 1138 halitus,
2652 1060 2930 1146 loquela,

552 1168 811 1244 arrisio,
871 1166 1164 1232 osculum
1187 1213 1203 1244 ,
1267 1169 1336 1231 in
1399 1164 1813 1252 sequentibus
1858 1170 2023 1233 risus
2070 1176 2135 1234 et
2182 1170 2482 1233 incessus.
2548 1167 2617 1232 Si
2664 1173 2835 1234 recte
2876 1170 2931 1230 in

551 1292 616 1339 v.
657 1275 946 1359 sequenti
977 1272 1168 1339 ‘Kock
1209 1280 1552 1359 praeeunte
1590 1272 1919 1339 Meinekio
1959 1276 2414 1360 interpretatus
2454 1279 2551 1340 est
2574 1274 2933 1339 ἱπποσέλινα

549 1399 666 1465 per
725 1379 1174 1459 ἱπποπορνικόν,
1241 1382 1530 1465 sequitur
1598 1386 1671 1445 ut
1727 1379 1940 1445 σέλινα
1987 1380 2165 1466 (Hes.
2218 1388 2283 1447 et
2329 1380 2518 1448 Phot.
2567 1382 2833 1446 σέλινον·
2872 1379 2932 1442 τὸ

551 1494 900 1564 γυναικεῖον
943 1487 1190 1571 αἰδοῖον)
1241 1486 1452 1554 valeat
1499 1486 1791 1566 πορνικόν.
1844 1524 1925 1536 -
1975 1486 2142 1554 Cum
2190 1508 2380 1553 versu
2426 1490 2636 1573 primo
2682 1488 2769 1553 ci.
2816 1486 2933 1551 Eu-

551 1590 754 1679 polis,
816 1594 894 1658 fr.
960 1591 1107 1677 163,
1172 1592 1214 1657 4
1262 1600 1440 1672 μῆλα
1489 1596 1553 1660 δὲ
1601 1592 2163 1674 χρέμπτεται.
2210 1594 2419 1659 Nemo
2467 1592 2633 1659 alius
2676 1595 2937 1679 scriptor

551 1698 810 1764 Atticus
855 1699 1060 1777 ἐξερῶν
1099 1699 1266 1764 dixit
1309 1720 1422 1785 pro
1473 1699 1727 1785 ἑξεμῶν,
1766 1699 1935 1785 quod
1973 1702 2244 1766 coniecit
2291 1700 2641 1777 Porsenna,
2692 1701 2935 1785 saepius

547 1812 766 1873 tamen
826 1805 1029 1873 Ionici
1091 1806 1170 1872 de
1230 1826 1298 1873 re
1355 1806 1604 1873 medica
1668 1806 2023 1893 scriptores.
2074 1804 2203 1872 Hic
2252 1806 2496 1873 dictum
2544 1810 2779 1892 putant
2822 1824 2925 1891 pro

553 1912 930 1994 ἐρυγγάνων.

642 2124 822 2193 Idem
869 2126 948 2192 fr.
999 2126 1127 2193 143

641 2228 757 2298 εἶτ’
803 2233 1296 2312 ἐκεραμεύσαντο
1342 2244 1469 2309 τοῖς
1513 2238 1625 2313 μὲν
1669 2234 1955 2318 ἀνδράσιν
2003 2238 2263 2316 ποτήρια

643 2339 936 2423 πλατέα,
983 2340 1230 2423 τοίχους
1279 2344 1384 2407 οὐκ
1434 2341 1637 2423 ἔχοντ’
1684 2344 1834 2408 ἀλλ’
1884 2343 2039 2409 αὐτὸ
2089 2344 2399 2424 τοῦδαφος
2452 2341 2667 2421 μόνον,

644 2445 884 2528 κούχ)
934 2448 1312 2528 χωροῦντ’
1361 2450 1536 2515 οὐδὲ
1584 2449 1941 2532 κόγχην,
1990 2451 2233 2530 ἐμφερῆ
2281 2450 2691 2530 γευστηρίοις·

642 2554 823 2635 σφίσι
868 2552 934 2618 δέ
979 2553 1050 2632 γ’
1103 2557 1394 2620 αὐταῖσιν
1437 2556 1702 2633 βαθείας
1752 2557 2009 2630 κύλικας
2057 2554 2257 2631 ὥσπερ
2306 2557 2577 2630 ὁλκάδας

642 2659 1076 2739 σιταγωγούς,
1131 2670 1509 2744 περιφερεῖς,
1557 2665 1879 2735 λεπτὰς
1926 2661 2188 2740 μέσας
2237 2664 2809 2743 γαστροιΙδας.

549 2764 676 2832 Pro
736 2767 1133 2847 γαστροιίδας
1196 2769 1436 2836 Porson
1501 2772 1769 2835 coniecit
1824 2768 2288 2854 ἑγγοὶστριδας,
2336 2768 2542 2835 lenius
2585 2769 2775 2836 Kock
2822 2794 2935 2847 γα-

549 2873 911 2952 στρώνιδας,
977 2875 1142 2960 quod
1205 2879 1290 2942 sit
1338 2875 1726 2944 vocabulum
1776 2879 2015 2942 comice
2062 2875 2281 2942 fictum
2330 2897 2365 2942 e
2414 2877 2767 2943 masculino
2814 2875 2935 2954 γα-

548 3003 774 3060 στρων,
851 2984 1050 3066 possis
1120 2985 1316 3056 etiam
1386 2983 2073 3060 γαστριστιέτας,
2151 2982 2688 3069 quemadmodum
2756 2983 2935 3052 Plato

549 3091 830 3154 comicus
877 3086 1046 3171 apud
1093 3087 1340 3154 Polluo.
1391 3077 1453 3154 11
1503 3089 1631 3156 175
1681 3089 1864 3155 finxit
1914 3093 2421 3176 comparativum
2472 3091 2933 3170 γαστρίστερος.

545 3192 627 3258 In
695 3195 1082 3280 praegressis
1148 3214 1274 3258 non
1342 3199 1598 3259 tantum
1672 3195 2083 3281 depravatum
2162 3197 2416 3261 videtur
2485 3196 2766 3272 λεπτάς,
2832 3196 2933 3261 sed

546 3301 743 3365 etiam
789 3302 990 3378 μέσας
1043 3300 1310 3387 (μεστὰς
1353 3302 1490 3367 cod.
1533 3300 1657 3388 C.).
1709 3301 1977 3387 Propter
2018 3305 2211 3370 verba
2250 3304 2431 3384 κούχ)
2472 3305 2773 3383 χωροῦντ’
2809 3301 2934 3367 οὐδὲ

549 3403 793 3488 κόγχην
834 3408 1008 3473 venit
1047 3407 1210 3471 mihi
1249 3409 1316 3473 in
1359 3415 1641 3474 mentem
1682 3407 1879 3474 latere
1922 3430 2099 3494 posse
2135 3410 2254 3474 sub
2279 3408 2605 3474 vocabulis
2628 3410 2935 3494 corruptis

547 3510 850 3579 similiter
885 3519 1336 3601 exaggeratam
1362 3514 1781 3581 muliebrium
1805 3515 2177 3601 poculorum
2205 3522 2591 3594 mensuram,
2620 3521 2696 3582 ut
2721 3516 2927 3588 fuerit,

551 3617 717 3706 quod
762 3620 829 3685 in
878 3619 1272 3686 conclamato
1319 3618 1456 3687 loco
1506 3621 1985 3688 dubitabundus
2033 3639 2345 3708 propono:

819 3728 1256 3804 σιταγωγούς,
1305 3732 1690 3807 περιφερεῖς,
1741 3729 2372 3801 ὲπτακοτύλους
2423 3728 2546 3792 κτὲ.

633 3831 969 3898 Eiusmodi
1017 3839 1187 3899 corte
1233 3834 1480 3919 poculis
1529 3837 1805 3899 utuntur
1856 3835 2155 3901 mulieres
2197 3837 2264 3900 in
2311 3836 2555 3906 Σκηνὰς
2596 3850 2935 3910 καταλαμ-

545 3938 886 4018 βανούσαις
950 3939 1119 4024 apud
1185 3939 1673 4024 Aristophanem
1736 3941 1815 4006 fr.
1885 3939 2015 4006 472
2065 3941 2326 4027 (Kock),
2374 3961 2536 4026 quae
2580 3942 2705 4006 ioci
2750 3959 2933 4008 causa

547 4045 788 4122 λήκυθοι
837 4045 1174 4110 dicuntur:

2074 4155 2328 4228 λήκυθον

818 4259 930 4332 την
975 4256 1577 4336 ἑπτακότυλον,
1626 4259 1736 4332 τὴν
1784 4261 2089 4341 χυτρεᾶν,
2140 4260 2250 4334 τὴν
2296 4259 2671 4338 ἀγκύλην
2692 4307 2711 4336 ,

819 4362 889 4440 ἣν
933 4361 1239 4446 ἐφερόμην
1257 4412 1274 4447 ,
1321 4360 1391 4430 ἵν’
1441 4363 1649 4443 ἔχοιμι
1698 4366 2113 4446 euroeam-pexu.

3070 1887 3072 1969 Ν
