3150 5000
615 313 751 382 264
1475 330 1753 380 mnus
1796 331 2131 382 sosarnus.

610 501 789 564 nitur
851 519 966 564 nec
1021 516 1168 561 sane
1219 495 1462 561 multos
1505 498 1574 560 in
1620 502 1834 562 nostra
1878 500 2085 582 patria
2132 519 2264 565 esse
2310 501 2582 566 arbitror
2598 548 2615 578 ,
2664 502 2778 586 qui
2820 501 2857 567 J
2861 523 2968 568 ose·

614 608 817 692 phum
877 624 1003 670 uno
1065 609 1278 669 tenore
1337 601 1538 667 semel
1597 605 1960 688 iterumque
2023 605 2452 693 perlegerunt.
2536 607 2710 672 Mihi
2774 617 2965 674 autem

613 719 951 798 antequam
1002 709 1080 775 ad
1127 729 1258 774 rem
1306 711 1560 774 veniam
1610 719 1675 774 et
1720 712 2006 794 experiar
2048 732 2205 775 num
2254 721 2581 800 corruptos
2624 715 2796 780 locos
2839 737 2967 781 non·

609 818 822 885 nullos
881 815 1214 882 emendare
1275 817 1510 899 possim
1528 863 1543 892 ,
1612 835 1735 880 non
1798 815 2077 882 alienum
2142 818 2401 884 videtur
2445 840 2784 905 exponere,
2834 821 2966 906 quid

611 928 689 993 de
751 925 1129 994 criminibus
1189 923 1458 988 sentiam
1483 969 1498 1000 ,
1565 922 1799 1007 quibus
1842 921 2168 1009 ’Josephus
2228 925 2416 991 hodie
2478 933 2806 1006 oneratur,
2860 948 2965 992 non

611 1041 684 1101 ut
731 1051 1060 1108 excusem,
1111 1027 1220 1094 sed
1266 1035 1340 1092 ut
1387 1029 1562 1093 viam
1611 1029 1774 1092 mihi
1820 1035 2097 1094 sternam
2148 1030 2229 1095 ad
2276 1031 2541 1116 reliqua.

700 1141 994 1205 Primum
1051 1134 1217 1220 quod
1265 1135 1504 1198 crimen
1552 1133 1743 1221 longe
1766 1133 2251 1221 f’gravissimum
2298 1144 2428 1216 est,
2476 1138 2823 1224 Josephum
2866 1161 2961 1225 pa-

609 1251 768 1315 triae
827 1243 1213 1330 proditorem
1270 1239 1466 1304 fuisse
1527 1241 1836 1305 contendo
1895 1241 1976 1307 ad
2024 1263 2306 1328 eamque
2350 1265 2485 1308 rem
2534 1246 2960 1310 ostendendam

605 1373 809 1438 neque
857 1355 1002 1414 utar
1047 1366 1251 1430 neque
1297 1347 1396 1410 uti
1443 1352 1663 1430 potero
1709 1348 1837 1410 nisi
1886 1349 2303 1425 testimoniis,
2356 1370 2516 1433 quae
2560 1353 2697 1436 ipse
2742 1355 2960 1436 impru-

607 1461 760 1526 dens
821 1455 987 1526 dixit
1047 1454 1114 1517 in
1177 1471 1243 1516 se
1285 1454 1524 1536 ipsum.
1596 1451 1789 1516 Victo
1838 1451 2051 1518 Cestio
2099 1449 2290 1519 Gallo
2338 1453 2562 1541 Syriae
2610 1455 2856 1544 legato,
2902 1463 2960 1520 ut

603 1567 886 1653 legimus
945 1557 1110 1624 Bell.
1173 1555 1323 1622 Jud.
1387 1556 1450 1624 2.
1517 1557 1624 1621 20.
1689 1557 1761 1634 3,
1822 1557 1859 1622 J
1868 1559 2051 1624 udaei
2098 1566 2445 1638 ςρατηγοὺς
2492 1561 2823 1638 ἀπέδειξαν
2864 1567 2956 1627 τοῦ

603 1672 875 1749 πολέμου
924 1667 1234 1736 πλείονας.
1309 1663 1496 1728 Urbis
1539 1664 1840 1749 praefecti
1887 1670 2066 1730 erant
2108 1663 2147 1730 J
2152 1666 2423 1752 osephus
2468 1666 2765 1734 Gorionis
2808 1667 2957 1734 filius

604 1787 670 1846 et
731 1774 1022 1843 Ananus'
1055 1773 1260 1836 Anani
1281 1816 1298 1847 ,
1347 1771 1458 1856 qui
1505 1772 1727 1856 paucis
1774 1773 1955 1834 annis
2002 1777 2147 1837 ante
2194 1793 2306 1856 per
2354 1778 2482 1838 tres
2528 1796 2778 1840 menses
2820 1796 2957 1860 pon·

603 1887 760 1951 tifex
823 1881 1148 1946 maximus
1193 1877 1433 1941 iuerat:
1484 1875 1553 1939 hi
1601 1875 1761 1940 alios
1809 1875 1933 1940 alio
1981 1879 2296 1943 miserunt
2342 1887 2407 1944 et
2452 1880 2751 1946 Flavium
2797 1880 2955 1946 Jose·

603 1992 835 2079 phum,
899 1988 1010 2072 qui
1070 1980 1398 2049 Galilaeae
1456 1986 1790 2065 praeesset.
1878 1981 2109 2048 Adhuc
2168 1985 2261 2048 ibi
2322 1986 2574 2070 quietae
2620 2008 2719 2052 res
2764 1993 2953 2060 erant,

602 2097 711 2163 sed
755 2089 1141 2159 sollicitandi
1188 2092 1366 2153 erant
1409 2085 1653 2151 incolae
1698 2093 1773 2150 ut
1819 2087 1898 2151 ab
1944 2087 2251 2154 Romanis
2298 2091 2729 2190 desciscerent.
2796 2090 2835 2157 J
2838 2113 2956 2156 ose-

601 2203 766 2289 phus
826 2217 966 2263 eam
1029 2214 1166 2260 rem
1214 2193 1448 2277 ubique
1495 2192 1711 2256 studet
1757 2191 2067 2277 colorare,
2116 2195 2223 2259 sed
2272 2197 2425 2280 quid
2475 2218 2695 2263 revera
2741 2199 2953 2285 egerit,
3064 2201 3066 2260 f

600 2310 756 2374 satis
802 2303 1100 2389 pellucet.
1146 2295 1652 2384 Hierosolymis,
1700 2300 1792 2362 sic
1839 2301 2009 2363 enim
2058 2301 2279 2366 scribit
2326 2303 2391 2366 in
2439 2301 2597 2368 Vita
2642 2302 2764 2388 §¹7,
2806 2304 2955 2388 prin·
3065 2315 3066 2368 l

598 2417 772 2498 cipes
816 2409 942 2476 viri
991 2404 1308 2483 πυθόμενοι
1358 2405 1488 2478 τὴν,
1514 2405 1864 2469 Γαλιλαίαν
1910 2403 2073 2470 οὔπω
2117 2409 2331 2470 πᾶσαν
2373 2409 2686 2484 Ῥωμαίων
2731 2407 2955 2488 depes-d·

601 2545 737 2597 ναι,
804 2515 979 2595 μέρος
1045 2512 1096 2577 δ’
1156 2515 1348 2585 αὐτῆς
1415 2515 1655 2591 ἠρεμεῖν
1711 2510 1835 2596 ἔτι,
1888 2512 2233 2589 πέμπουσιν
2284 2514 2396 2591 ἐμὲ
2443 2516 2546 2579 καὶ
2598 2516 2701 2581 δύο
2745 2516 2949 2585 ἄλλους

598 2634 713 2692 τῶν
773 2622 1018 2703 ἑτέρων,
1085 2617 1312 2691 καλοὺς
1377 2618 1480 2682 καὶ
1543 2616 1819 2695 ἀγαθοὺς
1875 2617 2132 2705 ἄνδρας,
2187 2618 2509 2701 Ἰωάζαρον
2556 2624 2662 2687 καὶ
2712 2622 2947 2687 Ἰούδαν.

596 2736 926 2799 πείσοντας
969 2726 1111 2799 τοὺς
1179 2726 1459 2803 πονηροὺς
1507 2722 1887 2789 καταθέσθαι
1936 2726 2018 2787 τὰ
2067 2723 2237 2789 ὅπλα
2286 2726 2391 2790 καὶ
2444 2726 2833 2803 διδάξοντας,
2886 2726 2950 2797 ὥς

600 2840 722 2909 ἔςιν
777 2834 1022 2915 ἄμεινον
1060 2840 1186 2902 τοῖς
1236 2831 1540 2910 κρατίςοις
1594 2834 1700 2895 τοῦ
1748 2828 1941 2903 ἔθνους
1991 2832 2159 2895 αὐτοὶ
2208 2836 2537 2912 τηρεῖσθαι.
2582 2834 2855 2911 Ἔγνωςο
2896 2832 2949 2897 δὲ

595 2948 828 3014 τούτοις
875 2942 971 3007 ἀεὶ
1021 2938 1135 3015 μὲν
1184 2935 1352 3016 ἔχειν
1400 2936 1486 3000 τὰ
1531 2933 1700 3001 ὅπλα
1746 2937 1889 3016 πρὸς
1936 2939 2005 3002 τὸ
2052 2938 2286 3013 μέλλον
2332 2937 2591 3017 ἕτοιμα,
2642 2939 2950 3019 περιμένειν

597 3052 661 3115 δὲ
709 3052 774 3113 τί
821 3045 1148 3125 πράξουσιν
1196 3044 1504 3121 Ῥωμαῖοι.
1576 3040 1873 3127 Speciosa
1916 3045 2109 3109 verba
2154 3052 2305 3109 sunt
2326 3092 2342 3123 ‚
2388 3046 2497 3110 sed
2542 3046 2730 3113 facile
2774 3062 2947 3131 agno-

593 3159 835 3221 scimus
901 3152 1224 3216 hominem
1289 3148 1707 3213 defectionem
1766 3170 1949 3213 suam
2012 3150 2183 3234 apud
2244 3148 2565 3216 Romanos
2626 3158 2947 3233 utcumque

590 3262 1018 3328 excusantem.
1068 3256 1205 3339 Ipse
1256 3262 1406 3319 tunc
1451 3260 1587 3319 erat
1631 3253 1710 3318 de
1756 3275 1971 3319 eorum
2006 3275 2269 3320 numero
2311 3260 2419 3340 qui
2462 3256 2705 3322 bellum
2744 3256 2945 3321 inferre

591 3366 898 3433 Romanis
959 3361 1294 3448 parabant,
1357 3360 1466 3425 sed
1530 3379 1609 3424 ne
1670 3358 1825 3444 quid
1887 3358 2156 3426 offendat
2220 3360 2627 3426 dominorum
2690 3365 2944 3433 animos,
3063 3398 3064 3423 ι

589 3474 781 3540 modo
825 3470 1046 3535 scribit
1092 3488 1160 3532 se
1204 3467 1421 3551 populi
1469 3465 1832 3531 libertatem
1882 3470 2045 3533 tueri
2085 3467 2362 3533 voluisse
2403 3469 2703 3535 adversus
2747 3486 2942 3555 procu-
3063 3484 3064 3496 ¹

585 3582 815 3645 ratoris
876 3574 1278 3641 insolentiam
1300 3622 1318 3657 ,
1387 3573 1574 3638 modo
1620 3594 1687 3637 se
1732 3570 2057 3639 Galilaeae
2106 3574 2291 3639 urbes
2336 3573 2640 3639 Romanis
2686 3582 2943 3641 servatu-

586 3706 732 3751 rum
778 3687 1004 3765 fuisse,
1058 3682 1112 3743 si
1159 3699 1270 3763 per
1313 3678 1576 3743 infestos
1626 3678 1960 3762 populares
2006 3678 2312 3744 licuisset.
2382 3678 2537 3745 Post
2584 3690 2941 3766 reportatam

588 3791 666 3855 de
727 3788 940 3855 Cestio
999 3787 1334 3852 victoriam
1357 3831 1374 3860 ,
1439 3783 1634 3848 multi
1696 3785 2057 3849 futurorum
2106 3784 2424 3850 malorum
2473 3789 2765 3873 praesagi
2808 3784 2941 3849 urbe

589 3898 934 3961 cesserant:
998 3889 1214 3957 πολλοὶ
1263 3896 1379 3954 τῶν
1428 3890 1743 3969 ἐπιφανῶν
1792 3891 2091 3955 Ἰουδαίων
2136 3888 2334 3969 ὥσπερ
2382 3892 2450 3955 ἐκ
2498 3891 2937 3973 βαπτιζομένης

586 4000 764 4077 νεώς,
813 3998 1197 4076 ἀπενήχοντο
1245 4004 1355 4069 τῆς
1404 3995 1679 4079 πόλεως,
1728 4002 1801 4060 ut
1847 4002 1943 4061 est
1992 3995 2154 4061 Bell.
2198 3993 2347 4061 Jud.
2398 3995 2462 4062 2.
2516 3997 2622 4062 20.
2675 3998 2749 4073 1,
2792 4014 2939 4061 sese·

588 4128 711 4193 que
757 4104 1152 4171 contulerant
1196 4105 1332 4167 sive
1369 4104 1438 4165 in
1478 4108 1682 4167 castra
1720 4102 2155 4167 Romanorum
2198 4104 2334 4167 sive
2374 4101 2453 4167 ad
2493 4124 2709 4190 regem
2735 4102 2939 4188 Agrip·

582 4233 770 4299 pam,
819 4214 925 4297 qui
979 4209 1133 4273 urbe
1179 4208 1401 4293 pulsus
1445 4228 1717 4295 regnum
1767 4211 2137 4291 repet-ierat,
2186 4208 2247 4271 2.
2303 4208 2407 4273 17.
2450 4210 2507 4273 1.
2558 4209 2681 4289 Qui
2718 4226 2937 4273 reman-

582 4324 792 4385 serant
851 4313 1352 4400 Hierosolymis,
1417 4335 1550 4380 sese
1610 4333 1761 4379 cum
1810 4312 2239 4379 Romanorum
2294 4314 2585 4379 hostibus
2626 4318 2933 4398 conjunxe-

577 4432 757 4495 rant:
806 4424 858 4489 οἱ
907 4419 1226 4498 διώξαντες
1278 4420 1380 4486 τὸν
1429 4420 1638 4489 Κέςιον
1684 4422 1762 4491 ὥς
1810 4421 2167 4501 ὑπέςρεψαν
2210 4422 2297 4493 εἷς
2342 4422 2761 4499 Ἰεροσόλυμα,
2806 4416 2929 4487 τοὺς
