3150 5000
512 286 580 359 :4
664 298 669 303 ’
1514 306 1932 359 rnuornmns.

634 473 921 563 Thucyd.
973 475 1046 543 V.
1098 478 1158 541 3.
1209 476 1267 541 4.
1319 476 1425 542 καὶ
1478 476 1535 542 εί
1579 500 1673 550 τις
1717 476 1910 552 ἄλλος
1953 476 2304 543 Χαλκιδέων
2318 472 2494 544 ''HN.
2539 476 2927 566 Legendum

547 582 787 666 ’6Νῆν,
832 582 889 645 ei
934 581 1068 667 quis
1116 583 1277 647 alius
1320 588 1471 647 esset·
1509 583 1799 663 infurbe,
1849 587 1922 649 ut
1969 582 2042 649 V.
2094 582 2160 652 2.
2210 583 2270 649 3.
2321 583 2460 651 οὔτε
2505 586 2556 650 οἱ
2614 583 2931 657 ἐἶ-Νύντες

546 684 885 768 ἀξιόμαχοι
905 734 921 767 ,
973 692 1163 773 atque
1206 690 1301 754 ita
1346 690 1606 773 passim.

628 899 919 990 Thucyd.
974 900 1042 967 V.
1103 902 1165 967 4.
1216 901 1277 967 5.
1345 900 1528 975 εἵπως
1593 901 1923 975 πείσαντες
1988 903 2126 975 τοὺς
2191 904 2407 985 σφίσιν
2466 902 2651 977 ὄντας
2721 902 2937 971 αὐτόθι

543 1003 923 1089 ξυμμάχους
987 998 1092 1072 καὶ
1160 1006 1300 1079 τοὺς
1364 1005 1594 1079 ἄλλους
1661 1008 1793 1094 [ἐὰν
1844 1007 2163 1095 δύνωνται]
2213 1010 2591 1083 Σικελιώτας
2645 1019 2818 1092 κοινῇ
2851 1046 2934 1059 -

544 1114 1006 1193 ἐπιτρατεῦσαι.
1058 1112 1212 1179 Dele
1260 1114 1367 1179 ἐὰν
1413 1115 1740 1191 δύνωνται,
1790 1114 1956 1199 quod
2002 1121 2066 1180 et
2106 1136 2358 1201 prorsus
2382 1136 2938 1203 supervacaneum

542 1224 667 1297 est,
738 1222 887 1306 quia
946 1218 1118 1285 idern
1180 1221 1347 1285 inest
1406 1222 1476 1285 in
1536 1218 1720 1292 εἵπως
1771 1221 2096 1294 πείσαντες
2117 1268 2134 1300 ,
2183 1230 2247 1289 et
2293 1222 2497 1289 alieno
2543 1222 2688 1289 loco
2737 1223 2938 1289 inter-

540 1329 822 1412 positum
870 1326 1069 1393 vides.

632 1430 947 1499 Similiter
1008 1434 1257 1518 saepius
1320 1432 1400 1498 ad
1456 1431 1706 1511 μάλιςα
1754 1433 1866 1511 μέν
1913 1434 2093 1501 scioli
2140 1434 2382 1503 addunt
2429 1436 2478 1501 εἳ
2526 1434 2794 1502 δυνατόν
2811 1482 2832 1514 ,
2882 1436 2934 1500 εἷ

545 1538 815 1617 δύναιτο,
870 1538 978 1603 ἐὰν
1023 1538 1351 1618 δύνωνται,
1402 1541 1452 1605 εἱ
1504 1534 1619 1606 οἷόν
1671 1565 1776 1619 τε,
1819 1561 1944 1607 non
1990 1540 2424 1630 intelligentes
2468 1542 2536 1608 id
2574 1545 2804 1630 ipsum
2844 1544 2937 1608 in-

545 1666 678 1711 esse
722 1647 791 1710 in
838 1643 1086 1722 μοὶλιςα
1133 1645 1247 1722 μὲν
1276 1680 1357 1693 —-
1385 1646 1437 1710 εἴ
1487 1645 1550 1711 δὲ
1597 1648 1712 1725 μή.

636 1856 924 1946 Thucyd.
976 1856 1047 1923 V.
1102 1858 1167 1922 4.
1214 1855 1275 1922 6.
1326 1858 1526 1924 οὐκέτι
1571 1860 1670 1923 ἐπὶ
1720 1858 1860 1931 τοὺς
1909 1857 2136 1932 ἄλλους
2187 1857 2462 1942 ἔρχετΑΙ
2515 1860 2938 1941 ΛΙΟΘόμενος

548 1966 652 2033 οὐκ
702 1963 777 2030 ἂν
822 1966 1046 2030 πείθειν
1093 1964 1335 2036 αὐτούς.
1387 1964 1727 2031 Manifesto
1770 1965 2142 2031 mendosum
2185 1974 2282 2032 est
2317 1966 2707 2054 αἰσθόμενος,
2732 1988 2938 2053 neque

548 2073 718 2137 enim
767 2071 836 2136 id
882 2070 1102 2135 sentire
1147 2075 1391 2155 poterat
1440 2076 1503 2135 et
1552 2071 1900 2148 αἰσθόμενος
1943 2093 2092 2137 cum
2133 2070 2450 2141 infinitivo
2488 2074 2790 2140 iunctum
2830 2074 2939 2140 ab·

550 2178 814 2243 surdum
864 2182 979 2242 est.
1052 2175 1547 2262 Simplicissime
1593 2181 1974 2245 correctione
2021 2179 2523 2246 restituendum:

1276 2281 1574 2360 ΟῙόμενος
1623 2284 1728 2348 οὐκ
1777 2283 1854 2348 ἂν
1902 2284 2148 2349 πείθειν.

643 2388 820 2455 Male
855 2390 1159 2475 repetitae
1196 2387 1416 2454 literae
1456 2390 1894 2474 praecedentes
1936 2400 2020 2456 AI
2064 2397 2246 2477 turpe
2269 2394 2504 2459 vitium
2529 2399 2932 2479 pepererunt.

644 2603 934 2691 Thucyd.
983 2600 1057 2669 V.
1110 2601 1167 2667 5.
1237 2601 1495 2668 Phaeax
1558 2609 1799 2684 Λοκρῶν
1862 2603 2233 2685 ἐντυγχάνει
2302 2613 2426 2680 τοῖς
2486 2606 2553 2670 ἐκ
2600 2607 2933 2682 Μεσσήνης

560 2713 879 2799 [ἐποίκοις]
930 2709 1418 2788 ἐκπεπτωκόσιν,
1466 2701 1519 2774 οἳ
1558 2710 1728 2787 μετὰ
1771 2712 1878 2784 τὴν
1917 2718 2034 2776 τῶν
2077 2719 2451 2778 Σικελιωτῶν
2479 2713 2822 2792 ὁμολογίαν
2850 2750 2932 2764 -

556 2817 775 2886 ἔποικοι
839 2815 1337 2897 ἐξεπέμφθησαν.
1413 2815 1569 2896 Quis
1635 2837 1759 2882 non
1823 2819 2019 2883 sentit
2077 2820 2254 2902 prius
2301 2819 2557 2891 ἐποίκοις
2606 2823 2932 2906 perinepte

556 2921 914 2992 abundare?

646 3031 970 3117 Sequitur:
1042 3032 1273 3100 τούτοις
1336 3023 1436 3096 οὖν
1496 3029 1525 3093 ὅ
1591 3027 1800 3104 Φαίαξ
1863 3029 2128 3111 ἐντυχὼν
2190 3038 2317 3103 τοῖς
2365 3030 2778 3113 κομιζομένοις
2825 3033 2928 3098 οὐκ

558 3139 853 3216 ἠδίκησεν.
918 3136 1083 3202 Sunt
1128 3139 1237 3221 qui
1281 3143 1406 3209 τοῖς
1454 3133 1742 3217 deleant,
1791 3136 1902 3201 alii
1952 3135 2364 3217 κομιζομένοις
2405 3160 2651 3224 quoque
2692 3161 2926 3226 expun-

559 3251 759 3334 gunt,
811 3243 1106 3310 Meineke
1150 3243 1291 3307 τότε
1339 3261 1450 3326 pro
1496 3248 1620 3312 τοῖς
1667 3243 1948 3306 coniecit.
2015 3241 2584 3329 Simplicissimum
2622 3253 2718 3312 est
2755 3265 2924 3332 repo-

558 3372 743 3419 nere:
786 3351 1054 3430 ἐντυχὼν
1099 3349 1196 3413 ἐπ’
1241 3347 1401 3413 οἴκου
1446 3346 1876 3428 κομιζομένοις.

650 3563 938 3651 Thucyd.
991 3561 1062 3626 V.
1114 3559 1175 3627 5.
1229 3559 1290 3626 3.
1356 3563 1423 3626 in
1485 3560 1668 3626 libris
1715 3565 1809 3625 est
1859 3560 1885 3625 ὅ
1934 3559 2076 3638 πρὸς
2130 3559 2407 3636 Ἰτωνέας
2455 3565 2560 3631 καὶ
2611 3563 2919 3634 Μελαίους

561 3672 830 3748 πόλεμος
898 3668 1141 3749 ὁμόρους
1189 3691 1261 3732 τε
1306 3665 1484 3737 ὄντας
1532 3667 1636 3731 καὶ
1687 3667 1992 3736 ἀποίκους.
2069 3665 2462 3736 Felicissime
2510 3670 2808 3738 Weidner
2851 3689 2921 3734 ex

562 3777 868 3845 Strabone
927 3795 1073 3862 pag.
1124 3772 1277 3839 256.
1325 3773 1689 3839 emendavit
1736 3771 1879 3851 πρὸς
1926 3773 2343 3847 Ἱππωνιοὶτας
2393 3776 2496 3841 καὶ
2548 3777 2910 3857 Μεδμαίους-

564 3883 919 3950 Ostendant
964 3881 1119 3946 haec
1167 3899 1356 3966 quam
1405 3881 1686 3965 corrupti
1730 3880 1860 3944 sint
1903 3881 2104 3944 nostri
2153 3877 2435 3948 Codices.

659 4094 945 4183 Thucyd.
997 4093 1073 4159 V.
1138 4091 1194 4158 ¹7.
1249 4090 1309 4158 5.
1372 4091 1492 4158 οὐδ’
1553 4091 1844 4170 ἐφαίνετο
1907 4091 2032 4156 οὔτ’
2097 4092 2198 4158 ἐπὶ
2260 4097 2366 4159 τοῦ
2430 4095 2677 4176 τείχους
2742 4092 2924 4166 οὐδεὶς

564 4205 703 4274 οὔτε
754 4203 923 4269 κατὰ
970 4201 1179 4272 πύλας
1236 4197 1477 4286 [ἐξῄει],
1521 4200 1898 4282 κεκλημέναι
1946 4224 2016 4265 τε
2058 4195 2210 4272 ἦσαν
2252 4204 2470 4266 ποῖσαι.
2533 4203 2764 4270 Exime
2803 4221 2928 4269 mo·

564 4315 796 4382 lestum
848 4309 1006 4391 ἐξῄει
1054 4313 1118 4374 et
1164 4309 1377 4373 omnia
1414 4305 1604 4392 plene
1648 4310 1714 4372 et
1759 4307 2089 4391 perspicua
2135 4313 2339 4374 erunt.
2402 4307 2604 4376 Sensu
2651 4327 2918 4377 vacuum

567 4425 663 4492 est
707 4417 877 4484 κατὰ
926 4415 1134 4485 πύλας
1184 4407 1426 4488 ἐξιέναι.
