3150 5000
1256 210 1680 354 meminus.
2573 260 2662 341 7¹7

278 458 537 527 fatearis
602 480 855 526 necesse
929 467 1046 525 est.
1132 456 1407 543 Reliqua.
1480 460 1848 523 testimonia
1915 460 1982 522 si*
2041 461 2394 544 interrogas
2409 502 2428 534 ‚
2501 475 2664 542 quae

279 586 519 655 magno
562 585 828 636 numero
873 568 1161 650 prostant
1182 609 1197 639 ,
1262 560 1511 628 videbis
1558 561 1724 628 nihil
1767 582 1902 628 esse
1945 582 2058 628 cur
2102 560 2424 629 Herodoto
2470 559 2661 629 fidem

281 672 704 759 denegemus,
755 671 965 737 confer
1012 668 1203 737 modo
1249 667 1448 744 locos,
1496 688 1653 753 quos
1693 666 2010 735 Becker-us
2045 667 2363 756 congessit
2391 669 2460 733 in
2499 665 2664 736 Cha-

279 776 435 842 ricle
494 775 606 842 III.
680 774 809 842 159
871 795 1002 860 sqq.
1071 774 1245 840 Hinc
1302 771 1654 839 Odofredus
1709 772 2028 839 Mullorus
2091 772 2238 840 Dor.
2286 772 2370 839 11.
2417 793 2480 859 p.
2528 772 2660 841 26⁴7

278 902 479 968 paene
536 882 617 949 ad
676 884 905 948 incitas
950 880 1241 949 redactus
1259 926 1276 956 ,
1324 897 1652 965 operosam
1701 879 2189 965 explicationem
2235 882 2628 969 excogitavit
2642 928 2661 961 ,
2702 882 2712 891 '

282 1008 474 1073 quam
548 1008 670 1054 non
734 987 1047 1074 gravabor
1106 986 1490 1062 describere,
1553 991 1632 1051 ut
1691 984 2048 1052 luculenter
2111 992 2410 1071 appareat
2467 1006 2662 1071 quam

280 1092 655 1159 incredibile
714 1096 801 1159 sit
818 1138 835 1171 ‚
898 1091 1066 1178 quod
1126 1091 1296 1177 apud
1356 1090 1802 1178 Thucydidem
1847 1088 2162 1178 leg-imus:
2217 1092 2665 1181 „Thucydides

286 1198 483 1265 Dores
542 1202 781 1285 primos
836 1197 1290 1284 simpliciorem
1346 1200 1656 1265 vestitum
1705 1200 2014 1284 recepisse
2057 1198 2248 1277 dicit,
2297 1200 2464 1287 quod
2507 1200 2666 1267 niti-

286 1312 394 1371 tur
440 1308 751 1371 sententia
796 1304 949 1370 huic
995 1306 1285 1390 scriptori
1331 1306 1617 1389 propria,
1667 1324 1794 1389 qua
1837 1310 2046 1371 vestes
2090 1304 2289 1371 lineas
2307 1354 2326 1390 ,
2381 1304 2626 1393 amplas
2645 1352 2663 1384 ,

284 1415 353 1477 in
402 1414 545 1477 sinu
594 1410 925 1477 artificiose
971 1410 1383 1495 complicatas
1400 1460 1416 1493 ,
1468 1409 1690 1496 quales
1743 1410 2014 1476 Athenis
2049 1411 2257 1477 adhuc
2297 1412 2667 1498 Aristopha-

286 1520 390 1583 nis
440 1522 645 1584 aetate
690 1519 815 1584 viri
862 1519 1099 1602 priscos
1144 1536 1352 1581 mores
1398 1512 1668 1581 firmiter
1713 1518 2056 1585 retinentes
2092 1518 2429 1605 gestabant
2447 1565 2464 1597 ,
2504 1520 2668 1584 anti·

286 1624 629 1709 quissimos
678 1619 1057 1689 Graecorum
1111 1624 1386 1688 amictus
1430 1622 1627 1687 fuisse
1663 1622 2012 1707 judicabat.
2060 1619 2296 1689 Contra
2339 1645 2453 1691 nos
2497 1624 2669 1691 hunc

284 1730 582 1795 habitum
644 1730 725 1795 ab
786 1727 1044 1795 Ionibus
1103 1728 1405 1795 Asiaticis
1462 1727 1748 1793 Athenas
1791 1731 2090 1795 transisse
2131 1732 2287 1796 satis
2334 1736 2504 1797 certo
2551 1734 2670 1799 sci·

286 1854 435 1901 mus
450 1883 469 1919 ,
515 1834 624 1900 sed
670 1834 807 1901 illic
852 1836 1021 1901 circa
1066 1840 1321 1919 tempus
1366 1831 1523 1899 belli
1566 1832 2084 1919 Peloponnesiaci
2121 1856 2337 1901 rursus
2361 1848 2440 1903 eo
2459 1844 2668 1923 spreto

288 1940 369 2006 ad
414 1946 706 2007 veterum
752 1938 1139 2007 Graecorum
1188 1940 1496 2006 vestitum
1543 1936 1750 2005 levem
1803 1945 1992 2025 atque
2031 1948 2289 2008 tenuem
2313 1943 2670 2027 redierunt,

290 2047 569 2131 exceptis
631 2051 843 2111 tamen
909 2047 1197 2124 feminis,
1262 2063 1422 2131 quae
1474 2044 1632 2110 olim
1681 2045 1936 2130 quidem
1987 2048 2182 2113 etiam
2230 2048 2499 2115 Athenis
2543 2048 2670 2115 Do·

292 2154 455 2218 ricas
515 2156 723 2219 vestes
782 2156 1212 2239 sumpserant,
1275 2152 1385 2218 sed
1446 2156 1600 2217 tunc
1662 2152 1941 2237 lonicae,
1991 2174 2152 2237 quae
2199 2153 2422 2243 longas
2467 2158 2672 2221 mani·-

292 2278 432 2335 cas,
498 2257 745 2343 amplas
804 2268 1030 2345 rugas,
1102 2254 1420 2324 fimbriam
1478 2258 1750 2322 humum
1800 2264 2158 2325 verrentem
2205 2261 2560 2346 habebant,
2607 2266 2674 2328 et

292 2364 667 2451 plerumque
712 2363 915 2431 lineae
963 2368 1141 2430 erant
1158 2410 1174 2441 ,
1224 2364 1601 2429 retinebant.
1648 2362 1886 2429 Verum
1921 2371 2134 2431 tamen
2159 2364 2566 2454 Thucydides
2601 2366 2672 2432 id

293 2476 461 2538 recte
508 2468 813 2548 affirmat,
860 2468 1391 2536 Lacedaemonios
1430 2488 1582 2557 prae
1615 2471 1911 2537 omnibus
1946 2470 2210 2558 reliquis
2234 2469 2494 2540 Graecis
2513 2474 2671 2540 sim·

292 2575 570 2663 plicibus
612 2585 677 2643 et
724 2577 1021 2643 brevibus
1058 2578 1401 2643 amictibus
1440 2577 1846 2644 eminuisse”.
1895 2577 2136 2644 Locum
2163 2579 2359 2645 debeo
2379 2579 2670 2665 Popponi
2801 2572 2818 2586 ³

290 2705 355 2769 p.
406 2681 491 2751 78
507 2735 525 2766 ,
573 2683 681 2749 sed
728 2684 871 2768 quis
916 2691 1049 2749 tam
1100 2689 1449 2749 contortam
1498 2683 1856 2768 explicandi
1901 2687 2213 2750 rationem
2263 2686 2522 2770 probare
2563 2708 2672 2772 po·

294 2787 460 2856 test?
508 2789 770 2874 Quoquo
816 2797 879 2854 te
926 2795 1167 2864 vertas,
1215 2789 1281 2854 id
1330 2789 1630 2855 concedas
1675 2796 1922 2875 oportet
1965 2811 2168 2875 neque
2205 2793 2272 2856 in
2311 2789 2444 2857 lino
2468 2811 2670 2877 neque

292 2898 362 2960 in
422 2895 567 2960 lana
624 2916 734 2981 per
788 2917 855 2961 se
898 2897 1101 2960 inesse
1149 2894 1357 2960 ullum
1406 2894 1699 2961 luxuriae
1744 2893 2092 2961 indiciumz
2140 2917 2218 2962 ne
2265 2896 2480 2964 fibulis
2529 2905 2671 2964 ute·

295 3006 551 3085 rentur,
595 3001 1012 3068 Athenienses
1051 3001 1355 3066 uxoribus
1394 3003 1529 3065 suis
1576 3000 1885 3068 dederunt
1923 3003 2112 3068 λίνεον
2153 3005 2371 3067 κιθῶνα
2389 3051 2406 3080 ,
2459 3011 2533 3070 ut
2581 3006 2676 3070 ait

295 3107 691 3192 Herodotus,
741 3129 856 3174 nec
902 3112 1269 3173 metuerunt
1312 3127 1393 3172 ne
1432 3115 1688 3194 propter
1707 3106 2220 3176 imbecillitatem
2245 3110 2324 3174 ad
2348 3108 2674 3176 luxuriam

294 3212 751 3280 delaberentur.
827 3213 922 3278 Elx
970 3213 1073 3278 his
1122 3213 1628 3280 dubitationibus
1676 3219 1751 3279 ut
1796 3234 2241 3302 emergamus,
2289 3217 2504 3282 missis
2542 3236 2678 3282 am-

294 3321 515 3406 biguis
562 3327 849 3384 veterum
898 3322 1279 3405 scriptorum
1320 3321 1740 3396 testimoniis,
1781 3323 2224 3406 antiquissima
2264 3327 2679 3388 monumenta

292 3425 742 3513 interroganda
786 3434 970 3500 sunt,
1019 3446 1180 3511 quae
1228 3423 1305 3491 ad
1354 3431 1569 3492 nostra
1613 3431 1900 3511 tempora
1939 3426 2374 3510 perdurarunt.
2422 3427 2676 3493 Horum

296 3531 487 3598 fidem
550 3539 805 3598 secutus
865 3531 1213 3618 Helbigius
1273 3533 1341 3596 in
1402 3531 1722 3616 praeclaro
1783 3533 1946 3597 libro
2008 3532 2084 3598 de
2147 3531 2414 3597 Homeri
2463 3532 2678 3618 Epicis

300 3636 705 3705 Carminibus
752 3639 971 3702 scribit
1017 3658 1079 3723 p.
1134 3635 1262 3702 129
1310 3657 1478 3722 sqq.,
1528 3636 1685 3703 olim
1737 3638 2024 3704 maribus
2069 3641 2304 3723 pariter
2349 3651 2538 3724 atque
2583 3639 2677 3704 fe-

298 3746 494 3810 minis
553 3751 837 3825 anquam
885 3755 1091 3808 vestes
1136 3742 1478 3829 placuisse,
1529 3745 1596 3807 in
1647 3763 1916 3829 quarum
1965 3742 2176 3808 locum
2226 3753 2442 3830 postea
2470 3745 2678 3828 fluen-

300 3861 389 3914 tes
432 3851 865 3916 successerint.
936 3851 1266 3937 Aug-ustae
1328 3859 1541 3914 autem
1613 3859 1820 3914 vestes
1839 3897 1854 3926 ,
1901 3851 2136 3935 pagina
2181 3857 2276 3914 est
2335 3848 2456 3914 138
2505 3870 2639 3936 sqq.
2659 3896 2678 3928 ‚

299 3959 507 4042 pictae
566 3955 941 4042 plerumque
1002 3962 1181 4020 erant
1246 3959 1311 4020 et
1356 3955 1744 4021 ornamentis
1792 3955 2161 4032 distinctae,
2210 3976 2372 4041 quae
2417 3975 2680 4043 geome-

298 4065 491 4128 tricas
550 4061 789 4158 figuras
850 4062 1067 4128 crebro
1134 4061 1521 4158 referebant,
1588 4061 1742 4126 ibid.
1807 4081 1868 4145 p.
1923 4061 2073 4127 150.
2144 4060 2310 4142 Quid
2358 4071 2574 4128 autem
2623 4063 2681 4128 si

300 4189 523 4234 senum
588 4168 755 4252 apud
816 4165 1255 4252 Thucydidem
1318 4167 1541 4231 itidem
1576 4167 1842 4250 floridae
1891 4173 2096 4232 vestes
2141 4163 2420 4231 fuerint?
2465 4167 2680 4254 Negas

304 4275 383 4340 de
428 4271 782 4358 corruptela
831 4274 1055 4338 debere
1103 4275 1397 4359 cogitari,
1454 4293 1650 4356 quum
1702 4271 1935 4336 Pollux
1985 4273 2048 4336 in
2097 4273 2308 4336 codice
2355 4292 2468 4336 suo
2506 4272 2678 4337 idem

304 4381 651 4460 invenerit,
699 4379 865 4464 quod
912 4379 1101 4446 hodie
1142 4375 1426 4466 legitur?
1472 4379 1694 4444 scribit
1733 4385 1898 4444 certe
1939 4375 2078 4444 VII.
2105 4376 2222 4444 71:
2265 4383 2464 4450 λινοῦς
2486 4377 2679 4457 χιτὼν
