3150 5000
1216 301 1684 352 nfflosnmnvs.
2517 283 2648 350 289

357 467 454 533 Ita
502 467 713 534 editur
753 467 931 534 locus
978 489 1055 534 ex
1102 470 1459 535 recensione
1506 465 1782 536 Gelenii.
1845 467 2020 536 Num
2070 473 2238 535 recte
2283 467 2528 534 dubito.
2576 467 2649 533 In

263 573 403 642 Vat.
478 583 575 641 est
638 577 761 656 „ad
818 576 1135 642 latebrosa
1191 579 1757 643 animantium
1815 598 2010 643 saxa
2057 598 2264 663 quae
2308 577 2652 643 incolunt.”

261 681 637 770 Legendum
694 682 951 748 uidetur
1008 683 1126 760 „ad
1171 682 1482 749 latebrosa
1519 704 1558 749 a
1572 704 1618 748 ιι
1633 687 1659 748 i
1675 705 1714 750 a
1749 705 1816 750 m
1834 705 1872 750 o
1889 707 1932 748 n
1950 689 1978 748 t
1996 685 2020 749 i
2039 705 2084 752 ιι
2098 704 2166 747 ιιι
2205 705 2236 748 s
2251 702 2288 748 a
2303 705 2344 748 x
2362 685 2648 769 a<que>

260 810 295 874 q
317 810 361 854 u
381 809 418 855 a
434 811 469 854 e
514 789 858 856 incolunt.''
904 786 1007 856 Of.
1050 788 1293 854 XXXI.
1345 787 1404 856 7.
1455 789 1517 854 2.

351 991 414 1058 9.
465 991 527 1057 8.
596 991 1083 1070 „Praetextatus
1127 991 1589 1077 praefecturam
1635 992 1814 1058 urbis
1861 1013 1892 1058 s
1911 1015 1956 1058 u
1971 991 2054 1058 bl
2071 995 2095 1058 i
2113 1014 2178 1059 m
2197 993 2221 1057 i
2237 1015 2282 1058 u
2298 1014 2329 1059 s
2389 1013 2614 1059 curans
2629 1040 2650 1078 ,

256 1120 370 1185 per
416 1099 809 1186 integritatis
856 1097 1253 1183 multiplices
1300 1105 1479 1166 actus
1526 1106 1592 1165 et
1630 1099 1970 1186 probitatis
1996 1147 2011 1164 .
2041 1151 2056 1166 .
2088 1147 2102 1166 .
2130 1100 2398 1186 adeptus
2419 1105 2518 1165 est
2543 1148 2558 1163 .
2589 1147 2607 1164 .
2633 1149 2650 1166 .

256 1211 333 1271 ut
378 1227 525 1272 cum
576 1208 930 1282 timeretur,
980 1225 1265 1271 amorem
1310 1226 1435 1271 non
1480 1205 1772 1292 perderet
1815 1206 2119 1271 ciuium.'’

348 1312 475 1378 Pro
520 1311 981 1378 sublimius
1028 1312 1261 1378 suadeo
1308 1317 1381 1376 ut
1422 1312 1738 1377 scribatur
1775 1311 2280 1378 sollicitius.
2331 1309 2428 1379 Of.
2471 1310 2649 1378 Suet.

256 1415 483 1486 Claud.
554 1416 671 1482 18:
750 1437 1073 1496 „annonae
1131 1438 1350 1484 curam
1412 1417 1869 1484 sollicitissime
1937 1439 2187 1505 semper
2256 1419 2430 1505 egi”;
2503 1418 2644 1504 le.

256 1523 407 1612 Dig.
456 1521 694 1589 XXVI.
746 1521 807 1592 7.
861 1520 900 1588 3
951 1523 1266 1602 „sollicite
1310 1546 1530 1590 curare
1575 1523 1877 1610 aliquid.”

350 1739 459 1808 10.
509 1741 571 1808 5.
635 1741 990 1808 Parabatur
1050 1748 1195 1828 post
1254 1743 1409 1808 haec
1471 1741 1964 1809 lentiorbus
2007 1744 2174 1808 curis
2223 1791 2239 1807 .
2265 1792 2281 1808 .
2312 1792 2328 1807 .
2379 1744 2447 1809 in
2493 1743 2650 1810 Ala-

256 1868 523 1914 mannos
572 1848 891 1934 expeditio
936 1848 1142 1915 solitis
1186 1849 1503 1936 grauior.”

346 1951 610 2043 Corrige
698 1957 1085 2033 .‚<in>ten
1105 1957 1307 2021 tiori
1326 1956 1475 2020 bus
1544 1955 1774 2022 curis.”
1842 1953 1940 2024 Of.
2014 1957 2159 2022 Liu.
2233 1956 2449 2023 XXV.
2523 1954 2611 2022 22
2628 1976 2645 2035 ;

256 2059 479 2141 Quint.
528 2061 612 2126 X.
672 2063 730 2126 1.
787 2062 939 2128 111.

349 2273 455 2340 10.
507 2271 567 2340 7.
600 2257 605 2264 ¹
644 2275 807 2355 „Per
872 2279 1165 2364 regiones
1224 2276 1419 2364 longo
1478 2279 1610 2343 itu
1672 2282 1989 2363 porrectas
2053 2279 2288 2344 sensim
2352 2275 2651 2364 gradiens

252 2381 444 2446 miles
488 2382 807 2448 inritatior
853 2383 932 2449 ad
980 2382 1397 2471 pugnandum
1449 2382 1632 2450 uelut
1681 2386 1947 2470 repertis
1992 2384 2277 2451 barbaris
2313 2385 2652 2449 minaciter

251 2487 705 2555 infrendebat.”

216 2658 221 2663 .
342 2594 611 2661 Editum
660 2601 757 2661 est
800 2597 931 2660 itu
978 2616 1055 2661 ex
1101 2598 1464 2663 coniectura
1512 2593 1788 2664 Gelenii.
1837 2596 1911 2663 In
1961 2596 2034 2664 V.
2083 2602 2181 2663 est
2234 2599 2455 2673 nitu;
2505 2617 2649 2662 sus-

252 2702 430 2785 picor
478 2700 712 2789 „longo
763 2707 989 2776 <tr>a
1007 2723 1041 2768 c
1055 2712 1084 2767 t
1101 2702 1215 2767 u.”

346 2905 381 2969 1
393 2901 453 2967 1.
504 2900 570 2967 2.
643 2902 931 2981 „Probus
1002 2908 1139 2969 erat
1207 2903 1529 2971 interdum
1601 2904 1871 2971 timidus
1934 2906 2013 2971 ad
2077 2905 2346 2972 audaces
2364 2952 2380 2982 ‚
2431 2910 2648 2970 contra

254 3009 516 3075 timidos
584 3009 830 3093 celsior,
904 3015 978 3075 ut
1047 3010 1391 3089 uideretur,
1464 3032 1612 3076 cum
1677 3012 1801 3079 sibi
1861 3010 2117 3091 fideret,
2183 3012 2223 3077 d
2242 3032 2275 3077 e
2337 3012 2645 3077 cothurno

252 3135 282 3178 s
298 3120 327 3179 t
343 3116 414 3181 ri
430 3114 471 3179 d
488 3136 521 3181 e
538 3138 571 3179 r
584 3136 619 3181 e
666 3118 910 3202 tragico
926 3166 944 3201 ‚
994 3120 1057 3181 et
1102 3116 1211 3181 ubi
1259 3124 1519 3200 paueret
1537 3164 1553 3194 ‚
1603 3137 1640 3182 o
1659 3139 1724 3181 m
1740 3140 1782 3182 ιι
1802 3120 1828 3181 i
1868 3117 2179 3183 humilior
2224 3116 2470 3183 soccO.'’

342 3220 625 3287 Verbum
689 3244 720 3287 s
738 3228 766 3285 t
779 3244 810 3285 r
827 3225 851 3288 i
868 3222 908 3287 d
926 3244 961 3287 e
977 3246 1007 3287 r
1024 3244 1058 3287 e
1120 3222 1386 3289 debetur
1447 3223 1943 3309 Eyssenhardtio
1959 3272 1978 3302 ,
2030 3245 2153 3309 quo
2202 3224 2483 3309 ineptius
2533 3226 2640 3288 uix

252 3328 600 3413 quidquam
648 3331 998 3415 excogitari
1048 3334 1274 3413 potest.
1340 3328 1413 3394 In
1461 3329 1535 3396 V.
1587 3337 1683 3397 est
1737 3331 1777 3396 d
1794 3353 1830 3395 e
1900 3353 1934 3397 c
1950 3352 1986 3397 o
2006 3337 2035 3396 t
2053 3352 2097 3395 u
2116 3353 2148 3396 r
2199 3354 2242 3396 n
2259 3352 2296 3396 o
2312 3352 2342 3395 s
2359 3336 2386 3394 t
2404 3332 2474 3395 ri
2535 3352 2567 3394 r
2582 3350 2646 3396 e·

253 3436 487 3523 cragi
537 3454 708 3520 quo.
765 3432 925 3501 Vera
962 3434 1153 3501 lectio
1178 3434 1436 3500 uidetur
1480 3456 1603 3513 „se
1651 3437 2062 3502 cothurno
2109 3439 2445 3524 erigere
2493 3442 2645 3501 tra-

251 3541 337 3625 gi
354 3559 388 3604 c
405 3560 443 3605 o
462 3586 479 3617 ‚
528 3546 592 3606 et
642 3540 752 3605 ubi
797 3546 1089 3624 paueret,
1144 3561 1177 3605 c
1194 3560 1231 3605 o
1250 3562 1317 3605 m
1336 3542 1359 3605 i
1377 3562 1410 3605 c
1427 3562 1463 3607 o
1508 3542 1820 3608 humilior
1868 3542 2112 3609 socco.”

345 3740 450 3804 11.
515 3738 553 3805 5
617 3740 695 3805 de
758 3740 979 3807 eodem
1028 3740 1236 3808 Probo
1282 3741 1437 3808 haec
1480 3742 1789 3831 leguntur
1837 3748 2264 3831 „suspiciosus
2314 3750 2530 3812 tamen
2578 3748 2643 3811 et

253 3848 607 3911 munitus
644 3852 867 3931 suopte
902 3848 1161 3934 ingenio
1202 3848 1328 3913 fuit
1367 3854 1449 3914 et
1486 3850 1937 3916 subamarum
1961 3851 2257 3917 adridens
2283 3851 2642 3917 blandiens-

252 3970 373 4035 que
416 3952 773 4036 interdum,
824 3960 897 4019 ut-
943 3959 1183 4019 noceat.
1232 3955 1297 4019 id
1347 3962 1562 4021 autem
1609 3958 2017 4041 perspicuum
2067 3963 2162 4023 est
2207 3960 2277 4023 in
2323 3956 2638 4023 eiusmodi

254 4059 535 4124 moribus
605 4058 893 4137 malum,
963 4065 1103 4125 tum
1168 4062 1451 4125 maxime
1504 4083 1656 4127 cum
1720 4061 1911 4127 celari
1969 4083 2150 4148 posse
2197 4066 2637 4141 existimatur;

254 4162 343 4227 ita
400 4164 830 4249 implacabilis
892 4171 958 4231 et
1005 4165 1316 4243 directus,
1370 4172 1445 4232 ut
1488 4170 1545 4232 si
1591 4167 1839 4235 laedere
1885 4190 2272 4255 quemquam
2319 4170 2637 4234 instituis·

256 4273 375 4346 set,
423 4291 537 4335 nec
584 4272 829 4336 exorari
870 4276 1086 4357 posset
1131 4293 1246 4337 nec
1292 4271 1372 4338 ad
1419 4273 1878 4360 ignoscendum
1927 4276 2241 4341 erroribus
2287 4272 2643 4340 inclinari.''

340 4374 483 4441 Nisi
551 4379 768 4443 omnia
835 4375 1102 4455 fallunt,
1172 4379 1278 4444 hic
1339 4378 1517 4445 locus
1581 4383 2078 4465 corruptissimis
2125 4380 2639 4447 annumerandus
