<?xml version="1.0" encoding="UTF-8"?>
<!DOCTYPE html PUBLIC "-//W3C//DTD XHTML 1.0 Transitional//EN"
    "http://www.w3.org/TR/xhtml1/DTD/xhtml1-transitional.dtd">
<html xmlns="http://www.w3.org/1999/xhtml" xml:lang="en" lang="en">
 <head>
  <title>
</title>
<meta http-equiv="Content-Type" content="text/html;charset=utf-8" />
  <meta name='ocr-system' content='tesseract 3.04.00' />
  <meta name='ocr-capabilities' content='ocr_page ocr_carea ocr_par ocr_line ocrx_word'/>
</head>
<body>
  <div class='ocr_page' id='page_1' title='image "./mnemosyne06servgoog_0485.png"; bbox 0 0 3150 5000; ppageno 0'>
   <div class='ocr_carea' id='block_1_1' title="bbox 1333 296 2718 366">
    <p class='ocr_par' dir='ltr' id='par_1_1' title="bbox 1333 296 2718 366">
     <span class='ocr_line' id='line_1_1' title="bbox 1333 296 2718 366; baseline 0.002 -3"><span class='ocrx_word' id='word_1_1' title='bbox 1333 313 1751 364; x_wconf 66' lang='lat' dir='ltr'><strong>mmmmm.</strong></span> <span class='ocrx_word' id='word_1_2' title='bbox 2250 308 2258 318; x_wconf 84' lang='lat'><strong><em>‘</em></strong></span> <span class='ocrx_word' id='word_1_3' title='bbox 2677 296 2718 366; x_wconf 84' lang='lat'><strong>5</strong></span> 
     </span>
    </p>
   </div>
   <div class='ocr_carea' id='block_1_2' title="bbox 352 478 2730 1525">
    <p class='ocr_par' dir='ltr' id='par_1_2' title="bbox 352 478 2720 661">
     <span class='ocr_line' id='line_1_2' title="bbox 440 478 2720 572; baseline 0.002 -27"><span class='ocrx_word' id='word_1_4' title='bbox 440 478 770 547; x_wconf 83' lang='lat' dir='ltr'><strong>Praeterea</strong></span> <span class='ocrx_word' id='word_1_5' title='bbox 816 502 1003 569; x_wconf 83' lang='lat' dir='ltr'><strong>aegre</strong></span> <span class='ocrx_word' id='word_1_6' title='bbox 1049 480 1332 547; x_wconf 87' lang='lat' dir='ltr'><strong>desidero</strong></span> <span class='ocrx_word' id='word_1_7' title='bbox 1378 480 1722 547; x_wconf 83' lang='lat' dir='ltr'><strong>articulum</strong></span> <span class='ocrx_word' id='word_1_8' title='bbox 1771 488 1835 547; x_wconf 92' lang='lat' dir='ltr'><strong><em>et</em></strong></span> <span class='ocrx_word' id='word_1_9' title='bbox 1881 483 2128 567; x_wconf 83' lang='lat' dir='ltr'>requiro</span> <span class='ocrx_word' id='word_1_10' title='bbox 2166 480 2304 547; x_wconf 81' lang='grc' dir='ltr'><strong><em>οὔτε</em></strong></span> <span class='ocrx_word' id='word_1_11' title='bbox 2349 483 2518 548; x_wconf 72' lang='grc' dir='ltr'><strong><em>κατὰ</em></strong></span> <span class='ocrx_word' id='word_1_12' title='bbox 2542 483 2720 572; x_wconf 73' lang='grc' dir='ltr'><strong><em>(τὰς)</em></strong></span> 
     </span>
     <span class='ocr_line' id='line_1_3' title="bbox 352 586 2296 661; baseline 0.002 -8"><span class='ocrx_word' id='word_1_13' title='bbox 352 586 584 661; x_wconf 74' lang='grc' dir='ltr'><strong><em>πύλας.</em></strong></span> <span class='ocrx_word' id='word_1_14' title='bbox 2291 592 2296 603; x_wconf 82' lang='grc'><em>“</em></span> 
     </span>
    </p>

    <p class='ocr_par' dir='ltr' id='par_1_3' title="bbox 354 692 2728 1205">
     <span class='ocr_line' id='line_1_4' title="bbox 440 692 2723 780; baseline 0.003 -23"><span class='ocrx_word' id='word_1_15' title='bbox 440 692 778 761; x_wconf 77' lang='lat' dir='ltr'><strong>Portarum</strong></span> <span class='ocrx_word' id='word_1_16' title='bbox 828 694 1252 760; x_wconf 84' lang='lat' dir='ltr'><strong>catarrhactae</strong></span> <span class='ocrx_word' id='word_1_17' title='bbox 1302 715 1425 760; x_wconf 89' lang='lat' dir='ltr'><strong><em>non</em></strong></span> <span class='ocrx_word' id='word_1_18' title='bbox 1472 693 1551 760; x_wconf 82' lang='lat' dir='ltr'><strong><em>ad</em></strong></span> <span class='ocrx_word' id='word_1_19' title='bbox 1599 694 1806 759; x_wconf 87' lang='lat' dir='ltr'><strong>solum</strong></span> <span class='ocrx_word' id='word_1_20' title='bbox 1852 715 2052 780; x_wconf 86' lang='lat' dir='ltr'><strong>usque</strong></span> <span class='ocrx_word' id='word_1_21' title='bbox 2092 695 2592 762; x_wconf 80' lang='lat' dir='ltr'><strong>demittebantur</strong></span> <span class='ocrx_word' id='word_1_22' title='bbox 2614 697 2723 763; x_wconf 86' lang='lat' dir='ltr'><strong><em>sed</em></strong></span> 
     </span>
     <span class='ocr_line' id='line_1_5' title="bbox 356 799 2724 887; baseline 0.002 -22"><span class='ocrx_word' id='word_1_23' title='bbox 356 799 435 865; x_wconf 85' lang='lat' dir='ltr'><strong><em>ab</em></strong></span> <span class='ocrx_word' id='word_1_24' title='bbox 480 799 699 867; x_wconf 84' lang='lat' dir='ltr'><strong>infima</strong></span> <span class='ocrx_word' id='word_1_25' title='bbox 745 806 922 886; x_wconf 86' lang='lat' dir='ltr'><strong>parte</strong></span> <span class='ocrx_word' id='word_1_26' title='bbox 968 799 1261 866; x_wconf 88' lang='lat' dir='ltr'><strong>nonnihil</strong></span> <span class='ocrx_word' id='word_1_27' title='bbox 1303 801 1624 887; x_wconf 86' lang='lat' dir='ltr'><strong>patebant.</strong></span> <span class='ocrx_word' id='word_1_28' title='bbox 1673 800 1750 865; x_wconf 86' lang='lat' dir='ltr'><strong>cf.</strong></span> <span class='ocrx_word' id='word_1_29' title='bbox 1800 821 1930 886; x_wconf 83' lang='lat' dir='ltr'><strong>cap.</strong></span> <span class='ocrx_word' id='word_1_30' title='bbox 1989 800 2088 867; x_wconf 90' lang='lat'><strong>10.</strong></span> <span class='ocrx_word' id='word_1_31' title='bbox 2142 800 2206 867; x_wconf 82' lang='lat'><strong>2.</strong></span> <span class='ocrx_word' id='word_1_32' title='bbox 2255 804 2340 883; x_wconf 78' lang='grc' dir='ltr'><strong><em>τῷ</em></strong></span> <span class='ocrx_word' id='word_1_33' title='bbox 2389 803 2451 868; x_wconf 78' lang='grc' dir='ltr'><strong><em>δὲ</em></strong></span> <span class='ocrx_word' id='word_1_34' title='bbox 2495 804 2724 871; x_wconf 83' lang='grc' dir='ltr'><strong><em>Κλέωνι</em></strong></span> 
     </span>
     <span class='ocr_line' id='line_1_6' title="bbox 364 904 2723 985; baseline 0.002 -14"><span class='ocrx_word' id='word_1_35' title='bbox 364 945 443 956; x_wconf 91' lang='grc'>-</span> <span class='ocrx_word' id='word_1_36' title='bbox 481 906 881 985; x_wconf 71' lang='grc' dir='ltr'><strong><em>ἀγγέλλεται</em></strong></span> <span class='ocrx_word' id='word_1_37' title='bbox 926 946 1007 956; x_wconf 92' lang='grc'>-</span> <span class='ocrx_word' id='word_1_38' title='bbox 1051 906 1137 972; x_wconf 73' lang='grc' dir='ltr'><strong><em>ὅτι</em></strong></span> <span class='ocrx_word' id='word_1_39' title='bbox 1181 945 1263 955; x_wconf 91' lang='grc'>-</span> <span class='ocrx_word' id='word_1_40' title='bbox 1305 907 1421 975; x_wconf 77' lang='grc' dir='ltr'><strong><em>ὑπὸ</em></strong></span> <span class='ocrx_word' id='word_1_41' title='bbox 1482 907 1602 978; x_wconf 72' lang='grc' dir='ltr'><strong><em>τὰς</em></strong></span> <span class='ocrx_word' id='word_1_42' title='bbox 1657 904 1865 980; x_wconf 77' lang='grc' dir='ltr'><strong><em>πύλας</em></strong></span> <span class='ocrx_word' id='word_1_43' title='bbox 1911 904 2112 973; x_wconf 78' lang='grc' dir='ltr'><strong><em>ἵππων</em></strong></span> <span class='ocrx_word' id='word_1_44' title='bbox 2159 933 2228 974; x_wconf 84' lang='grc' dir='ltr'><strong><em>τε</em></strong></span> <span class='ocrx_word' id='word_1_45' title='bbox 2278 909 2455 983; x_wconf 75' lang='grc' dir='ltr'><strong><em>πόδες</em></strong></span> <span class='ocrx_word' id='word_1_46' title='bbox 2505 910 2723 977; x_wconf 77' lang='grc' dir='ltr'><strong><em>πολλοὶ</em></strong></span> 
     </span>
     <span class='ocr_line' id='line_1_7' title="bbox 355 1012 2728 1101; baseline 0.002 -23"><span class='ocrx_word' id='word_1_47' title='bbox 355 1012 461 1079; x_wconf 78' lang='grc' dir='ltr'><strong><em>καὶ</em></strong></span> <span class='ocrx_word' id='word_1_48' title='bbox 525 1016 839 1093; x_wconf 71' lang='grc' dir='ltr'><strong><em>ἀνθρώπων</em></strong></span> <span class='ocrx_word' id='word_1_49' title='bbox 901 1015 977 1083; x_wconf 77' lang='grc' dir='ltr'><strong><em>ὥς</em></strong></span> <span class='ocrx_word' id='word_1_50' title='bbox 1042 1012 1311 1092; x_wconf 74' lang='grc' dir='ltr'><strong><em>ἐξιόντων</em></strong></span> <span class='ocrx_word' id='word_1_51' title='bbox 1363 1012 1823 1095; x_wconf 76' lang='grc' dir='ltr'><strong><em>ὑποφαίνονται.</em></strong></span> <span class='ocrx_word' id='word_1_52' title='bbox 1894 1014 2233 1101; x_wconf 77' lang='lat' dir='ltr'>Propterea</span> <span class='ocrx_word' id='word_1_53' title='bbox 2278 1022 2448 1082; x_wconf 87' lang='lat' dir='ltr'><strong>recte</strong></span> <span class='ocrx_word' id='word_1_54' title='bbox 2494 1017 2728 1082; x_wconf 84' lang='lat' dir='ltr'><strong>dicitur</strong></span> 
     </span>
     <span class='ocr_line' id='line_1_8' title="bbox 354 1119 2727 1205; baseline 0.003 -20"><span class='ocrx_word' id='word_1_55' title='bbox 354 1138 739 1205; x_wconf 82' lang='lat' dir='ltr'><strong>quamquam</strong></span> <span class='ocrx_word' id='word_1_56' title='bbox 780 1120 1011 1186; x_wconf 84' lang='lat' dir='ltr'><strong>clausis</strong></span> <span class='ocrx_word' id='word_1_57' title='bbox 1049 1122 1249 1205; x_wconf 86' lang='lat' dir='ltr'><strong>portis</strong></span> <span class='ocrx_word' id='word_1_58' title='bbox 1288 1120 1584 1185; x_wconf 82' lang='lat' dir='ltr'><strong>omnibus</strong></span> <span class='ocrx_word' id='word_1_59' title='bbox 1625 1119 1812 1192; x_wconf 77' lang='grc' dir='ltr'><strong><em>οὐδεὶς</em></strong></span> <span class='ocrx_word' id='word_1_60' title='bbox 1841 1120 2130 1201; x_wconf 82' lang='grc' dir='ltr'><strong><em>ἐφαίνετο</em></strong></span> <span class='ocrx_word' id='word_1_61' title='bbox 2156 1123 2326 1187; x_wconf 75' lang='grc' dir='ltr'><strong><em>κατὰ</em></strong></span> <span class='ocrx_word' id='word_1_62' title='bbox 2349 1122 2466 1195; x_wconf 69' lang='grc' dir='ltr'><strong><em>τὰς</em></strong></span> <span class='ocrx_word' id='word_1_63' title='bbox 2494 1121 2727 1196; x_wconf 76' lang='grc' dir='ltr'><strong><em>πύλας.</em></strong></span> 
     </span>
    </p>

    <p class='ocr_par' dir='ltr' id='par_1_4' title="bbox 355 1225 2730 1525">
     <span class='ocr_line' id='line_1_9' title="bbox 445 1225 2728 1321; baseline 0.002 -30"><span class='ocrx_word' id='word_1_64' title='bbox 445 1226 587 1313; x_wconf 85' lang='lat' dir='ltr'><strong>Ipsa</strong></span> <span class='ocrx_word' id='word_1_65' title='bbox 634 1230 1006 1313; x_wconf 77' lang='lat' dir='ltr'><strong>compositio</strong></span> <span class='ocrx_word' id='word_1_66' title='bbox 1044 1225 1169 1321; x_wconf 88' lang='lat' dir='ltr'><strong>loci</strong></span> <span class='ocrx_word' id='word_1_67' title='bbox 1206 1226 1326 1292; x_wconf 72' lang='grc' dir='ltr'><strong><em>οὐδ’</em></strong></span> <span class='ocrx_word' id='word_1_68' title='bbox 1353 1226 1643 1305; x_wconf 78' lang='grc' dir='ltr'><strong><em>ἐφαίνετο</em></strong></span> <span class='ocrx_word' id='word_1_69' title='bbox 1684 1225 1824 1291; x_wconf 83' lang='grc' dir='ltr'><strong><em>οὔτε</em></strong></span> <span class='ocrx_word' id='word_1_70' title='bbox 1853 1265 1935 1275; x_wconf 91' lang='grc'>-</span> <span class='ocrx_word' id='word_1_71' title='bbox 1963 1226 2240 1293; x_wconf 78' lang='lat' dir='ltr'><strong>declarat</strong></span> <span class='ocrx_word' id='word_1_72' title='bbox 2277 1229 2728 1315; x_wconf 78' lang='lat' dir='ltr'><strong>interpolatum</strong></span> 
     </span>
     <span class='ocr_line' id='line_1_10' title="bbox 355 1332 2730 1419; baseline 0.002 -21"><span class='ocrx_word' id='word_1_73' title='bbox 355 1353 489 1400; x_wconf 86' lang='lat' dir='ltr'><strong>esse</strong></span> <span class='ocrx_word' id='word_1_74' title='bbox 536 1332 693 1417; x_wconf 69' lang='grc' dir='ltr'><strong><em>ἐξῄει</em></strong></span> <span class='ocrx_word' id='word_1_75' title='bbox 717 1382 733 1413; x_wconf 91' lang='grc'>,</span> <span class='ocrx_word' id='word_1_76' title='bbox 780 1334 946 1419; x_wconf 91' lang='lat' dir='ltr'><strong>quod</strong></span> <span class='ocrx_word' id='word_1_77' title='bbox 995 1336 1050 1399; x_wconf 85' lang='lat' dir='ltr'><strong><em>si</em></strong></span> <span class='ocrx_word' id='word_1_78' title='bbox 1089 1338 1253 1399; x_wconf 84' lang='lat' dir='ltr'><strong>esset</strong></span> <span class='ocrx_word' id='word_1_79' title='bbox 1299 1332 1590 1398; x_wconf 84' lang='lat' dir='ltr'><strong>additum</strong></span> <span class='ocrx_word' id='word_1_80' title='bbox 1637 1332 1813 1399; x_wconf 87' lang='lat' dir='ltr'><strong>locus</strong></span> <span class='ocrx_word' id='word_1_81' title='bbox 1853 1335 1942 1399; x_wconf 87' lang='lat' dir='ltr'><strong><em>sic</em></strong></span> <span class='ocrx_word' id='word_1_82' title='bbox 1980 1334 2356 1400; x_wconf 84' lang='lat' dir='ltr'><strong>conformari</strong></span> <span class='ocrx_word' id='word_1_83' title='bbox 2379 1333 2730 1403; x_wconf 77' lang='lat' dir='ltr'><strong>debuisset:</strong></span> 
     </span>
     <span class='ocr_line' id='line_1_11' title="bbox 356 1439 2488 1525; baseline 0 -19"><span class='ocrx_word' id='word_1_84' title='bbox 356 1442 461 1506; x_wconf 75' lang='grc' dir='ltr'><strong><em>καὶ</em></strong></span> <span class='ocrx_word' id='word_1_85' title='bbox 512 1442 637 1523; x_wconf 75' lang='grc' dir='ltr'><strong><em>γὰρ</em></strong></span> <span class='ocrx_word' id='word_1_86' title='bbox 684 1441 811 1507; x_wconf 76' lang='grc' dir='ltr'><strong><em>οὔτ’</em></strong></span> <span class='ocrx_word' id='word_1_87' title='bbox 859 1441 958 1506; x_wconf 76' lang='grc' dir='ltr'><strong><em>ἐπ’)</em></strong></span> <span class='ocrx_word' id='word_1_88' title='bbox 1007 1445 1114 1505; x_wconf 85' lang='grc' dir='ltr'><strong><em>τοῦ</em></strong></span> <span class='ocrx_word' id='word_1_89' title='bbox 1161 1440 1409 1521; x_wconf 78' lang='grc' dir='ltr'><strong><em>τείχους</em></strong></span> <span class='ocrx_word' id='word_1_90' title='bbox 1458 1440 1648 1513; x_wconf 76' lang='grc' dir='ltr'><strong><em>οὐδεὶς</em></strong></span> <span class='ocrx_word' id='word_1_91' title='bbox 1697 1440 1987 1521; x_wconf 82' lang='grc' dir='ltr'><strong><em>ἐφαίνετο</em></strong></span> <span class='ocrx_word' id='word_1_92' title='bbox 2035 1439 2173 1505; x_wconf 83' lang='grc' dir='ltr'><strong><em>οὔτε</em></strong></span> <span class='ocrx_word' id='word_1_93' title='bbox 2204 1478 2283 1490; x_wconf 93' lang='lat'><em>-</em></span> <span class='ocrx_word' id='word_1_94' title='bbox 2310 1439 2488 1525; x_wconf 73' lang='grc' dir='ltr'><strong><em>ἐξῄει.</em></strong></span> 
     </span>
    </p>
   </div>
   <div class='ocr_carea' id='block_1_3' title="bbox 355 1648 2739 2589">
    <p class='ocr_par' dir='ltr' id='par_1_5' title="bbox 355 1648 2734 2143">
     <span class='ocr_line' id='line_1_12' title="bbox 446 1648 2732 1741; baseline 0 -22"><span class='ocrx_word' id='word_1_95' title='bbox 446 1652 735 1741; x_wconf 75' lang='lat' dir='ltr'><strong>Thucyd.</strong></span> <span class='ocrx_word' id='word_1_96' title='bbox 785 1650 860 1718; x_wconf 88' lang='lat' dir='ltr'><strong><em>V.</em></strong></span> <span class='ocrx_word' id='word_1_97' title='bbox 912 1651 973 1718; x_wconf 89' lang='lat'><strong><em>7.</em></strong></span> <span class='ocrx_word' id='word_1_98' title='bbox 1024 1651 1088 1717; x_wconf 83' lang='lat'><strong>5.</strong></span> <span class='ocrx_word' id='word_1_99' title='bbox 1150 1650 1267 1721; x_wconf 77' lang='grc' dir='ltr'><strong><em>ὥςε</em></strong></span> <span class='ocrx_word' id='word_1_100' title='bbox 1328 1652 1431 1717; x_wconf 74' lang='grc' dir='ltr'><strong><em>καὶ</em></strong></span> <span class='ocrx_word' id='word_1_101' title='bbox 1498 1652 1799 1734; x_wconf 69' lang='grc' dir='ltr'><strong><em>μηχανὰς</em></strong></span> <span class='ocrx_word' id='word_1_102' title='bbox 1862 1648 1954 1717; x_wconf 74' lang='grc' dir='ltr'><strong><em>ὅτι</em></strong></span> <span class='ocrx_word' id='word_1_103' title='bbox 2021 1654 2084 1719; x_wconf 83' lang='grc' dir='ltr'><strong><em>οὐ</em></strong></span> <span class='ocrx_word' id='word_1_104' title='bbox 2149 1653 2507 1728; x_wconf 82' lang='grc' dir='ltr'><strong><em>ΚΑΤῆλθεν</em></strong></span> <span class='ocrx_word' id='word_1_105' title='bbox 2571 1652 2732 1738; x_wconf 78' lang='grc' dir='ltr'><strong><em>ἔχων</em></strong></span> 
     </span>
     <span class='ocr_line' id='line_1_13' title="bbox 355 1757 2734 1845; baseline 0 -19"><span class='ocrx_word' id='word_1_106' title='bbox 355 1761 660 1839; x_wconf 75' lang='grc' dir='ltr'><strong><em>οἱμαρτεῖν</em></strong></span> <span class='ocrx_word' id='word_1_107' title='bbox 708 1758 915 1825; x_wconf 76' lang='grc' dir='ltr'><strong><em>ἐδόκει.</em></strong></span> <span class='ocrx_word' id='word_1_108' title='bbox 988 1758 1166 1839; x_wconf 86' lang='lat' dir='ltr'><strong>Quod</strong></span> <span class='ocrx_word' id='word_1_109' title='bbox 1224 1765 1533 1845; x_wconf 86' lang='lat' dir='ltr'><strong>reponunt</strong></span> <span class='ocrx_word' id='word_1_110' title='bbox 1581 1762 1686 1824; x_wconf 78' lang='grc' dir='ltr'><strong><em>οὐκ</em></strong></span> <span class='ocrx_word' id='word_1_111' title='bbox 1735 1759 1991 1834; x_wconf 68' lang='grc' dir='ltr'><strong><em>ἀνῆλθεν</em></strong></span> <span class='ocrx_word' id='word_1_112' title='bbox 2039 1757 2200 1841; x_wconf 76' lang='grc' dir='ltr'><strong><em>ἔχων</em></strong></span> <span class='ocrx_word' id='word_1_113' title='bbox 2249 1759 2452 1827; x_wconf 89' lang='lat' dir='ltr'><strong>nihilo</strong></span> <span class='ocrx_word' id='word_1_114' title='bbox 2501 1761 2734 1827; x_wconf 79' lang='lat' dir='ltr'><strong>melius</strong></span> 
     </span>
     <span class='ocr_line' id='line_1_14' title="bbox 355 1860 2734 1953; baseline 0.001 -22"><span class='ocrx_word' id='word_1_115' title='bbox 355 1872 453 1931; x_wconf 84' lang='lat' dir='ltr'><strong><em>est</em></strong></span> <span class='ocrx_word' id='word_1_116' title='bbox 499 1885 691 1951; x_wconf 85' lang='lat' dir='ltr'><strong>quam</strong></span> <span class='ocrx_word' id='word_1_117' title='bbox 739 1864 1023 1953; x_wconf 78' lang='lat' dir='ltr'><strong>vulgata.</strong></span> <span class='ocrx_word' id='word_1_118' title='bbox 1096 1864 1416 1930; x_wconf 78' lang='lat' dir='ltr'><strong>Eruenda:</strong></span> <span class='ocrx_word' id='word_1_119' title='bbox 1475 1868 1595 1930; x_wconf 78' lang='grc' dir='ltr'><strong><em>οὐΚ</em></strong></span> <span class='ocrx_word' id='word_1_120' title='bbox 1633 1860 1885 1931; x_wconf 85' lang='grc' dir='ltr'><strong><em>ἯΛθεν</em></strong></span> <span class='ocrx_word' id='word_1_121' title='bbox 1931 1863 2093 1945; x_wconf 82' lang='grc' dir='ltr'><strong><em>ἔχων</em></strong></span> <span class='ocrx_word' id='word_1_122' title='bbox 2138 1888 2328 1930; x_wconf 73' lang='lat' dir='ltr'><strong>secum</strong></span> <span class='ocrx_word' id='word_1_123' title='bbox 2376 1868 2614 1946; x_wconf 72' lang='lat' dir='ltr'><strong><em>attulit,</em></strong></span> <span class='ocrx_word' id='word_1_124' title='bbox 2659 1874 2734 1933; x_wconf 86' lang='lat' dir='ltr'><strong><em>ut</em></strong></span> 
     </span>
     <span class='ocr_line' id='line_1_15' title="bbox 356 1969 2730 2058; baseline -0 -21"><span class='ocrx_word' id='word_1_125' title='bbox 356 1992 545 2058; x_wconf 84' lang='lat' dir='ltr'><strong>supra</strong></span> <span class='ocrx_word' id='word_1_126' title='bbox 591 1969 833 2055; x_wconf 79' lang='lat' dir='ltr'><strong>aliquot</strong></span> <span class='ocrx_word' id='word_1_127' title='bbox 879 1970 1189 2057; x_wconf 83' lang='lat' dir='ltr'><strong>exemplis</strong></span> <span class='ocrx_word' id='word_1_128' title='bbox 1236 1971 1645 2037; x_wconf 84' lang='lat' dir='ltr'><strong>ostendimus.</strong></span> <span class='ocrx_word' id='word_1_129' title='bbox 1696 1969 2102 2038; x_wconf 83' lang='lat' dir='ltr'><strong>Contrarium</strong></span> <span class='ocrx_word' id='word_1_130' title='bbox 2145 1978 2240 2037; x_wconf 88' lang='lat' dir='ltr'><strong><em>est</em></strong></span> <span class='ocrx_word' id='word_1_131' title='bbox 2265 1971 2510 2055; x_wconf 73' lang='grc' dir='ltr'><strong><em>οἴχεται</em></strong></span> <span class='ocrx_word' id='word_1_132' title='bbox 2537 1973 2730 2057; x_wconf 80' lang='grc' dir='ltr'><strong><em>ἔχων,</em></strong></span> 
     </span>
     <span class='ocr_line' id='line_1_16' title="bbox 358 2078 1313 2143; baseline -0.002 0"><span class='ocrx_word' id='word_1_133' title='bbox 358 2078 605 2143; x_wconf 71' lang='lat' dir='ltr'><strong><em>abstulit</em></strong></span> <span class='ocrx_word' id='word_1_134' title='bbox 653 2083 765 2142; x_wconf 83' lang='lat' dir='ltr'><strong><em>aut</em></strong></span> <span class='ocrx_word' id='word_1_135' title='bbox 810 2078 1059 2140; x_wconf 71' lang='lat' dir='ltr'><strong><em>abduxit</em></strong></span> <span class='ocrx_word' id='word_1_136' title='bbox 1104 2099 1313 2141; x_wconf 71' lang='lat' dir='ltr'><strong>secum.</strong></span> 
     </span>
    </p>

    <p class='ocr_par' dir='ltr' id='par_1_6' title="bbox 357 2182 2739 2589">
     <span class='ocr_line' id='line_1_17' title="bbox 450 2182 2739 2271; baseline 0.001 -24"><span class='ocrx_word' id='word_1_137' title='bbox 450 2182 779 2249; x_wconf 77' lang='lat' dir='ltr'><strong>Praeterea</strong></span> <span class='ocrx_word' id='word_1_138' title='bbox 828 2203 947 2248; x_wconf 90' lang='lat' dir='ltr'><strong><em>non</em></strong></span> <span class='ocrx_word' id='word_1_139' title='bbox 997 2183 1289 2248; x_wconf 80' lang='lat' dir='ltr'><strong>dicebant</strong></span> <span class='ocrx_word' id='word_1_140' title='bbox 1333 2182 1542 2248; x_wconf 90' lang='lat' dir='ltr'><strong>Attici</strong></span> <span class='ocrx_word' id='word_1_141' title='bbox 1587 2184 1905 2249; x_wconf 76' lang='grc' dir='ltr'><strong><em>κατελθεῖν</em></strong></span> <span class='ocrx_word' id='word_1_142' title='bbox 1960 2189 2023 2249; x_wconf 88' lang='lat' dir='ltr'><strong><em>et</em></strong></span> <span class='ocrx_word' id='word_1_143' title='bbox 2068 2185 2342 2250; x_wconf 70' lang='grc' dir='ltr'><strong><em>ἀνελθεῖν</em></strong></span> <span class='ocrx_word' id='word_1_144' title='bbox 2388 2205 2501 2271; x_wconf 88' lang='lat' dir='ltr'><strong><em>pro</em></strong></span> <span class='ocrx_word' id='word_1_145' title='bbox 2541 2209 2739 2250; x_wconf 84' lang='grc' dir='ltr'><strong><em>κατα·</em></strong></span> 
     </span>
     <span class='ocr_line' id='line_1_18' title="bbox 357 2287 2738 2375; baseline 0.002 -23"><span class='ocrx_word' id='word_1_146' title='bbox 357 2288 545 2368; x_wconf 76' lang='grc' dir='ltr'><strong><em>βῆναι</em></strong></span> <span class='ocrx_word' id='word_1_147' title='bbox 593 2296 657 2354; x_wconf 89' lang='lat' dir='ltr'><strong><em>et</em></strong></span> <span class='ocrx_word' id='word_1_148' title='bbox 701 2288 1036 2367; x_wconf 72' lang='grc' dir='ltr'><strong><em>ἀναβῆναι.</em></strong></span> <span class='ocrx_word' id='word_1_149' title='bbox 1084 2287 1181 2355; x_wconf 85' lang='lat' dir='ltr'><strong>Cf.</strong></span> <span class='ocrx_word' id='word_1_150' title='bbox 1209 2310 1340 2375; x_wconf 84' lang='lat' dir='ltr'><strong>cap.</strong></span> <span class='ocrx_word' id='word_1_151' title='bbox 1370 2288 1431 2353; x_wconf 88' lang='grc'><strong><em>6.</em></strong></span> <span class='ocrx_word' id='word_1_152' title='bbox 1471 2288 1529 2355; x_wconf 86' lang='lat'><strong>3.</strong></span> <span class='ocrx_word' id='word_1_153' title='bbox 1574 2290 1674 2354; x_wconf 76' lang='grc' dir='ltr'><strong><em>ἐπὶ</em></strong></span> <span class='ocrx_word' id='word_1_154' title='bbox 1715 2292 1823 2365; x_wconf 71' lang='grc' dir='ltr'><strong><em>τὴν</em></strong></span> <span class='ocrx_word' id='word_1_155' title='bbox 1863 2288 2249 2368; x_wconf 77' lang='grc' dir='ltr'><strong><em>Ἀμφίπολιν</em></strong></span> <span class='ocrx_word' id='word_1_156' title='bbox 2290 2292 2738 2370; x_wconf 68' lang='grc' dir='ltr'><strong><em>ἀναβήσεσθαι.</em></strong></span> 
     </span>
     <span class='ocr_line' id='line_1_19' title="bbox 359 2376 2738 2477; baseline 0.001 -16"><span class='ocrx_word' id='word_1_157' title='bbox 359 2402 425 2461; x_wconf 84' lang='lat' dir='ltr'><strong><em>et</em></strong></span> <span class='ocrx_word' id='word_1_158' title='bbox 472 2396 532 2461; x_wconf 87' lang='lat'><strong>¹7.</strong></span> <span class='ocrx_word' id='word_1_159' title='bbox 585 2394 644 2461; x_wconf 87' lang='lat'><strong><em>3.</em></strong></span> <span class='ocrx_word' id='word_1_160' title='bbox 696 2376 864 2460; x_wconf 64' lang='grc' dir='ltr'><strong><em>κατὰ</em></strong></span> <span class='ocrx_word' id='word_1_161' title='bbox 911 2396 1052 2461; x_wconf 80' lang='grc' dir='ltr'><strong><em>θέαν</em></strong></span> <span class='ocrx_word' id='word_1_162' title='bbox 1098 2392 1219 2471; x_wconf 72' lang='grc' dir='ltr'><strong><em>ἔφη</em></strong></span> <span class='ocrx_word' id='word_1_163' title='bbox 1266 2396 1629 2463; x_wconf 72' lang='grc' dir='ltr'><strong><em>ἀναβαίνειν</em></strong></span> <span class='ocrx_word' id='word_1_164' title='bbox 1676 2398 1782 2461; x_wconf 78' lang='grc' dir='ltr'><strong><em>τοῦ</em></strong></span> <span class='ocrx_word' id='word_1_165' title='bbox 1830 2395 2072 2477; x_wconf 82' lang='grc' dir='ltr'><strong><em>χωρίου.</em></strong></span> <span class='ocrx_word' id='word_1_166' title='bbox 2119 2402 2186 2461; x_wconf 88' lang='lat' dir='ltr'><strong><em>et</em></strong></span> <span class='ocrx_word' id='word_1_167' title='bbox 2233 2396 2296 2463; x_wconf 88' lang='lat'><strong><em>8.</em></strong></span> <span class='ocrx_word' id='word_1_168' title='bbox 2338 2398 2395 2471; x_wconf 78' lang='lat' dir='ltr'><strong>l.</strong></span> <span class='ocrx_word' id='word_1_169' title='bbox 2436 2398 2738 2477; x_wconf 72' lang='grc' dir='ltr'><strong><em>καταβὰς</em></strong></span> 
     </span>
     <span class='ocr_line' id='line_1_20' title="bbox 361 2503 1730 2589; baseline 0 -21"><span class='ocrx_word' id='word_1_170' title='bbox 361 2503 486 2568; x_wconf 72' lang='grc' dir='ltr'><strong><em>ἀπὸ</em></strong></span> <span class='ocrx_word' id='word_1_171' title='bbox 532 2507 638 2568; x_wconf 75' lang='grc' dir='ltr'><strong><em>τοῦ</em></strong></span> <span class='ocrx_word' id='word_1_172' title='bbox 688 2504 1044 2581; x_wconf 76' lang='grc' dir='ltr'><strong><em>Κερδυλίου,</em></strong></span> <span class='ocrx_word' id='word_1_173' title='bbox 1093 2507 1285 2588; x_wconf 79' lang='lat' dir='ltr'><strong>atque</strong></span> <span class='ocrx_word' id='word_1_174' title='bbox 1330 2504 1423 2568; x_wconf 80' lang='lat' dir='ltr'><strong><em>ita</em></strong></span> <span class='ocrx_word' id='word_1_175' title='bbox 1470 2505 1730 2589; x_wconf 74' lang='lat' dir='ltr'><strong>passim.</strong></span> 
     </span>
    </p>
   </div>
   <div class='ocr_carea' id='block_1_4' title="bbox 358 2713 2743 3229">
    <p class='ocr_par' dir='ltr' id='par_1_7' title="bbox 358 2713 2743 3229">
     <span class='ocr_line' id='line_1_21' title="bbox 451 2713 2742 2805; baseline 0 -21"><span class='ocrx_word' id='word_1_176' title='bbox 451 2717 742 2805; x_wconf 80' lang='lat' dir='ltr'><strong>Thucyd.</strong></span> <span class='ocrx_word' id='word_1_177' title='bbox 792 2717 865 2784; x_wconf 89' lang='lat' dir='ltr'><strong><em>V.</em></strong></span> <span class='ocrx_word' id='word_1_178' title='bbox 916 2715 980 2784; x_wconf 89' lang='grc'><strong><em>8.</em></strong></span> <span class='ocrx_word' id='word_1_179' title='bbox 1031 2715 1094 2783; x_wconf 87' lang='grc'><strong><em>3.</em></strong></span> <span class='ocrx_word' id='word_1_180' title='bbox 1160 2719 1279 2782; x_wconf 81' lang='grc' dir='ltr'><strong><em>τῶν</em></strong></span> <span class='ocrx_word' id='word_1_181' title='bbox 1342 2718 1468 2797; x_wconf 70' lang='grc' dir='ltr'><strong><em>γὰρ</em></strong></span> <span class='ocrx_word' id='word_1_182' title='bbox 1536 2715 1868 2790; x_wconf 72' lang='grc' dir='ltr'><strong><em>Ἀθηναίων</em></strong></span> <span class='ocrx_word' id='word_1_183' title='bbox 1931 2713 2076 2797; x_wconf 73' lang='grc' dir='ltr'><strong><em>ὅπερ</em></strong></span> <span class='ocrx_word' id='word_1_184' title='bbox 2133 2716 2423 2797; x_wconf 74' lang='grc' dir='ltr'><strong><em>ἐςροέτευε</em></strong></span> <span class='ocrx_word' id='word_1_185' title='bbox 2483 2722 2742 2799; x_wconf 77' lang='grc' dir='ltr'><strong><em>καθαρὸν</em></strong></span> 
     </span>
     <span class='ocr_line' id='line_1_22' title="bbox 363 2819 2743 2904; baseline 0.003 -17"><span class='ocrx_word' id='word_1_186' title='bbox 363 2823 627 2902; x_wconf 76' lang='grc' dir='ltr'><strong><em>ἐξῆλθεν.</em></strong></span> <span class='ocrx_word' id='word_1_187' title='bbox 701 2823 883 2904; x_wconf 84' lang='lat' dir='ltr'><strong>Quod</strong></span> <span class='ocrx_word' id='word_1_188' title='bbox 929 2824 1170 2889; x_wconf 89' lang='lat' dir='ltr'><strong>dudum</strong></span> <span class='ocrx_word' id='word_1_189' title='bbox 1221 2828 1606 2890; x_wconf 85' lang='lat' dir='ltr'><strong>conieceram</strong></span> <span class='ocrx_word' id='word_1_190' title='bbox 1657 2819 1718 2901; x_wconf 75' lang='grc' dir='ltr'><strong><em>ὅ,</em></strong></span> <span class='ocrx_word' id='word_1_191' title='bbox 1772 2847 1830 2887; x_wconf 88' lang='grc' dir='ltr'><strong><em>τι</em></strong></span> <span class='ocrx_word' id='word_1_192' title='bbox 1877 2847 1988 2902; x_wconf 78' lang='grc' dir='ltr'><strong><em>περ</em></strong></span> <span class='ocrx_word' id='word_1_193' title='bbox 2036 2824 2295 2903; x_wconf 77' lang='grc' dir='ltr'><strong><em>καθαρὸν</em></strong></span> <span class='ocrx_word' id='word_1_194' title='bbox 2347 2823 2599 2901; x_wconf 76' lang='grc' dir='ltr'><strong><em>ἐξῆλθεν</em></strong></span> <span class='ocrx_word' id='word_1_195' title='bbox 2639 2848 2743 2893; x_wconf 82' lang='lat' dir='ltr'><strong>ex·-</strong></span> 
     </span>
     <span class='ocr_line' id='line_1_23' title="bbox 358 2929 2743 3017; baseline 0.002 -22"><span class='ocrx_word' id='word_1_196' title='bbox 358 2937 595 3017; x_wconf 87' lang='lat' dir='ltr'><strong>puncto</strong></span> <span class='ocrx_word' id='word_1_197' title='bbox 657 2930 979 3011; x_wconf 76' lang='grc' dir='ltr'><strong><em>ἕςροέτευε,</em></strong></span> <span class='ocrx_word' id='word_1_198' title='bbox 1045 2930 1230 2996; x_wconf 80' lang='lat' dir='ltr'><strong>video</strong></span> <span class='ocrx_word' id='word_1_199' title='bbox 1290 2931 1462 2996; x_wconf 84' lang='lat' dir='ltr'><strong>idem</strong></span> <span class='ocrx_word' id='word_1_200' title='bbox 1526 2929 1952 2995; x_wconf 86' lang='lat' dir='ltr'><strong>Herwerdeno</strong></span> <span class='ocrx_word' id='word_1_201' title='bbox 2014 2932 2082 2995; x_wconf 89' lang='lat' dir='ltr'><strong><em>in</em></strong></span> <span class='ocrx_word' id='word_1_202' title='bbox 2130 2939 2410 2996; x_wconf 88' lang='lat' dir='ltr'><strong><em>mentem</em></strong></span> <span class='ocrx_word' id='word_1_203' title='bbox 2459 2935 2743 2999; x_wconf 81' lang='lat' dir='ltr'><strong>venisse:</strong></span> 
     </span>
     <span class='ocr_line' id='line_1_24' title="bbox 360 3030 2739 3118; baseline 0 -16"><span class='ocrx_word' id='word_1_204' title='bbox 360 3034 428 3115; x_wconf 72' lang='grc' dir='ltr'><strong><em>ὅ,</em></strong></span> <span class='ocrx_word' id='word_1_205' title='bbox 475 3061 533 3101; x_wconf 88' lang='grc' dir='ltr'><strong><em>τι</em></strong></span> <span class='ocrx_word' id='word_1_206' title='bbox 581 3062 693 3116; x_wconf 76' lang='grc' dir='ltr'><strong><em>περ</em></strong></span> <span class='ocrx_word' id='word_1_207' title='bbox 743 3035 999 3115; x_wconf 78' lang='grc' dir='ltr'><strong><em>καθαρόν</em></strong></span> <span class='ocrx_word' id='word_1_208' title='bbox 1047 3036 1281 3101; x_wconf 83' lang='lat' dir='ltr'><strong>dicitur</strong></span> <span class='ocrx_word' id='word_1_209' title='bbox 1327 3042 1400 3100; x_wconf 84' lang='lat' dir='ltr'><strong><em>ut</em></strong></span> <span class='ocrx_word' id='word_1_210' title='bbox 1462 3030 1526 3114; x_wconf 74' lang='grc' dir='ltr'><strong><em>ὅ,</em></strong></span> <span class='ocrx_word' id='word_1_211' title='bbox 1578 3059 1638 3100; x_wconf 92' lang='grc' dir='ltr'><strong><em>τι</em></strong></span> <span class='ocrx_word' id='word_1_212' title='bbox 1691 3059 1801 3115; x_wconf 77' lang='grc' dir='ltr'><strong><em>περ</em></strong></span> <span class='ocrx_word' id='word_1_213' title='bbox 1849 3033 2109 3116; x_wconf 73' lang='grc' dir='ltr'><strong><em>ὄφελος,</em></strong></span> <span class='ocrx_word' id='word_1_214' title='bbox 2155 3035 2216 3116; x_wconf 76' lang='grc' dir='ltr'><strong><em>δ’,</em></strong></span> <span class='ocrx_word' id='word_1_215' title='bbox 2265 3061 2323 3102; x_wconf 88' lang='grc' dir='ltr'><strong><em>τι</em></strong></span> <span class='ocrx_word' id='word_1_216' title='bbox 2372 3061 2482 3118; x_wconf 75' lang='grc' dir='ltr'><strong><em>περ</em></strong></span> <span class='ocrx_word' id='word_1_217' title='bbox 2529 3036 2739 3118; x_wconf 75' lang='grc' dir='ltr'><strong><em>ἄνθος,</em></strong></span> 
     </span>
     <span class='ocr_line' id='line_1_25' title="bbox 362 3141 1754 3229; baseline -0.003 -19"><span class='ocrx_word' id='word_1_218' title='bbox 362 3144 444 3210; x_wconf 87' lang='lat' dir='ltr'><strong><em>de</em></strong></span> <span class='ocrx_word' id='word_1_219' title='bbox 490 3145 721 3229; x_wconf 85' lang='lat' dir='ltr'><strong>quibus</strong></span> <span class='ocrx_word' id='word_1_220' title='bbox 766 3163 957 3229; x_wconf 83' lang='lat' dir='ltr'><strong>supra</strong></span> <span class='ocrx_word' id='word_1_221' title='bbox 998 3141 1243 3228; x_wconf 85' lang='lat' dir='ltr'><strong>aliquid</strong></span> <span class='ocrx_word' id='word_1_222' title='bbox 1292 3143 1754 3208; x_wconf 77' lang='lat' dir='ltr'><strong>annotavimus.</strong></span> 
     </span>
    </p>
   </div>
   <div class='ocr_carea' id='block_1_5' title="bbox 366 3355 2747 3763">
    <p class='ocr_par' dir='ltr' id='par_1_8' title="bbox 366 3355 2747 3763">
     <span class='ocr_line' id='line_1_26' title="bbox 458 3355 2747 3445; baseline 0 -21"><span class='ocrx_word' id='word_1_223' title='bbox 458 3356 745 3445; x_wconf 82' lang='lat' dir='ltr'><strong>Thucyd.</strong></span> <span class='ocrx_word' id='word_1_224' title='bbox 796 3355 867 3421; x_wconf 72' lang='lat' dir='ltr'><strong>V.</strong></span> <span class='ocrx_word' id='word_1_225' title='bbox 922 3357 987 3422; x_wconf 89' lang='grc'><strong><em>9.</em></strong></span> <span class='ocrx_word' id='word_1_226' title='bbox 1038 3355 1100 3423; x_wconf 90' lang='grc'><strong><em>6.</em></strong></span> <span class='ocrx_word' id='word_1_227' title='bbox 1161 3361 1266 3422; x_wconf 82' lang='grc' dir='ltr'><strong><em>τοῦ</em></strong></span> <span class='ocrx_word' id='word_1_228' title='bbox 1332 3355 1666 3422; x_wconf 74' lang='grc' dir='ltr'><strong><em>ὑπαπιέναι</em></strong></span> <span class='ocrx_word' id='word_1_229' title='bbox 1715 3357 1900 3422; x_wconf 85' lang='grc' dir='ltr'><strong><em>πλέον</em></strong></span> <span class='ocrx_word' id='word_1_230' title='bbox 1949 3357 1983 3434; x_wconf 76' lang='grc' dir='ltr'><em>ἢ</em></span> <span class='ocrx_word' id='word_1_231' title='bbox 2033 3363 2139 3423; x_wconf 82' lang='grc' dir='ltr'><strong><em>τοῦ</em></strong></span> <span class='ocrx_word' id='word_1_232' title='bbox 2187 3358 2501 3438; x_wconf 80' lang='grc' dir='ltr'><strong><em>μένοντος,</em></strong></span> <span class='ocrx_word' id='word_1_233' title='bbox 2554 3357 2621 3434; x_wconf 77' lang='grc' dir='ltr'><strong><em>ἐξ</em></strong></span> <span class='ocrx_word' id='word_1_234' title='bbox 2665 3357 2747 3424; x_wconf 75' lang='grc' dir='ltr'><strong><em>ὧν</em></strong></span> 
     </span>
     <span class='ocr_line' id='line_1_27' title="bbox 366 3461 2745 3542; baseline 0.001 -14"><span class='ocrx_word' id='word_1_235' title='bbox 366 3463 499 3542; x_wconf 75' lang='grc' dir='ltr'><strong><em>ἐμοὶ</em></strong></span> <span class='ocrx_word' id='word_1_236' title='bbox 546 3464 909 3541; x_wconf 82' lang='grc' dir='ltr'><strong><em>Φαίνονται,</em></strong></span> <span class='ocrx_word' id='word_1_237' title='bbox 974 3464 1083 3537; x_wconf 67' lang='grc' dir='ltr'><strong><em>τὴν</em></strong></span> <span class='ocrx_word' id='word_1_238' title='bbox 1144 3462 1409 3528; x_wconf 71' lang='grc' dir='ltr'><strong><em>διάνοιαν</em></strong></span> <span class='ocrx_word' id='word_1_239' title='bbox 1458 3461 1724 3542; x_wconf 83' lang='grc' dir='ltr'><strong><em>ἔχουσιν.</em></strong></span> <span class='ocrx_word' id='word_1_240' title='bbox 1800 3461 1963 3542; x_wconf 79' lang='lat' dir='ltr'><strong>Quia</strong></span> <span class='ocrx_word' id='word_1_241' title='bbox 2009 3467 2074 3528; x_wconf 86' lang='lat' dir='ltr'><strong><em>in</em></strong></span> <span class='ocrx_word' id='word_1_242' title='bbox 2123 3465 2223 3529; x_wconf 78' lang='lat' dir='ltr'><strong><em>his</em></strong></span> <span class='ocrx_word' id='word_1_243' title='bbox 2270 3466 2489 3531; x_wconf 81' lang='lat' dir='ltr'><strong>subest</strong></span> <span class='ocrx_word' id='word_1_244' title='bbox 2539 3465 2745 3531; x_wconf 84' lang='lat' dir='ltr'><strong>futuri</strong></span> 
     </span>
     <span class='ocr_line' id='line_1_28' title="bbox 368 3569 2744 3655; baseline 0 -19"><span class='ocrx_word' id='word_1_245' title='bbox 368 3573 673 3655; x_wconf 80' lang='lat' dir='ltr'><strong>temporis</strong></span> <span class='ocrx_word' id='word_1_246' title='bbox 716 3571 891 3635; x_wconf 88' lang='lat' dir='ltr'><strong>notio</strong></span> <span class='ocrx_word' id='word_1_247' title='bbox 939 3569 1401 3635; x_wconf 84' lang='lat' dir='ltr'><strong>restituendum</strong></span> <span class='ocrx_word' id='word_1_248' title='bbox 1452 3575 1547 3634; x_wconf 83' lang='lat' dir='ltr'><strong><em>est</em></strong></span> <span class='ocrx_word' id='word_1_249' title='bbox 1593 3574 1701 3634; x_wconf 84' lang='grc' dir='ltr'><strong><em>τοῦ</em></strong></span> <span class='ocrx_word' id='word_1_250' title='bbox 1750 3573 2090 3646; x_wconf 79' lang='grc' dir='ltr'><strong><em>μενοῦντος.</em></strong></span> <span class='ocrx_word' id='word_1_251' title='bbox 2140 3570 2358 3636; x_wconf 80' lang='lat' dir='ltr'><strong>Etiam</strong></span> <span class='ocrx_word' id='word_1_252' title='bbox 2406 3570 2744 3636; x_wconf 77' lang='grc' dir='ltr'><strong><em>ὑπαπιέναι</em></strong></span> 
     </span>
     <span class='ocr_line' id='line_1_29' title="bbox 366 3673 2746 3763; baseline 0.001 -23"><span class='ocrx_word' id='word_1_253' title='bbox 366 3675 659 3740; x_wconf 82' lang='lat' dir='ltr'><strong>futurum</strong></span> <span class='ocrx_word' id='word_1_254' title='bbox 718 3683 849 3753; x_wconf 85' lang='lat' dir='ltr'><strong>est,</strong></span> <span class='ocrx_word' id='word_1_255' title='bbox 916 3695 1189 3760; x_wconf 84' lang='lat' dir='ltr'><strong>namque</strong></span> <span class='ocrx_word' id='word_1_256' title='bbox 1250 3677 1360 3750; x_wconf 64' lang='grc' dir='ltr'><strong><em>τῆν</em></strong></span> <span class='ocrx_word' id='word_1_257' title='bbox 1408 3673 1672 3741; x_wconf 73' lang='grc' dir='ltr'><strong><em>διάνοιαν</em></strong></span> <span class='ocrx_word' id='word_1_258' title='bbox 1721 3673 1966 3757; x_wconf 80' lang='grc' dir='ltr'><strong><em>ἔχουσιν</em></strong></span> <span class='ocrx_word' id='word_1_259' title='bbox 2011 3676 2180 3741; x_wconf 87' lang='lat' dir='ltr'><strong>idem</strong></span> <span class='ocrx_word' id='word_1_260' title='bbox 2232 3683 2327 3742; x_wconf 85' lang='lat' dir='ltr'><strong><em>est</em></strong></span> <span class='ocrx_word' id='word_1_261' title='bbox 2373 3688 2562 3763; x_wconf 88' lang='lat' dir='ltr'><strong>atque</strong></span> <span class='ocrx_word' id='word_1_262' title='bbox 2609 3678 2746 3743; x_wconf 79' lang='grc' dir='ltr'><strong><em>δια-</em></strong></span> 
     </span>
    </p>
   </div>
   <div class='ocr_carea' id='block_1_6' title="bbox 366 3781 2743 3954">
    <p class='ocr_par' dir='ltr' id='par_1_9' title="bbox 366 3781 2743 3954">
     <span class='ocr_line' id='line_1_30' title="bbox 368 3781 2743 3871; baseline 0.003 -25"><span class='ocrx_word' id='word_1_263' title='bbox 368 3786 675 3866; x_wconf 80' lang='grc' dir='ltr'><strong><em>νοοῦνται,</em></strong></span> <span class='ocrx_word' id='word_1_264' title='bbox 736 3781 903 3867; x_wconf 87' lang='lat' dir='ltr'><strong>quod</strong></span> <span class='ocrx_word' id='word_1_265' title='bbox 965 3803 1113 3847; x_wconf 89' lang='lat' dir='ltr'><strong><em>cum</em></strong></span> <span class='ocrx_word' id='word_1_266' title='bbox 1170 3781 1384 3847; x_wconf 85' lang='lat' dir='ltr'><strong>futuro</strong></span> <span class='ocrx_word' id='word_1_267' title='bbox 1431 3784 1732 3868; x_wconf 81' lang='lat' dir='ltr'><strong>coniungi</strong></span> <span class='ocrx_word' id='word_1_268' title='bbox 1781 3802 1969 3867; x_wconf 84' lang='lat' dir='ltr'><strong>supra</strong></span> <span class='ocrx_word' id='word_1_269' title='bbox 2017 3781 2242 3848; x_wconf 88' lang='lat' dir='ltr'><strong>multis</strong></span> <span class='ocrx_word' id='word_1_270' title='bbox 2285 3784 2595 3871; x_wconf 82' lang='lat' dir='ltr'><strong>exemplis</strong></span> <span class='ocrx_word' id='word_1_271' title='bbox 2642 3807 2743 3852; x_wconf 84' lang='lat' dir='ltr'><strong><em>os-</em></strong></span> 
     </span>
     <span class='ocr_line' id='line_1_31' title="bbox 366 3887 710 3954; baseline 0 0"><span class='ocrx_word' id='word_1_272' title='bbox 366 3887 710 3954; x_wconf 83' lang='lat' dir='ltr'><strong>tendimus.</strong></span> 
     </span>
    </p>
   </div>
   <div class='ocr_carea' id='block_1_7' title="bbox 372 4097 2747 4505">
    <p class='ocr_par' dir='ltr' id='par_1_10' title="bbox 372 4097 2747 4505">
     <span class='ocr_line' id='line_1_32' title="bbox 461 4097 2747 4188; baseline 0 -22"><span class='ocrx_word' id='word_1_273' title='bbox 461 4100 751 4188; x_wconf 79' lang='lat' dir='ltr'><strong>Thuoyd.</strong></span> <span class='ocrx_word' id='word_1_274' title='bbox 799 4097 875 4164; x_wconf 87' lang='lat' dir='ltr'><strong>V.</strong></span> <span class='ocrx_word' id='word_1_275' title='bbox 925 4099 987 4164; x_wconf 89' lang='grc'><strong><em>9.</em></strong></span> <span class='ocrx_word' id='word_1_276' title='bbox 1032 4097 1096 4164; x_wconf 88' lang='grc'><strong><em>9.</em></strong></span> <span class='ocrx_word' id='word_1_277' title='bbox 1160 4097 1263 4163; x_wconf 78' lang='grc' dir='ltr'><strong><em>καὶ</em></strong></span> <span class='ocrx_word' id='word_1_278' title='bbox 1328 4097 1473 4182; x_wconf 72' lang='grc' dir='ltr'><strong><em>τῇδε</em></strong></span> <span class='ocrx_word' id='word_1_279' title='bbox 1534 4099 1676 4177; x_wconf 80' lang='grc' dir='ltr'><strong><em>ὑμῖν</em></strong></span> <span class='ocrx_word' id='word_1_280' title='bbox 1722 4107 1800 4180; x_wconf 71' lang='grc' dir='ltr'><strong><em>τῇ</em></strong></span> <span class='ocrx_word' id='word_1_281' title='bbox 1849 4097 2044 4182; x_wconf 70' lang='grc' dir='ltr'><strong><em>ἡμέρᾳ</em></strong></span> <span class='ocrx_word' id='word_1_282' title='bbox 2092 4100 2127 4176; x_wconf 71' lang='grc' dir='ltr'>ἢ</span> <span class='ocrx_word' id='word_1_283' title='bbox 2179 4101 2434 4178; x_wconf 68' lang='grc' dir='ltr'><strong><em>ἀγαθοῖς</em></strong></span> <span class='ocrx_word' id='word_1_284' title='bbox 2484 4101 2747 4180; x_wconf 80' lang='grc' dir='ltr'><strong><em>γενομέ-</em></strong></span> 
     </span>
     <span class='ocr_line' id='line_1_33' title="bbox 372 4203 2740 4294; baseline 0 -21"><span class='ocrx_word' id='word_1_285' title='bbox 372 4233 485 4280; x_wconf 90' lang='grc' dir='ltr'><strong><em>νοις</em></strong></span> <span class='ocrx_word' id='word_1_286' title='bbox 532 4206 871 4286; x_wconf 76' lang='grc' dir='ltr'><strong><em>ἐλευθερίαν</em></strong></span> <span class='ocrx_word' id='word_1_287' title='bbox 920 4205 1221 4285; x_wconf 72' lang='grc' dir='ltr'><strong><em>ὑπαρχειν</em></strong></span> <span class='ocrx_word' id='word_1_288' title='bbox 1270 4207 1303 4282; x_wconf 76' lang='grc' dir='ltr'>ἢ</span> <span class='ocrx_word' id='word_1_289' title='bbox 1358 4203 1690 4280; x_wconf 78' lang='grc' dir='ltr'><strong><em>Ἀθηναίων</em></strong></span> <span class='ocrx_word' id='word_1_290' title='bbox 1739 4204 1967 4277; x_wconf 77' lang='grc' dir='ltr'><strong><em>δούλοις</em></strong></span> <span class='ocrx_word' id='word_1_291' title='bbox 2016 4208 2145 4272; x_wconf 75' lang='grc' dir='ltr'><strong><em>κτὲ.</em></strong></span> <span class='ocrx_word' id='word_1_292' title='bbox 2219 4207 2657 4294; x_wconf 83' lang='lat' dir='ltr'><strong>Supplendum</strong></span> <span class='ocrx_word' id='word_1_293' title='bbox 2706 4209 2740 4285; x_wconf 75' lang='grc' dir='ltr'>ἢ</span> 
     </span>
     <span class='ocr_line' id='line_1_34' title="bbox 378 4311 2745 4402; baseline 0.001 -24"><span class='ocrx_word' id='word_1_294' title='bbox 378 4313 711 4400; x_wconf 67' lang='grc' dir='ltr'><strong><em>(ἀνδράσιν)</em></strong></span> <span class='ocrx_word' id='word_1_295' title='bbox 759 4315 1016 4390; x_wconf 71' lang='grc' dir='ltr'><strong><em>ἀγαθοῖς</em></strong></span> <span class='ocrx_word' id='word_1_296' title='bbox 1064 4311 1426 4390; x_wconf 74' lang='grc' dir='ltr'><strong><em>γενομένοις.</em></strong></span> <span class='ocrx_word' id='word_1_297' title='bbox 1490 4313 1859 4397; x_wconf 78' lang='lat' dir='ltr'><strong>Numquam</strong></span> <span class='ocrx_word' id='word_1_298' title='bbox 1890 4315 1974 4377; x_wconf 90' lang='lat' dir='ltr'><strong><em>-in</em></strong></span> <span class='ocrx_word' id='word_1_299' title='bbox 2020 4313 2138 4379; x_wconf 82' lang='lat' dir='ltr'><strong><em>hac</em></strong></span> <span class='ocrx_word' id='word_1_300' title='bbox 2184 4313 2536 4394; x_wconf 85' lang='lat' dir='ltr'><strong>locutione,</strong></span> <span class='ocrx_word' id='word_1_301' title='bbox 2585 4335 2745 4402; x_wconf 77' lang='lat' dir='ltr'><strong>quae</strong></span> 
     </span>
     <span class='ocr_line' id='line_1_35' title="bbox 378 4418 2741 4505; baseline 0.001 -21"><span class='ocrx_word' id='word_1_302' title='bbox 378 4419 885 4505; x_wconf 73' lang='lat' dir='ltr'><strong>frequentissima</strong></span> <span class='ocrx_word' id='word_1_303' title='bbox 944 4425 1074 4496; x_wconf 81' lang='lat' dir='ltr'><strong>est,</strong></span> <span class='ocrx_word' id='word_1_304' title='bbox 1136 4424 1213 4483; x_wconf 86' lang='lat' dir='ltr'><strong><em>ut</em></strong></span> <span class='ocrx_word' id='word_1_305' title='bbox 1266 4421 1333 4483; x_wconf 87' lang='lat' dir='ltr'><strong><em>in</em></strong></span> <span class='ocrx_word' id='word_1_306' title='bbox 1379 4420 1522 4496; x_wconf 66' lang='grc' dir='ltr'><strong><em>ἀνὴρ</em></strong></span> <span class='ocrx_word' id='word_1_307' title='bbox 1572 4418 1806 4495; x_wconf 68' lang='grc' dir='ltr'><strong><em>ἀγαθὸς</em></strong></span> <span class='ocrx_word' id='word_1_308' title='bbox 1857 4418 2177 4496; x_wconf 79' lang='grc' dir='ltr'><strong><em>γενόμενος</em></strong></span> <span class='ocrx_word' id='word_1_309' title='bbox 2225 4422 2561 4499; x_wconf 69' lang='grc' dir='ltr'><strong><em>ἀπέθανεν,</em></strong></span> <span class='ocrx_word' id='word_1_310' title='bbox 2608 4422 2741 4488; x_wconf 80' lang='lat' dir='ltr'><strong>vidi</strong></span> 
     </span>
    </p>
   </div>
  </div>
 </body>
</html>
