3150 5000
554 224 684 292 422
1530 245 1960 324 mmmmm.

643 410 855 478 Stulte
902 415 1183 478 erratum
1222 413 1349 478 fuit
1389 435 1442 480 c.
1490 411 1614 481 75:
1655 417 1710 480 οἱ
1752 419 1967 494 ζῶντες
2010 413 2530 491 καταλειπόμενοι
2553 411 2942 494 τραυματίαι

551 523 621 584 τὲ
683 519 787 584 καὶ
834 521 1105 591 ἀσθενεῖς
1156 521 1315 584 πολὺ
1366 525 1481 584 τῶν
1526 521 1862 586 τεθνεώτων
1909 527 2035 594 τοῖς
2087 519 2274 602 ζῶσι
2324 519 2710 602 λυπηρότεροι
2757 513 2942 593 ἦσαν.

554 622 919 692 Classenius
960 629 1229 693 coniecit
1269 627 1471 707 δρῶσιν
1508 633 1571 693 et
1609 633 1794 715 rogat
1828 628 2295 694 Herwerdenus
2333 649 2492 693 num
2527 628 2692 694 forte
2711 647 2946 694 verum

554 735 641 797 sit
702 731 973 798 οὲπιοῦσι.
1042 733 1361 821 Equidem
1426 735 1918 800 commendabo:
1968 735 2326 814 ἐξιοῦσι,
2374 735 2542 820 quod
2589 743 2656 800 et
2699 755 2947 800 correc-

550 841 745 905 tionis
794 839 1105 905 facilitate
1152 861 1285 905 sese
1333 840 1739 906 commendat
1788 847 1852 907 et
1897 842 2161 936 fortasse
2205 841 2446 907 lectum
2492 841 2621 906 fuit
2667 861 2706 905 a
2737 839 2949 904 Dione

555 943 770 1011 Cassio
812 943 979 1010 XLI.
1026 944 1087 1010 9.
1138 944 1380 1012 Deinde
1420 949 1488 1011 in
1528 947 1740 1012 verbis
1780 968 1940 1032 quae
1978 946 2251 1014 editores
2273 946 2558 1012 multum
2583 951 2947 1012 torserunt:

553 1051 609 1115 εἴ
668 1075 749 1131 τῳ
800 1053 862 1117 δὲ
912 1051 1193 1130 προλίποι
1246 1053 1279 1126 ἦ
1329 1055 1542 1134 ῥώμη
1591 1053 1729 1118 καὶ
1775 1053 1843 1117 τὸ
1893 1060 2110 1132 σῶμα,
2161 1054 2296 1119 οὐκ
2345 1051 2490 1117 ἄνευ
2538 1051 2766 1130 ὀλίγων
2817 1053 2948 1115 ἔτι·

552 1158 835 1233 θεασμῶν
898 1161 1001 1221 καὶ
1050 1159 1324 1244 οξμωγῆς
1376 1159 1876 1242 ὑπολειπόμενοι,
1926 1162 2081 1226 satis
2129 1167 2256 1226 est:
2311 1159 2369 1224 εἷ
2411 1184 2496 1240 τῳ
2543 1158 2608 1224 δὲ
2659 1159 2948 1237 προλίποι

552 1265 621 1329 τὸ
686 1269 899 1349 σῶμα,
967 1285 1169 1350 neque
1231 1264 1299 1329 id
1362 1265 1525 1351 quod
1574 1271 1670 1332 est
1715 1267 1880 1348 ῥώμη
1930 1265 2122 1332 habet
2167 1265 2290 1332 Dio
2339 1262 2596 1333 Cassius
2643 1263 2787 1331 XL.
2843 1261 2948 1328 25.

550 1369 727 1435 Ferri
776 1377 994 1435 antem
1041 1390 1441 1455 nequaquam
1488 1379 1701 1458 potest
1748 1373 1854 1437 οὐκ
1894 1369 2038 1436 ἄνευ
2079 1373 2324 1456 ὀλίγων,
2361 1372 2470 1437 sed
2510 1369 2680 1456 quod
2719 1371 2952 1436 scribit

555 1475 1021 1543 Herwerdenus
1083 1487 1454 1562 corruptum
1516 1498 1651 1544 esse
1713 1479 1936 1557 ὀλίγων
1957 1527 1974 1556 ,
2036 1477 2106 1544 id
2167 1479 2296 1544 fere
2344 1477 2603 1555 dubito,
2653 1499 2774 1543 nec
2825 1479 2948 1542 viri

553 1583 723 1649 docti
798 1581 1187 1648 coniiciendo
1258 1583 1542 1650 multum
1611 1586 2047 1672 profecerunt3
2115 1585 2279 1649 mihi
2339 1586 2598 1672 negatio
2661 1583 2954 1649 insiticia

549 1693 689 1757 visa
735 1695 863 1755 est:
914 1687 1058 1755 ἄνευ
1110 1690 1331 1769 ὀλίγων
1356 1693 1628 1768 εμετὰ
1675 1695 1938 1770 πολλῶν,
1981 1691 2089 1757 sed
2127 1691 2208 1757 ad
2245 1711 2395 1757 eum
2438 1689 2708 1756 modum
2751 1692 2954 1756 etiam

551 1795 679 1862 alia
740 1798 984 1862 ratione
1035 1798 1335 1863 correctio
1386 1800 1645 1863 institui
1697 1801 1952 1884 poterit.
2017 1796 2170 1884 Gap.
2216 1793 2337 1863 78:
2391 1795 2756 1876 βουλόμενοι
2795 1843 2816 1858 .
2847 1843 2864 1858 .
2893 1841 2910 1856 .
2939 1841 2955 1857 .

554 1899 703 1981 ὕδωρ
750 1903 917 1980 μετὰ
961 1910 1133 1984 σφῶν
1183 1907 1441 1970 αὐτῶν
1486 1903 1917 1985 Φερέσθαι,
1963 1924 2169 1970 nonne
2204 1910 2515 1989 praestat:
2557 1902 2731 1980 μετὰ
2775 1907 2954 1982 σφῶν

553 2009 1160 2090 ἀποφέρεσθαιῗ
1210 2008 1361 2098 Cap.
1410 2009 1492 2076 81
1546 2011 1712 2095 quod
1758 2009 2222 2076 Herwerdenus
2267 2030 2413 2075 cum
2455 2007 2780 2074 Lobeckio
2821 2007 2950 2074 edi-

554 2117 652 2180 dit
710 2115 1154 2194 ξυνειληθέντες
1218 2138 1329 2202 pro
1393 2117 1846 2197 ἀνειληθέντες,
1895 2116 2068 2182 haud
2116 2119 2271 2182 satis
2318 2115 2576 2182 evidens
2622 2115 2946 2181 medicina

558 2222 723 2286 mihi
782 2221 1039 2288 videtur
1098 2229 1351 2309 propter
1412 2223 1817 2310 Hesychium
1838 2275 1855 2308 ,
1919 2225 2030 2308 qui
2093 2223 2212 2288 hoc
2259 2225 2475 2308 ipsum
2522 2219 2944 2295 οένειληθέντες

552 2331 619 2392 in
669 2328 899 2393 Lexico
947 2348 1060 2392 suo
1114 2331 1432 2407 enotavit,
1484 2338 1547 2394 et
1595 2329 1820 2396 Dionis
1867 2327 2072 2395 Cassii
2118 2331 2566 2394 auctoritatem
2615 2325 2860 2392 XLIII.
2905 2322 2946 2388 2

555 2443 620 2501 et
669 2436 945 2523 Appiani
992 2433 1232 2522 Exped.
1281 2436 1461 2503 Alex.
1513 2435 1575 2501 4.
1629 2437 1690 2501 5.

643 2646 847 2713 Paulo
916 2645 1293 2736 diligentius
1359 2648 1712 2715 videndum
1782 2653 1878 2713 est
1949 2647 2026 2713 de
2097 2669 2150 2713 c.
2216 2644 2326 2712 84.
2397 2646 2500 2712 Ibi
2562 2647 2944 2713 describitur

555 2754 869 2841 quomodo
920 2754 1178 2819 tandem
1225 2754 1643 2820 Athenienses
1690 2752 1770 2819 ad
1816 2756 2192 2819 Assinarum
2239 2752 2480 2819 flumen
2525 2754 2942 2839 pervenerint.

552 2859 948 2925 Instantibus
1011 2860 1339 2945 hostibus,
1390 2859 1545 2925 dum
1596 2859 1758 2925 alter
1796 2858 2072 2925 alterum
2121 2864 2519 2945 praevertere
2565 2859 2936 2933 conabatur,

556 2968 851 3047 χαλεπὴν
894 2966 1001 3042 ἤδη
1044 2970 1151 3042 τὴν
1192 2966 1485 3043 διάβασιν
1528 2966 1795 3030 ἐποίουν·
1837 2964 2028 3048 ἁθρόοι
2055 2966 2179 3045 γὰρ
2204 2965 2703 3047 ἀναγκαζόμενοι
2728 2970 2942 3045 χωρεῖν

557 3073 895 3140 ἐπέπιπτον
935 3096 1003 3137 τε
1054 3073 1350 3148 ἀλλήλοις
1392 3072 1494 3136 καὶ
1540 3071 1957 3136 κατεπάτουν.
2007 3072 2250 3161 Magna
2291 3080 2431 3136 tum
2456 3070 2666 3137 clades
2693 3076 2944 3155 accepta

558 3182 719 3263 fuit,
784 3178 893 3245 sed
952 3179 1121 3244 nihil
1180 3178 1257 3243 ad
1324 3198 1459 3243 eam
1486 3226 1501 3256 ,
1567 3199 1729 3264 quae
1788 3186 2043 3264 patrum
2091 3180 2404 3243 memoria
2450 3177 2529 3242 ad
2577 3178 2937 3243 Berezinam

558 3291 816 3370 accepta
887 3292 1001 3350 est.
1076 3285 1301 3372 Pergit
1365 3282 1807 3370 Thucydides:
1875 3286 2014 3363 περί
2072 3308 2142 3348 τε
2207 3292 2332 3355 τοῖς
2381 3284 2796 3363 δορατίοις
2843 3278 2936 3346 καὶ

558 3392 833 3457 σκεύεσιν
882 3393 933 3456 οἱ
982 3393 1095 3468 μὲν
1135 3392 1307 3463 εὐθὺς
1350 3390 1783 3472 διεφθείροντο,
1827 3390 1877 3455 οἱ
1916 3390 1972 3456 δ’
2017 3391 2570 3468 ἐμπαλασσόμενοι
2612 3390 2936 3471 κατέρρεον.

556 3498 717 3563 Rem
786 3500 840 3562 si
902 3504 1149 3581 spectas
1170 3546 1185 3576 ,
1232 3504 1492 3584 apparet
1538 3497 1694 3583 quid
1741 3500 2007 3583 scriptor
2059 3496 2334 3563 voluerit
2379 3518 2671 3563 narrare:
2721 3500 2788 3563 in
2835 3494 2937 3561 ino

562 3601 853 3669 tumultu
901 3604 1328 3669 inextricabili
1368 3604 1561 3669 multi
1604 3606 1821 3669 statim
1863 3606 1932 3668 in
1970 3606 2108 3690 ripa
2148 3606 2498 3688 perierunt,
2547 3603 2662 3669 alii
2707 3600 2936 3687 delapsi

554 3712 623 3774 in
670 3708 909 3774 fiumen
956 3710 1241 3777 suffocati
1290 3718 1457 3777 sunt.
1530 3710 1713 3785 Quod
1764 3712 1994 3776 attinet
2031 3711 2112 3775 ad
2150 3712 2564 3795 participium
2606 3712 2934 3788 ἐμπαλασ-

558 3815 829 3893 σόμενοι,
902 3817 1214 3900 quomodo
1275 3824 1644 3903 corruptum
1709 3816 1964 3903 legatur
2009 3816 2178 3901 apud
2225 3816 2494 3883 Dionem
2543 3814 2834 3883 Cassium
2877 3822 2932 3877 et

558 3921 711 4008 quid
759 3921 1103 3987 secundum
1154 3923 1417 3989 Aelium
1467 3923 1852 4009 Dionysium
1892 3920 2241 4009 significet,
2283 3923 2389 4011 egi
2429 3923 2491 3985 ἐν
2533 3925 2722 4002 λογίῳ
2747 3926 2926 4001 Ἐρμῆ

556 4050 621 4115 p.
688 4025 840 4103 423,
906 4048 1019 4092 nec
1082 4029 1470 4107 describam,
1533 4028 1701 4113 quod
1764 4027 1844 4092 ad
1905 4026 2130 4092 Dionis
2177 4030 2388 4115 magis
2435 4028 2928 4093 emendationem

558 4134 871 4220 pertinet,
942 4154 1135 4217 quam
1198 4134 1276 4199 ad
1339 4132 1735 4221 Thucydidis
1800 4133 2323 4220 intelligentiam.
2395 4132 2564 4198 Satis
2629 4140 2727 4199 est
2789 4136 2926 4199 scire

559 4239 909 4305 secundum
995 4238 1417 4305 Scholiastam
1504 4239 2053 4318 ἐμπαλασσόμενοι
2148 4240 2464 4320 κατέρρεον
2551 4238 2925 4327 sig-nificare:

562 4344 1055 4425 συμπλεκόμενοι
1120 4347 1521 4412 κατέπιπτον.
1599 4346 1722 4412 Sed
1785 4347 1940 4432 quid
1996 4352 2090 4411 est
2137 4344 2270 4426 περὶ
2321 4354 2446 4419 τοῖς
2494 4346 2790 4426 δορατίοις
2832 4348 2924 4411 διε-
