3150 5000
1309 269 1645 321 moranus.
1970 279 1989 296 τ
2486 337 2493 348 .
2540 253 2673 318 223

379 437 540 504 Ibid.
602 438 754 502 αλλ’
813 431 894 510 οἷς
946 439 1226 516 προεῖπον
1273 437 1543 523 ἐκείνοις,
1596 438 1782 521 αρετῇ
1832 437 1937 503 καὶ
1988 437 2339 522 σωφροσύνη
2389 437 2492 502 καὶ
2550 438 2679 503 ἐπι-

281 544 482 628 εικείᾳ
550 545 656 610 καὶ
719 544 1154 628 φιλανθρωπίᾳ
1209 545 1316 610 καὶ
1376 554 1502 618 τοῖς
1563 543 1815 624 ἄλλοις,
1878 545 2079 611 ὁπόσα
2144 547 2449 621 ταύτης
2512 543 2677 624 ὅρος

287 651 477 716 ἱστίν.
547 649 825 718 Mirifice
889 650 998 716 hic
1043 653 1409 739 excogitant
1454 653 1864 737 interpretes,
1916 658 1993 716 ut
2038 673 2113 718 ea
2156 651 2473 737 explicent
2520 673 2679 738 quae

283 758 536 825 nullam
589 757 1076 843 explicationem
1123 758 1494 823 admittunt.
1543 757 1718 823 Mihi
1756 757 1924 823 nihil
1958 757 2133 824 aliud
2173 758 2278 823 hic
2313 757 2678 824 delitescere

283 865 545 932 videtur
605 851 829 949 quam:
906 863 1154 928 ὁπόσα
1231 865 1480 947 ταύτῃ
1543 863 1938 945 πρόσεστι.
1999 863 2137 930 lam
2183 866 2251 929 in
2297 867 2679 953 praegressis

283 971 651 1038 Panthaeae
697 973 970 1037 virtutes
1013 969 1478 1036 illustraverat:
1527 969 1611 1034 τὸ
1648 967 1925 1050 ἥμερον
1963 970 2093 1035 καὶ
2131 971 2674 1052 φιλάνθρωπον

281 1091 518 1144 κ.τ.λ.
565 1073 666 1142 Cf.
716 1074 787 1142 G.
843 1075 962 1144 1¹7:
1015 1074 1309 1142 ὁπόσον
1358 1122 1565 1142 .....
1616 1076 1811 1159 ἐκείνη
1860 1085 2186 1157 προσῆν.

380 1181 533 1269 Cap.
587 1181 692 1250 13.
741 1182 942 1249 Plane
993 1185 1298 1249 assentior
1343 1181 1768 1250 Herwerdeno
1814 1181 2105 1250 ‘absurde
2143 1183 2388 1248 dictum
2429 1203 2562 1249 esse
2596 1187 2673 1258 ὥς

286 1290 396 1356 καὶ
446 1289 848 1368 παυσαμένης
901 1288 1150 1354 ἔναυλον
1200 1286 1356 1354 εἶναι
1403 1291 1541 1364 τὴν
1579 1288 1819 1368 [3οήνῖ
1868 1289 2013 1356 Non
2056 1295 2271 1355 tamen
2308 1290 2678 1376 corrigenda

283 1397 442 1463 haec
488 1397 684 1470 verbs
727 1397 1032 1481 arbitror,
1084 1396 1193 1462 sed
1238 1416 1494 1482 prorsus
1544 1395 1917 1462 abiicienda.
1967 1396 2068 1461 Ad
2115 1394 2429 1462 ἔναυλον
2474 1393 2675 1462 εἶναι

283 1509 502 1568 mente
549 1501 995 1588 repetendum:
1057 1502 1190 1567 τὸν
1237 1501 1457 1568 τόνον
1504 1506 1642 1566 τοῦ
1691 1500 2175 1584 φθέγματος.

378 1605 535 1695 Cap.
602 1608 709 1674 14.
781 1600 981 1673 οὐκέτι
1051 1608 1122 1673 τὸ
1193 1614 1308 1674 τῶν
1380 1607 1685 1688 Γοργόνων
1736 1607 1922 1672 έκεῖνο
1972 1605 2093 1673 ἔσει
2142 1607 2322 1686 μόνον
2370 1609 2673 1682 πεπονθώς

285 1716 540 1800 [λίθος
589 1713 671 1792 ἐξ
717 1713 1130 1796 ἀνθρώπου
1178 1713 1679 1800 γενόμενος]
1728 1714 2033 1781 Deleatur
2077 1715 2323 1801 puerile
2360 1716 2681 1783 emblema

285 1842 368 1888 ex
417 1822 604 1888 initio
650 1820 858 1888 libelli
906 1822 1031 1889 huc
1081 1820 1494 1888 translatum:
1543 1825 1759 1902 μικροῦ
1828 1821 1937 1886 δέω
2008 1821 2222 1893 λίθος
2287 1820 2370 1898 ἐξ
2417 1824 2679 1902 ανθρώ-

287 1951 432 1992 που
503 1951 594 1993 σοι
665 1927 1129 2007 γεγονέναι.
1195 1928 1270 1994 In
1339 1927 1460 1993 fine
1532 1927 1727 1993 adde:
1800 1926 1902 1993 διὰ
1973 1927 2254 1993 τοιούτων
2300 1928 2459 2015 (μὲν
2508 1929 2673 2018 τῶν)

285 2041 541 2115 χειλῶν,
589 2035 663 2100 δι’
713 2035 948 2102 ἐκείνων
988 2035 1051 2100 δὲ
1093 2041 1208 2099 τῶν
1248 2033 1518 2102 όδόντων.
1569 2033 1907 2100 Praeterea
1952 2037 2197 2122 corrige
2244 2037 2679 2115 παρειστή-

281 2165 514 2206 κεσαν
563 2161 675 2227 pro
725 2144 1384 2223 παρεστήκεσαν.

377 2245 532 2333 Cap.
597 2246 700 2313 15.
778 2245 1208 2316 Commendo:
1279 2271 1308 2312 ο
1335 2249 1368 2313 ὖ
1395 2245 1534 2312 δὲν
1601 2244 1939 2327 θαυμάζειν
1988 2243 2154 2324 ἄξιον
2200 2268 2314 2333 pro
2362 2272 2389 2313 0
2416 2247 2561 2313 ὖδὲ
2611 2254 2676 2314 et

285 2352 684 2434 μετέχουσαν
733 2360 848 2418 τῶν
898 2353 978 2419 ’A
1003 2355 1032 2418 θ
1059 2379 1092 2426 η
1121 2379 1152 2418 ν
1175 2359 1218 2418 ὦ
1245 2378 1274 2419 ν
1322 2373 1438 2439 pro
1483 2359 1601 2418 τῶν
1646 2355 1726 2418 'A
1752 2352 1781 2416 θ
1807 2377 1840 2426 η
1867 2378 1897 2417 ν
1922 2375 1966 2417 α
1990 2354 2015 2422 ί,
2037 2377 2081 2417 ω
2106 2379 2157 2420 ν.

379 2459 536 2527 Ibid.
589 2459 813 2542 ἑορτήν,
866 2456 910 2525 ὦ
951 2460 1354 2543 Πολύστρατε
1374 2508 1391 2539 ,
1432 2460 1538 2527 καὶ
1584 2458 1961 2525 πανδαισίαν
2001 2461 2030 2525 ἒ
2054 2484 2103 2526 π
2127 2484 2170 2525 α
2195 2484 2241 2539 γ
2267 2484 2312 2540 γ
2339 2458 2432 2526 έλ
2457 2475 2497 2527 λ
2525 2485 2554 2527 ε
2581 2484 2599 2526 ι
2624 2487 2677 2535 ς.

285 2566 415 2635 Sed
476 2569 818 2652 promittere
877 2569 1049 2653 apud
1111 2588 1331 2634 omnes
1395 2568 1426 2633 ἑ
1449 2592 1498 2633 π
1524 2592 1566 2631 α
1594 2591 1639 2646 γ
1662 2590 1711 2645 γ
1741 2567 1833 2632 έλ
1857 2582 1897 2631 λ
1923 2592 1954 2632 ε
1978 2592 2014 2632 σ
2043 2570 2072 2632 θ
2098 2594 2143 2630 α
2166 2591 2186 2631 ι
2232 2567 2505 2653 dicitur,
2555 2588 2679 2634 non

195 2660 202 2664 ¹
287 2674 957 2755 ἑπαγγέλλεινς
1007 2674 1227 2761 itaque
1273 2674 1879 2754 ἐπαγγέλλει
1928 2673 2374 2761 corrigendum
2423 2673 2529 2739 vel
2571 2694 2682 2759 po·

285 2783 419 2847 tius
467 2781 903 2867 recipiendum
952 2802 1031 2847 ex
1080 2780 1264 2847 libris
1314 2783 1372 2846 A
1397 2779 1468 2847 G.

383 2886 538 2973 Cap.
592 2886 698 2955 17.
769 2884 926 2953 ὥστε
991 2890 1040 2953 εί
1092 2891 1196 2952 καὶ
1244 2897 1319 2969 τῇ
1371 2887 1681 2964 ὃμοιότητι
1731 2889 1765 2963 ἧ
1819 2888 2019 2971 αὐτή,
2069 2885 2245 2951 ἀλλὰ
2293 2886 2375 2966 τῷ
2424 2885 2675 2964 μεγέθει

287 3018 369 3072 γε
437 2993 837 3070 οξμείνων
901 2990 1061 3069 αὕτη
1110 2995 1186 3066 ὥς
1235 2994 1312 3059 ἂν
1362 2994 1460 3060 ἐπὶ
1514 2991 2129 3059 πλατυτάτου
2178 2991 2429 3064 πίνακος
2480 3015 2681 3058 κατα-

288 3098 731 3179 γεγραμμένη.
781 3097 953 3165 Satis
1000 3098 1260 3165 evidens
1307 3099 1615 3165 mendum
1664 3120 1777 3185 pro
1826 3123 1875 3164 π
1899 3112 1939 3164 λ
1966 3124 2007 3163 α
2031 3122 2073 3163 τ
2097 3120 2131 3161 υ
2156 3121 2195 3162 τ
2218 3097 2247 3163 ἐ
2272 3121 2300 3179 ρ
2328 3122 2355 3163 ο
2380 3122 2435 3162 υ.

380 3202 534 3291 Cap.
589 3204 692 3270 18.
743 3206 778 3281 ἦ
827 3206 940 3283 μὲν
986 3208 1055 3271 τὸ
1106 3205 1489 3283 μεγαλόνουν
1545 3208 1611 3292 [ἦ
1660 3216 1715 3272 Θ
1744 3232 1771 3272 ε
1798 3232 1840 3271 α
1869 3205 1993 3293 νὼ]
2052 3203 2545 3283 συμβαλλομένη
2592 3205 2677 3280 εἷς

287 3314 400 3387 τὴν
456 3314 728 3393 γραφήν.
802 3312 946 3377 Non
1007 3318 1256 3397 poterat
1318 3311 1617 3379 alieniore
1663 3310 1802 3379 loco
1847 3311 2077 3378 inutile
2123 3310 2441 3399 glossema
2484 3312 2679 3376 inter-

289 3420 474 3504 poni3
522 3416 688 3503 quod
735 3419 791 3483 si
838 3417 1066 3484 addere
1112 3420 1379 3503 scriptor
1425 3417 1767 3496 voluisset,
1816 3421 1881 3483 in
1930 3416 2053 3482 fine
2087 3424 2232 3501 post
2278 3440 2317 3479 τ
2342 3420 2377 3491 31
2405 3440 2434 3481 ν
2481 3441 2526 3495 γ
2552 3440 2583 3497 ρ
2606 3442 2679 3481 α-

291 3530 348 3605 φ
377 3526 411 3599 ἤ
437 3548 466 3586 ν
536 3521 842 3588 collocare
909 3522 1195 3589 debebat.
1267 3521 1595 3589 Sexcentis
1652 3522 1806 3590 locis
1871 3522 2185 3589 eiusmodi
2230 3522 2680 3589 additamentis

289 3632 565 3715 imponit
611 3630 792 3695 nobis
839 3628 1350 3716 magistellorum
1397 3650 1595 3715 prava
1644 3628 1951 3696 sedulitas
1966 3648 1983 3707 ;
2036 3648 2237 3693 unum
2258 3676 2275 3703 ,
2326 3650 2518 3713 quom
2562 3650 2677 3695 nu·

289 3758 403 3823 per
469 3734 813 3802 admodum
879 3736 1250 3814 observavi,
1312 3757 1631 3821 apponere
1674 3735 1856 3801 libet.
1906 3735 1979 3801 In
2028 3734 2178 3800 dial.
2227 3717 2423 3800 Mort.
2471 3734 2675 3805 XXV.

291 3843 611 3909 contentio
679 3846 776 3906 est
843 3843 1005 3907 inter
1074 3840 1432 3907 Thersitem
1503 3848 1569 3908 et
1642 3841 1947 3919 Nireum,
2012 3845 2155 3907 uter
2214 3840 2548 3908 formosior
2592 3844 2679 3907 sit

291 3948 636 4015 habendus.
687 3948 1034 4033 Postquam
1081 3946 1432 4033 Menippus
1450 3996 1466 4027 ‚
1514 3969 1708 4034 quem
1744 3948 2055 4014 arbitrum
2096 3947 2220 4012 sibi
2254 3955 2675 4032 sumpserant,

291 4078 359 4122 se
443 4074 546 4121 eos
614 4057 745 4121 iam
817 4058 1024 4119 morte
1093 4066 1392 4140 aequatos
1463 4055 1833 4143 dignoscere
1903 4073 2087 4139 posse
2156 4056 2421 4141 negavit
2440 4100 2459 4131 ‚
2530 4059 2671 4119 tum

293 4161 652 4227 Thersites:
720 4157 780 4225 ἓν
828 4162 941 4240 μὲν
975 4159 1101 4236 ἤδη
1152 4163 1316 4225 τοῦτ’
1371 4159 1523 4246 ἔχω,
1571 4163 1813 4246 inquit,
1870 4156 1958 4225 ὅτι
2006 4156 2205 4237 ὅμοιός
2254 4159 2386 4238 εἶμί
2432 4184 2519 4225 σοι
2569 4162 2673 4225 καὶ

295 4266 464 4333 οὐδὲν
533 4270 888 4341 τηλικοῦτον
955 4266 1262 4347 διαφέρεις
1334 4268 1539 4339 ἡλίκον
1604 4290 1672 4331 σε
1727 4264 2071 4344 Ὅμηρος
2123 4265 2433 4337 ἐκεῖνος
2480 4266 2508 4330 ὁ
2559 4290 2678 4330 τυ·

295 4371 504 4455 φλὸς
563 4373 852 4457 ἐπῄνεσεν
899 4371 1194 4439 ἁπάντων
1243 4374 1707 4454 εὐμορφότατον
1755 4372 2109 4454 προσειπών.
2156 4372 2345 4439 Nunc
2390 4394 2537 4439 cum
2578 4373 2679 4439 his
