3150 5000
583 250 670 319 86
1569 278 1990 327 rnqunmas.

581 458 874 525 superare
937 442 1173 525 possis;
1235 443 1344 509 sed
1390 445 1852 511 restituendum
1900 450 1996 510 est
2041 445 2757 520 Λακεδαιμονίων.
2827 442 2957 510 Ad-

581 544 896 611 mirabilis
941 552 1038 612 est
1083 548 1354 615 duarum
1406 550 1909 636 corruptelarum
1956 553 2412 617 convenientia.

670 760 1027 827 Delendum
1089 752 1186 827 est
1245 782 1589 847 pronomen
1649 763 2031 831 reflexivum
2090 766 2287 847 ἑαυτῷ
2354 767 2420 831 in
2481 766 2657 832 hisce
2720 767 2777 831 l.
2840 765 2960 832 90:
3084 794 3086 815 2

580 866 796 933 ἑαυτὸν
858 867 912 931 δ’
975 866 1250 934 ἐκέλευεν
1311 869 1682 937 οὶποςέλλειν
1746 872 1821 943 ὦς
1887 871 2135 953 refixis-0⁶
2199 873 2227 938 ὅ
2296 878 2685 950 Θεμιςοκλῆς
2745 874 2807 944 ἐς
2856 876 2964 947 τῆν

579 975 1062 1052 Λακεδαίμονα,
1137 974 1368 1048 ἄλλους
1438 977 1501 1042 δὲ
1571 977 1717 1057 πρὸς
1792 977 2049 1059 ἓαυτῷ
2122 978 2440 1056 ἑλομένους
2510 977 2805 1058 πρέσβεις
2878 980 2963 1057 μὴ

579 1082 750 1153 εὐθὺς
798 1080 1161 1156 ἐκπέμπειν.
1210 1078 1444 1148 Contra
1488 1084 1726 1149 excidit
1770 1104 2115 1169 pronomen
2150 1086 2203 1149 Ι.
2231 1086 2351 1152 91:
2403 1085 2596 1151 δοκεῖν
2634 1081 2736 1151 οὖν
2780 1086 2959 1167 σφίσι

579 1187 686 1254 καὶ
750 1192 850 1252 νῦν
912 1190 1022 1263 τὺν
1081 1188 1313 1254 ἑαυτῶν
1379 1189 1555 1255 πόλιν
1619 1197 1829 1270 τεῖχος
1879 1190 2082 1271 ἔχειν,
2140 1192 2277 1256 καὶ
2327 1192 2454 1275 ἰδία
2498 1200 2625 1265 τοῖς
2673 1195 2961 1263 πολίταις

580 1295 686 1359 καὶ
735 1297 795 1367 ἐς
843 1293 983 1367 τοὺς
1029 1292 1274 1367 πάντας
1323 1294 1703 1379 ξυμμάχους
1742 1300 2204 1379 ὠφελιμώτερον
2246 1296 2523 1379 ἔσεσθαι,
2548 1320 2701 1365 nam
2729 1302 2965 1385 requiri

578 1400 758 1469 vides
801 1396 889 1488 (ὃ)
935 1400 1041 1465 καὶ
1093 1401 1236 1485 ἰδίᾳ.
1307 1402 1410 1468 Ad
1453 1423 1719 1489 sequens
1766 1411 1991 1489 caput:
2042 1411 2151 1478 τῆς
2198 1406 2550 1483 βουλήσεως
2598 1404 2965 1485 ἁμαρτά-

582 1512 866 1580 νοντες
919 1508 1158 1582 ἀδήλως
1227 1508 1517 1589 ἤχθοντο,
1567 1506 1928 1576 Classenius
1976 1510 2345 1595 adscripsit:
2394 1512 2503 1574 das
2550 1520 2714 1597 part.
2764 1532 2962 1595 praes.

579 1616 746 1679 waiet
791 1616 918 1702 auf
953 1618 1050 1679 dic
1095 1616 1440 1679 dauernden
1487 1615 1717 1697 Fol90n
1763 1617 1865 1680 des
1909 1616 2074 1679 nicht
2112 1617 2437 1681 erreichten
2476 1614 2556 1681 W
2546 1617 2796 1681 umchea
2829 1618 2965 1681 hin:

586 1724 708 1801 „da
765 1728 854 1787 cie
907 1723 1036 1787 sich
1087 1723 1396 1805 qetc‘imcht
1436 1720 1686 1786 eaheffl.
1758 1721 2070 1809 Argutiae
2113 1721 2233 1787 hae
2279 1722 2441 1787 mihi
2490 1742 2623 1787 esse
2667 1722 2967 1790 videntur

583 1836 650 1895 et
694 1829 965 1895 dixerim
1015 1832 1434 1895 necessarium
1488 1850 1623 1893 esse
1671 1828 1783 1905 οὶμ
1804 1853 1843 1891 α
1863 1828 2001 1908 ρτό
2016 1852 2214 1901 ντες.
2270 1826 2450 1908 Quod
2490 1833 2706 1894 autem
2748 1830 2969 1893 scribit

580 1934 1048 2013 Herwerdenus
1091 1933 1514 2001 Ullrichsium
1562 1955 1673 2021 pro
1720 1935 2144 2011 οἱνεπικλήτως
2184 1955 2480 2020 reponere
2516 1934 2797 2000 voluisse
2836 1938 2966 1999 ανε-

583 2044 906 2117 πιλὴπτως
925 2090 944 2123 ,
991 2043 1189 2107 etiam
1237 2038 1552 2113 Cobetum
1599 2048 1741 2126 post
1784 2039 2208 2106 Ullrichsium
2252 2042 2474 2105 Mnem.
2518 2040 2657 2106 VII.
2700 2040 2788 2105 39
2830 2062 2969 2107 ean·

584 2147 731 2213 dem
779 2149 1199 2233 suspicionem
1247 2146 1585 2232 protulisse
1632 2146 1855 2225 video,
1904 2145 2049 2212 coll.
2097 2145 2259 2211 Xen.
2307 2147 2507 2213 Anab.
2558 2146 2697 2212 VII.
2742 2147 2811 2213 6.
2850 2148 2963 2225 3¹7,
3095 2190 3096 2229 ι

583 2254 692 2321 sed
756 2254 1041 2319 confusio
1103 2251 1366 2320 illorum
1425 2252 1870 2319 adverbiorum
1936 2255 2003 2317 in
2068 2254 2299 2319 Anecd.
2368 2252 2485 2319 Bk.
2551 2275 2609 2339 p.
2666 2253 2824 2320 400.
2882 2253 2961 2319 29

583 2362 869 2444 itemque
927 2359 1104 2424 locus
1165 2357 1389 2424 Dionis
1444 2355 1647 2425 Cassii
1692 2356 1948 2425 XXIX.
2000 2358 2119 2435 22,
2172 2362 2283 2444 qui
2329 2358 2776 2447 Thucydidem
2826 2384 2965 2447 per-

469 2531 476 2538 .
585 2471 776 2553 petuo
821 2467 1150 2542 imitatur,
1201 2464 1442 2531 faciunt
1488 2470 1562 2531 ut
1611 2484 1731 2553 ego
1778 2485 2025 2553 quoque
2066 2466 2354 2548 dubitem
2388 2474 2600 2533 utram
2627 2466 2963 2534 lectionem

585 2571 951 2659 amplectar.
1021 2571 1163 2656 Ipse
1224 2574 1422 2638 etiam
1485 2569 1765 2638 Cobetus
1827 2572 1991 2638 lecta
2055 2572 2463 2639 Herwerdeni
2525 2573 2961 2651 adnotatione,

583 2678 750 2745 nihil
794 2680 1078 2765 reposuit
1125 2679 1348 2744 Mnem.
1397 2676 1585 2743 XIX.
1631 2676 1739 2742 89.

677 2892 858 2974 Quod
906 2891 1371 2959 Herwerdenus
1418 2892 1621 2960 edidit
1666 2891 1719 2957 Ι.
1770 2889 1893 2957 93:
1941 2889 1993 2957 οἱ
2040 2891 2165 2971 γὰρ
2214 2890 2479 2968 θεμέλιοι
2527 2892 2831 2958 παντοίων
2879 2891 2967 2957 λΙ·

586 3003 695 3066 θων
743 2999 1094 3066 ὑπόκεινται
1144 3001 1248 3063 καὶ
1300 3001 1364 3064 οὖ
1411 2999 1910 3079 ξυνηρμοσμένων
1954 2997 2080 3067 ient
2128 2995 2199 3080 ᾖ,
2250 3005 2461 3084 spreta
2505 3001 2741 3066 vitiosa
2780 2998 2967 3064 libro-

585 3128 730 3172 rum
775 3105 1047 3172 lectione
1094 3105 1849 3192 ἕυνειρχασμένων,
1890 3103 2143 3170 facilius
2183 3105 2445 3171 fortasse
2484 3107 2719 3192 corrigi
2736 3107 2968 3190 poterit

587 3212 1141 3294 ξυνειρμένων.
1187 3211 1358 3279 Leve
1403 3218 1498 3276 est
1543 3209 1929 3296 interpolare
1976 3207 2026 3274 I.
2070 3198 2191 3275 95:
2242 3210 2310 3285 ἦν
2334 3211 2457 3297 (τί)
2494 3233 2613 3276 που
2636 3209 2965 3292 βιάζηται,

587 3321 695 3386 sed
757 3318 964 3385 multo
1027 3321 1239 3406 magis
1301 3337 1406 3382 me
1453 3315 1713 3382 offendit
1758 3316 1807 3381 1.
1858 3315 1981 3382 99:
2028 3318 2429 3398 χρήματα
2480 3316 2785 3394 ἐτάξαντο
2834 3316 2965 3382 ἀντὶ

587 3433 704 3491 τῶν
752 3428 892 3491 νεῶν
941 3424 1010 3489 τὸ
1060 3424 1403 3502 ἱκνούμενον
1451 3421 1763 3499 ἀνάλωμα
1808 3421 2012 3503 Φέρειν
2037 3473 2051 3496 ,
2104 3423 2215 3487 ubi
2252 3423 2563 3508 impedita
2586 3426 2967 3491 constructio

589 3543 752 3622 est„
785 3553 948 3619 quae
1007 3530 1195 3617 plana
1257 3529 1402 3614 fiet,
1465 3535 1779 3615 expuncto
1824 3531 2083 3594 nomine
2128 3529 2458 3610 χρήματα.
2530 3528 2967 3615 Interpretatio

589 3646 685 3706 est.
747 3641 824 3706 de
887 3658 960 3705 eo
1023 3658 1252 3726 genere
1313 3635 1481 3722 quod
1528 3637 1719 3701 toties
1766 3635 1937 3720 apud
1982 3634 2424 3723 Thucydidem
2474 3641 2762 3702 recurrit.
2831 3637 2969 3702 Non

589 3744 775 3814 valde
822 3744 1025 3810 nitide
1070 3744 1371 3809 scribitur
1416 3741 1462 3806 I.
1520 3740 1682 3806 109:
1746 3741 2155 3822 παρατρέψας
2204 3739 2373 3824 ἄλλῃ
2420 3741 2491 3806 τὸ
2538 3740 2689 3821 ὕδωρ
2736 3741 2855 3816 τοὶς
2902 3765 2967 3806 τε

591 3857 740 3923 ναῦς
801 3853 903 3917 ἐπὶ
964 3855 1071 3916 τοῦ
1135 3849 1310 3929 ξηροῦ
1375 3847 1620 3924 ἐποίησε
1679 3848 1785 3912 καὶ
1834 3856 1942 3923 τῆς
1992 3851 2170 3922 νήσου
2214 3849 2301 3914 τὰ
2348 3849 2563 3914 πολλοὶ
2609 3849 2963 3929 ἤπειρον,

589 3980 741 4024 nam
805 3957 1062 4024 dabitur
1123 3957 1287 4022 mihi
1350 3956 1619 4021 verbum
1684 3955 1927 4029 ἐποίησε
1990 3954 2158 4021 haud
2223 3953 2547 4043 eleganter
2592 3957 2967 4043 cogitatione

591 4065 872 4151 suppleri
917 4084 1116 4149 posse.
1164 4061 1518 4148 Usurpavit
1563 4066 1777 4127 autem
1815 4059 2221 4148 Thucydides
2244 4058 2325 4126 ΙΙ.
2359 4059 2488 4126 102
2516 4062 2781 4128 verbum
2808 4064 2969 4136 ἠπει-

591 4177 723 4253 ροῦν
769 4171 962 4256 idque
1007 4171 1162 4237 facit
1207 4176 1282 4235 ut
1329 4168 1600 4234 scribere
1646 4165 1906 4233 malim:
1974 4175 2085 4239 τῆς
2134 4169 2314 4241 νήσου
2360 4168 2445 4232 τὰ
2494 4168 2706 4233 πολλὰ
2754 4173 2963 4243 ἤπει-

592 4302 738 4360 ρου.
786 4277 1028 4343 Eodem
1076 4276 1265 4342 modo
1310 4274 1419 4341 VI.
1467 4275 1543 4339 12
1591 4272 1923 4354 διείργεται
1969 4277 2037 4340 τὸ
2085 4275 2175 4352 μῆ
2216 4273 2539 4355 ἤπειρος
2590 4271 2805 4340 οὖσα.
2852 4273 2965 4339 Ba·

592 4385 865 4451 dhamus
911 4383 1178 4449 coniecit
1227 4383 1646 4466 ἦπειροῦσθαι,
1692 4400 2081 4467 quamquam
2128 4385 2407 4466 praestat
2452 4379 2715 4446 fortasse
2740 4379 2959 4466 perfec—

3039 0 3083 231 i

3055 324 3085 414 ’τ
