3150 5000
529 254 618 321 90
1507 242 1931 327 rnucrmnns.

528 438 850 521 ἐνδέχεται
909 440 1036 523 γὰρ
1099 442 1218 515 τὰς
1276 443 1601 527 ξυμφορὰς
1653 448 1766 509 τῶν
1815 441 2213 524 πραγμάτων
2257 445 2381 526 οὑχ
2428 441 2607 521 ἧσσον
2654 444 2903 521 ἀμαθῶς

526 555 801 629 χωρῆσαι
863 548 897 623 ἢ
961 550 1062 615 καὶ
1130 549 1246 622 τὰς
1294 551 1560 622 διανοίας
1614 556 1720 616 τοῦ
1770 552 2217 631 ἀνθρώπου,
2280 571 2483 636 quum
2528 548 2719 637 plane
2762 551 2907 616 ferri

527 676 654 721 non
713 658 913 740 possit
971 654 1136 721 illud
1187 661 1294 721 τοῦ
1343 658 1648 737 ἀνθρώπου
1666 704 1682 733 ,
1730 655 2058 723 lenissima
2103 659 2461 723 mutatione
2506 656 2907 723 scribendum

528 766 623 826 est
669 766 776 826 τοῦ
825 762 1185 840 ἀνθρωπείου
1203 810 1222 841 ,
1271 748 1587 849 quomodo
1635 762 2043 851 Thucydides
2090 784 2275 849 saepe
2320 761 2575 829 locutus
2622 768 2757 840 est,
2803 782 2909 827 ve-

525 864 652 931 luti
697 865 809 931 IV.
859 865 984 934 61:
1041 870 1286 948 πέφυκε
1345 868 1413 933 τὸ
1479 871 1833 949 άνθρώπειον
1898 867 2114 949 ἄρχειν
2162 873 2271 934 τοῦ
2317 866 2600 941 εἴκοντος.
2674 867 2911 935 Deinde

529 970 775 1038 difficili
818 972 956 1039 loco
1001 976 1068 1039 in
1113 975 1336 1041 eodem
1385 977 1629 1061 capite:
1678 973 1841 1040 ἄλλο
1879 999 1939 1040 τι
1984 974 2192 1057 μεῖζον
2224 974 2394 1047 εὐθὺς
2422 975 2911 1055 ἐπιταχθήσεσθε

527 1081 604 1151 ὥς
653 1078 834 1159 Φόβῳ
882 1081 986 1145 καὶ
1035 1084 1216 1147 τοῦτο
1263 1082 1759 1159 ὑπακούσαντες,
1829 1084 2031 1148 miror
2085 1080 2591 1149 Herwerdenum
2636 1101 2763 1147 non
2808 1081 2911 1147 ob-

529 1191 818 1252 secutum
864 1186 1057 1253 fuisse
1106 1187 1456 1274 Stephano,
1511 1191 1621 1274 qui
1670 1187 2051 1275 particulam
2104 1187 2180 1254 ἂν
2230 1191 2419 1255 inseri
2457 1190 2730 1253 iusserit.
2766 1186 2912 1253 Mox

529 1316 582 1361 e.
640 1295 763 1359 141
812 1294 948 1360 hiat
995 1298 1342 1361 sententia:
1392 1295 1645 1361 αὐτόθεν
1692 1296 1763 1371 δὴ
1811 1295 2159 1371 διανοῆθητε
2208 1294 2241 1370 ἢ
2290 1294 2620 1360 ὑπακούειν
2670 1294 2807 1373 πρίν
2854 1315 2912 1355 τι

529 1400 860 1478 βλαβῆναι
923 1399 957 1476 ἢ
1024 1402 1076 1465 εἰ
1139 1401 1609 1481 πολεμήσομεν,
1676 1404 1752 1473 ὦς
1801 1399 2017 1479 ἔμοιγε
2064 1399 2309 1479 ἄμεινον
2358 1401 2524 1466 δοκεῖ
2566 1396 2759 1478 εἶναι,
2810 1396 2909 1462 καὶ

533 1506 630 1571 ἐπὶ
695 1506 954 1589 μεγάλη
1013 1506 1120 1571 καὶ
1185 1508 1284 1571 ἐπὶ
1343 1508 1627 1591 βραχείᾳ
1674 1504 1889 1585 ὁμοίως
1936 1507 2243 1588 προφάσει
2292 1507 2381 1585 μὴ
2431 1504 2717 1583 εἵξοντες.
2787 1508 2914 1570 Aut

532 1634 726 1699 quam
772 1616 1052 1698 primum
1103 1634 1332 1681 manus
1379 1615 1526 1682 dare
1572 1615 1919 1697 debebitis,
1971 1620 2084 1679 aut
2128 1612 2371 1679 bellum
2420 1614 2671 1678 fortiter
2716 1614 2913 1677 susci-

533 1740 714 1805 pere:
780 1718 1031 1784 αὐτόθεν
1095 1720 1164 1794 δὴ
1229 1720 1576 1797 διανοήθητε
1642 1722 1673 1796 ἢ
1748 1720 2073 1785 ὑπακούειν
2132 1720 2165 1795 ἦ
2194 1765 2439 1785 ......
2512 1718 2675 1799 Quid
2740 1716 2916 1803 sequi

533 1826 746 1911 potuit
807 1832 1054 1909 praeter
1109 1826 1502 1893 infinitivum
1572 1836 1901 1904 πολεμεῖν,
1968 1830 2079 1911 qui
2142 1832 2287 1891 ante
2346 1825 2448 1889 καὶ
2510 1824 2611 1891 ἐπὶ
2662 1822 2915 1903 μεγάλη

537 1931 794 1997 excidit.
865 1931 1006 1998 Non
1065 1932 1336 2018 sufficit,
1403 1937 1501 1999 uti
1549 1934 1841 2020 equidem
1890 1934 2193 2016 arbitror,
2242 1930 2409 2018 quod
2455 1930 2915 1997 Herwerdenus

533 2046 677 2123 poet
725 2037 1080 2104 Arnoldum
1125 2042 1393 2105 inseruit
1440 2040 1538 2112 ὥς.

630 2249 854 2339 Capite
902 2252 950 2319 Ι.
1006 2251 1170 2319 143:
1218 2253 1352 2320 τόδε
1400 2278 1470 2319 τε
1519 2254 1790 2335 ὑπάρχει
1840 2254 1979 2320 καὶ
2004 2305 2020 2330 ,
2070 2251 2217 2333 ὅπερ
2265 2250 2573 2331 κράτιςον,
2632 2250 2916 2331 κυβερνή-

537 2382 654 2429 τας
704 2358 967 2439 ἔχομεν,
1017 2381 1138 2426 non
1185 2364 1341 2427 satis
1385 2382 1681 2445 assequor
1727 2361 1879 2447 quid
1930 2362 2291 2426 coniunctio
2338 2362 2476 2423 καί
2529 2358 2635 2424 hic
2681 2354 2917 2445 signifi·

537 2474 658 2531 cet.
717 2463 960 2533 Deinde
1005 2469 1070 2532 in
1123 2466 1332 2534 verbis
1380 2469 1877 2541 Πελοποννησίοις
1926 2467 2133 2548 πολλῷ
2182 2467 2509 2532 πλείοσι
2558 2466 2645 2542 μὴ
2698 2460 2921 2540 διαμά-

537 2575 800 2655 χεσθαι,
845 2594 1056 2656 nonne
1093 2577 1440 2660 requiritur
1485 2577 1759 2641 πλείοσιν
1808 2571 2011 2642 οὖσινῗ
2060 2574 2371 2658 Exspecto
2418 2593 2491 2637 ea
2538 2571 2614 2637 de
2652 2593 2723 2638 re
2760 2572 2919 2657 peri-

537 2686 750 2744 torum
798 2680 1088 2746 iudicum
1135 2684 1534 2748 sententiam.
1586 2681 1700 2746 Est
1746 2689 2067 2767 praeterea
2104 2679 2338 2745 inutile
2372 2677 2913 2764 supplementum,

539 2785 706 2873 quod
751 2789 819 2851 in
865 2793 1148 2852 extremo
1195 2786 1362 2854 libro
1406 2787 1695 2855 additur:
1745 2790 2011 2852 σπονδῶν
2058 2789 2185 2865 γάρ
2232 2785 2547 2865 σύγχυσις
2586 2785 2671 2849 τά
2711 2782 2917 2862 γιγνό-

538 2917 700 2970 μενα
747 2891 815 2970 ἦν
865 2893 966 2958 καὶ
1018 2893 1328 2974 πρόφασις
1377 2898 1483 2959 τοῦ
1530 2901 1848 2970 πολεμεῖν.

633 3103 858 3190 Capite
917 3105 998 3172 11.
1051 3107 1094 3172 4
1153 3107 1462 3173 claudunt
1521 3106 1925 3174 Plataeenses
1984 3113 2229 3193 portam
2252 3153 2269 3183 ,
2332 3103 2447 3174 ὦσε
2506 3105 2659 3182 μηδὲ
2722 3103 2919 3182 ταύτῃ

541 3213 662 3280 ἔτι
714 3210 906 3289 ἔξοδον
952 3207 1141 3288 εἶναι.
1209 3215 1318 3280 sed
1369 3215 1520 3300 quia
1565 3235 1692 3281 non
1740 3221 1999 3301 apparet
2044 3233 2427 3299 quemquam
2478 3211 2919 3278 Thebanorum

543 3339 618 3385 ea
665 3321 772 3384 via
815 3322 1124 3395 evasisse.
1172 3321 1518 3405 praestabit
1562 3321 1893 3388 eliminare
1940 3320 2315 3386 adverbium
2360 3316 2445 3382 ἔτι
2466 3368 2484 3403 ,
2526 3339 2725 3403 quum
2752 3336 2921 3402 prae-

541 3425 764 3492 sertim
810 3427 880 3489 in
925 3425 1108 3490 libris
1153 3445 1277 3491 non
1325 3427 1556 3492 habeat
1604 3435 1842 3492 certam
1892 3427 2125 3492 sedem.
2186 3425 2451 3490 Rectius
2492 3425 2794 3489 scribitur
2834 3419 2919 3487 11.

544 3529 666 3598 75:
713 3535 821 3594 τοῦ
867 3529 1100 3607 μηδένα
1147 3529 1240 3596 ἔτι
1279 3530 1523 3609 ἐξιέναι.
1572 3529 1796 3618 Capite
1836 3535 2109 3617 septimo
2146 3529 2443 3617 Spartani
2468 3529 2740 3615 repulsis
2760 3527 2921 3594 The-

541 3639 724 3704 banis
783 3658 1255 3724 quoquoversus
1317 3638 1564 3726 legatos
1623 3641 1929 3715 mittunt,
2006 3639 2076 3702 εἴ
2140 3661 2232 3702 πο
2254 3640 2377 3702 θέν
2441 3660 2582 3701 τινα
2644 3639 2919 3717 ὠφελίαν

545 3741 793 3822 ἤλπιζον
839 3746 1338 3822 προσλήψεσθαι,
1403 3744 1514 3810 sed
1573 3747 1641 3810 in
1688 3745 1855 3828 quod
1906 3746 2335 3829 unusquisque
2381 3743 2657 3808 incidere
2704 3742 2919 3816 debet,

543 3871 772 3936 nempe
811 3851 1054 3928 ὁπόθεν,
1095 3852 1163 3917 id
1201 3850 1611 3917 confirmatur
1648 3851 1869 3917 Dionis
1910 3848 2113 3917 Cassii
2151 3851 2549 3925 testimonio,
2577 3851 2689 3933 qui
2710 3849 2919 3914 locum

547 3957 880 4042 descripsit
926 3955 1214 4023 XLVHl.
1265 3956 1389 4022 28:
1455 3956 1665 4022 ὁπόθεν
1712 3959 1849 4023 τινὰ
1898 3957 2173 4037 ὠφελίαν
2220 3957 2681 4036 προσλήψεσθαι
2732 3955 2921 4030 ἐνάμι-

546 4061 662 4144 ζον.
737 4061 862 4129 Sed
923 4083 1072 4128 mox
1135 4066 1423 4149 sequitur
1481 4063 1669 4131 valde
1730 4063 2074 4149 impeditus
2129 4060 2336 4126 locus:
2412 4061 2920 4137 Λακεδαιμο·

545 4170 744 4240 νίοις
793 4169 938 4249 πρὸς
984 4175 1126 4240 ταῖς
1175 4171 1365 4236 αὑτοῦ
1416 4169 1842 4253 ὑπαρχούσαις
1894 4167 1961 4244 ἐξ
2014 4168 2293 4241 Ἰταλίας
2334 4166 2439 4232 καὶ
2468 4168 2765 4240 Σικελίας
2802 4171 2920 4235 τοῖς

545 4276 836 4341 τάκείνων
887 4273 1188 4351 ἑλομένοις
1235 4279 1380 4347 ναῦς
1420 4276 1744 4355 ἐπετάχθη
1786 4276 2108 4342 ποιεῖσθαι.
2156 4273 2454 4338 Primum
2482 4271 2919 4338 conferendum

548 4389 644 4448 est
691 4381 855 4466 quod
901 4381 1124 4446 scribit
1163 4379 1572 4468 Thucydides
1610 4381 1735 4448 III.
1780 4379 1907 4448 86:
1958 4379 2102 4460 πρὸς
2144 4383 2254 4456 τὴν
2287 4385 2403 4444 τῶν
2428 4377 2919 4462 Λακεδαιμονίων
