3150 5000
559 238 696 308 268
1418 261 1695 313 mnus
1736 261 2073 314 romnus.

561 430 759 505 γυρᾶς
820 426 885 492 δὲ
944 427 1348 500 διπλασίονας
1408 427 1771 515 (200000),
1822 428 2089 494 πινάκων
2126 429 2367 510 χρυσῶν
2406 427 2713 511 μυριὲδας
2756 428 2941 504 ὅκα-ὧ,

563 530 880 618 (80000),
927 531 1153 599 τούτων
1197 534 1260 599 δὲ
1307 537 1605 616 ἀργυροῦς
1653 536 2056 608 διπλασίονας
2108 533 2463 623 (160000),
2516 541 2836 617 κρατῆρας
2884 533 2944 598 δὲ

561 643 826 720 χρυσοῦς
891 643 1003 716 μὲν
1065 638 1527 721 ἑξακισμυρίους
1594 639 1910 724 (60000),
1976 643 2275 722 αργυροῢς
2344 641 2407 707 δὲ
2466 640 2556 713 δὶς
2620 639 2939 706 τοσούτους

561 744 915 825 (120000),
978 747 1357 825 σαλπίγγων
1417 747 1721 830 μυριάδας
1789 747 1971 814 εἴκοσι
2039 747 2365 834 (200000)
2384 797 2401 827 ,
2450 745 2578 813 alia
2622 746 2938 833 plurima,

562 872 723 937 quae
782 855 1034 920 omitto,
1104 853 1320 930 Alibi,
1367 853 1544 920 locus
1590 861 1688 921 est
1733 856 1951 940 Antiq.
2002 853 2106 919 12.
2155 853 2219 919 2.
2268 853 2346 932 3,
2394 853 2677 940 legimus
2722 873 2939 939 regem

561 959 1034 1046 Aegyptiorum
1095 960 1397 1025 suadente
1442 961 1694 1026 Aristea
1739 961 2083 1050 redemisse
2128 965 2441 1046 quotquot
2484 962 2553 1025 in
2600 979 2804 1046 regno
2844 959 2939 1023 Is-
3071 1005 3072 1062 3

559 1063 821 1130 raelitae
867 1066 1242 1131 servitutem
1293 1068 1624 1132 servirent.
1692 1066 1891 1132 Erant
1940 1068 2219 1133 universi
2258 1067 2469 1143 ὀλίγον
2513 1066 2794 1137 πλείονες
2832 1071 2940 1128 τῶν

559 1169 712 1236 δέκα
776 1169 1076 1250 μυριάδων
1137 1176 1202 1237 et
1261 1172 1673 1238 redemtionis
1733 1175 2011 1259 pretium
2082 1178 2219 1237 erat
2288 1172 2741 1238 drachmarum
2815 1169 2940 1235 120

561 1278 628 1340 in
677 1275 985 1363 singulos.
1054 1277 1280 1363 Itaque
1327 1278 1562 1344 dixeris
1609 1299 1766 1364 opus
1804 1279 2001 1344 fuisse
2034 1278 2417 1344 talentorum
2456 1277 2706 1343 duobus
2746 1275 2941 1341 milli·
3071 1293 3072 1296 ¹

563 1381 698 1445 bus.
771 1381 1220 1448 Mathematici
1285 1389 1500 1449 tamen
1557 1386 1892 1470 purpurati
1951 1388 2019 1450 in
2066 1385 2215 1450 aula
2259 1386 2465 1471 regia,
2516 1382 2941 1468 computando

560 1489 896 1553 inveniunt
943 1509 1100 1573 opus
1144 1491 1276 1555 fore
1322 1490 1581 1556 talentis
1629 1490 1759 1556 fere
1809 1489 1976 1575 400,
2026 1511 2221 1575 quae,
2268 1493 2370 1555 uti
2408 1490 2622 1574 vides,
2660 1491 2780 1555 vix
2818 1488 2941 1553 suf-

561 1591 742 1658 ficere
777 1600 1066 1679 poterant
1105 1594 1185 1659 ad
1227 1598 1517 1680 quintam
1559 1595 1895 1661 hominnm
1934 1601 2178 1682 partem
2220 1596 2680 1661 redimendam.
2732 1597 2939 1678 Atque

562 1705 788 1783 putare
831 1699 966 1765 noli
1009 1700 1302 1767 librarios
1347 1703 1508 1767 forte
1553 1705 1719 1767 circa
1761 1722 2061 1767 numeros
2104 1701 2375 1787 proclivi
2414 1721 2622 1767 errore
2663 1700 2938 1766 declina-

563 1807 731 1871 visse
789 1827 826 1872 a
881 1827 1031 1872 vera
1092 1810 1370 1883 ratione,
1429 1827 1583 1872 nam
1645 1811 1720 1872 ut
1780 1813 1877 1873 est
1927 1806 1967 1872 J
1970 1808 2240 1892 osephus
2302 1807 2537 1892 loquax
2587 1811 2652 1871 et
2698 1805 2791 1878 δὶς
2838 1803 2935 1868 καὶ
3071 1777 3072 1858 J

563 1913 688 1991 τρὶς
749 1912 962 1977 ταῦτα
1023 1912 1261 1997 λέγων,
1325 1912 1522 1978 iidem
1589 1916 1840 1979 numeri
1901 1919 2043 1999 post
2102 1913 2347 1998 aliquot
2392 1933 2692 1978 versuum
2742 1914 2935 1976 inter-
3071 1929 3072 1932 ’

565 2018 808 2085 vallum
871 2022 1006 2085 sine
1065 2019 1358 2086 lectionis
1420 2023 1729 2086 varietate
1789 2025 2138 2085 recurrunt.
2212 2017 2481 2086 Docebit
2527 2023 2745 2084 autem
2794 2017 2933 2084 Ari-

563 2136 729 2191 steas
749 2173 767 2203 ‚
827 2128 882 2190 si
943 2128 1048 2191 cui
1105 2127 1368 2192 idoneus
1427 2131 1651 2192 auctor
1696 2130 1791 2191 est
1808 2173 1824 2204 ‚
1874 2125 2225 2211 persolutae
2270 2126 2465 2190 fuisse
2508 2144 2621 2211 pro
2668 2121 2933 2210 singulis

563 2235 764 2297 servis
811 2232 1144 2298 drachmas
1187 2235 1456 2309 nicenam
1495 2235 1587 2298 sic
1623 2235 1788 2297 ratio
1825 2237 1995 2298 recte
2033 2238 2322 2316 apparet:
2350 2230 2389 2296 J
2392 2231 2663 2317 osephus
2686 2236 2899 2295 autem
2915 2273 2932 2304 ‚

564 2340 670 2403 cui
729 2336 894 2402 nihil
941 2357 1250 2422 umquam
1297 2340 1454 2404 satis
1499 2345 1631 2422 est,
1680 2359 2019 2403 numerum
2066 2337 2515 2404 drachmarum
2559 2334 2929 2419 :ntupum

562 2443 747 2530 fecit,
808 2443 916 2509 sed
978 2442 1214 2509 oblitus
1277 2449 1373 2509 est
1431 2442 1709 2510 calculos
1770 2444 2137 2509 subducere.
2224 2441 2347 2510 Sed
2410 2442 2552 2510 leve
2618 2442 2739 2508 hoc
2808 2459 2932 2506 esse

563 2549 750 2614 dicis:
819 2552 1034 2634 itaque
1093 2548 1283 2636 paulo
1343 2552 1583 2633 maiora
1628 2569 1949 2615 canamus.
2018 2548 2285 2634 Aliquot
2328 2548 2587 2635 proeliis
2636 2548 2931 2615 commis-

563 2658 652 2720 sis
714 2655 753 2721 J
761 2657 913 2721 udas
965 2656 1415 2733 Maccabaeus,
1465 2658 1681 2742 Antiq.
1737 2657 1843 2722 12.
1891 2656 1954 2721 8.
2010 2656 2087 2740 5,
2134 2678 2272 2723 rem
2320 2656 2610 2724 divinam
2657 2654 2929 2741 peragit:

562 2761 824 2833 οὐδεὶς
887 2762 1015 2842 γὰρ
1075 2763 1133 2825 ἐν
1195 2762 1430 2834 τούτοις
1497 2769 1621 2833 τοῖς
1693 2760 1982 2839 πολέμοις
2053 2768 2173 2827 τῶν
2241 2763 2544 2827 Ἰουδαίων
2614 2759 2930 2826 ἀπέθανεν.

562 2864 783 2933 Credis
827 2866 944 2933 illa
989 2872 1194 2932 aetate
1239 2870 1570 2934 incruenta
1619 2866 1789 2933 bella
1832 2864 2064 2933 fuisse?
2132 2868 2382 2954 Inspice
2418 2869 2635 2954 Antiq.
2684 2866 2785 2933 12.
2834 2864 2933 2931 10.

566 2973 642 3038 5:
710 2975 777 3038 ἐκ
827 2982 938 3049 τῆς
985 2972 1206 3054 μάχης
1257 2972 1493 3047 ταύτης
1539 2972 1800 3047 οὐδεὶς
1852 2974 2147 3056 διέφυγεν
2194 2972 2375 3038 ὄντων
2423 2977 2624 3040 αὐτῶν
2673 2975 2933 3038 ἐννακισ-

563 3080 803 3158 χιλίων.
874 3080 1061 3146 Nunc
1125 3100 1249 3146 usu
1310 3081 1490 3146 venit
1541 3078 1742 3145 illud:
1794 3078 1979 3152 οὕτως
2026 3081 2463 3162 ἀταλαίπωρος
2514 3089 2642 3153 τοῖς
2689 3086 2933 3147 πολλοῖς

567 3188 600 3260 ἡ
663 3185 914 3266 ζήτησις
970 3192 1080 3259 τῆς
1138 3185 1435 3259 ἀληθείας
1497 3185 1602 3250 καὶ
1669 3186 1767 3251 ἐπὶ
1833 3185 1919 3250 τὰ
1982 3182 2207 3263 ἕτοιμα
2275 3190 2523 3263 μᾶλλον
2594 3187 2933 3267 τρέπονται.

565 3292 970 3358 Abrahamus
1053 3292 1427 3357 Patriarcha
1493 3290 1651 3357 olim
1721 3295 2076 3379 Aegyptios
2146 3292 2621 3358 arithmeticam
2692 3291 2932 3370 docuit,

568 3400 781 3484 Antiq.
851 3398 909 3462 1.
976 3397 1039 3462 8.
1099 3396 1176 3481 2,
1245 3398 1354 3464 sed
1417 3398 1587 3483 apud
1644 3403 1925 3482 posteros
1988 3398 2127 3464 eius
2183 3418 2284 3463 ars
2343 3401 2607 3484 periisse
2669 3396 2935 3465 videtur.

568 3504 904 3591 Pugnatur
971 3502 1272 3568 adversus
1339 3503 1767 3578 Amalecitas.
1836 3506 2055 3589 Antiq.
2124 3504 2187 3569 3.
2260 3504 2322 3570 2.
2396 3504 2469 3570 5:
2544 3506 2807 3570 ἀπέθανε
2876 3501 2933 3565 δὲ

568 3609 874 3690 Ἑβραίων
933 3610 1048 3686 μὲν
1107 3609 1337 3686 οὐδείς,
1402 3611 1521 3674 τῶν
1579 3610 1644 3674 δὲ
1692 3610 2001 3688 πολεμίων
2047 3606 2217 3681 ὅσους
2264 3610 2387 3675 οὐδ’
2437 3612 2671 3693 α’ριθμῷ
2718 3612 2933 3689 γνῶναι

568 3716 819 3781 δυνατὸν
885 3712 972 3789 ἦν.
1057 3714 1184 3781 Sed
1240 3713 1279 3780 J
1285 3715 1501 3801 osephi
1555 3716 1674 3782 hoc
1735 3722 2170 3783 commentum
2228 3722 2356 3794 est3
2424 3716 2520 3783 nil
2583 3716 2712 3785 tale
2779 3718 2933 3782 certe

567 3823 826 3887 invenio
867 3821 1067 3887 Exod.
1121 3818 1224 3887 1¹7.
1279 3819 1384 3885 13.

660 3928 1246 4015 Exaggerationum
1307 3927 1475 4013 apud
1536 3926 1576 3993 J
1581 3928 1889 4014 osephum
1954 3950 2068 3995 nec
2124 3916 2355 3995 modus
2424 3949 2538 3995 nec
2608 3929 2751 3995 finis
2816 3930 2932 4000 est,

572 4031 739 4117 quod
800 4050 923 4097 non
985 4039 1080 4097 est
1142 4033 1486 4098 admodum
1547 4034 1913 4100 mirandum
1974 4038 2043 4099 in
2104 4034 2363 4099 homine
2430 4036 2769 4114 mendace,
2835 4032 2935 4117 qui

573 4142 894 4221 praeterea
936 4159 1288 4223 numquam
1338 4139 1679 4217 didicerat,
1729 4140 1884 4225 quid
1932 4146 2096 4206 esset
2142 4141 2211 4205 τὸ
2259 4140 2503 4222 πρέπον.
2580 4140 2802 4207 Veluti
2836 4158 2935 4203 rex

571 4240 1015 4326 Ptolemaeus,
1078 4243 1234 4309 dum
1293 4244 1556 4311 Sacrum
1624 4242 1954 4325 Cofficem,
2031 4250 2215 4314 cuius
2280 4268 2360 4314 ne
2429 4269 2623 4315 unam
2693 4246 2933 4333 quidem

568 4348 824 4414 literam
890 4347 1100 4435 leg-ere
1147 4354 1430 4435 poterat,
1477 4353 1777 4417 manibus
1826 4354 2113 4433 tenebat,
2162 4356 2381 4441 Antiq.
2432 4352 2541 4421 12.
2588 4354 2652 4421 2.
2706 4354 2781 4421 11
2804 4400 2819 4431 ,
2860 4350 2929 4415 δι’
