3150 5000
547 243 679 308 244
1565 263 1899 308 annusve

541 422 696 497 litae
743 451 820 495 ne
865 429 968 496 his
1013 429 1272 543 quidem
1320 429 1583 495 remotis
1632 393 2063 513 adpositisque
2110 424 2477 493 fortioribus
2516 425 2927 490 abscesse-

544 542 735 603 runt
780 535 889 602 sed
937 512 1361 602 tumescentes
1407 534 1757 600 inedia..
1808 540 2096 598 armenta
2139 531 2247 598 uel
2290 552 2522 621 greges
2566 533 2926 604 incursant,

543 641 669 709 ita''
715 647 862 708 cett.
1045 645 1050 659 '

635 748 999 814 Perfectum
1060 752 1316 833 tempus
1366 767 1403 812 a
1421 745 1462 811 b
1483 768 1513 810 s
1533 767 1564 811 c
1582 767 1617 810 e
1636 766 1667 810 s
1683 767 1712 810 s
1728 767 1763 811 e
1778 768 1811 811 r
1824 769 1870 811 u
1885 769 1927 811 n
1947 751 1973 811 t
2018 747 2168 832 ferri
2212 765 2335 811 non
2385 765 2565 830 posse
2613 743 2737 810 loci
2782 763 2932 808 con-

545 861 760 921 textus
809 855 964 920 satis
1011 855 1304 922 ostendit.
1355 851 1620 920 Gonicio
1666 858 2085 921 arcentur.
2137 891 2221 901 -
2264 851 2336 917 In
2372 851 2519 917 Vat.
2560 856 2657 916 est
2689 870 2930 916 acces·
3089 857 3090 872 ¹

547 971 858 1030 serunt.

641 1175 702 1241 7.
753 1175 815 1242 8.
881 1176 1094 1254 „Inter
1139 1177 1478 1262 praecipua
1523 1179 1693 1243 enim
1742 1196 1902 1261 quae
1948 1196 2169 1242 eorum
2218 1177 2481 1259 quisque
2527 1172 2742 1239 studio
2794 1191 2936 1256 pos-

549 1284 792 1349 sederat
853 1283 960 1348 uel
1020 1285 1278 1369 ingenio
1299 1330 1314 1359 ‚
1379 1288 1491 1349 aut
1553 1304 1804 1368 rapax
1867 1303 1964 1348 au
1983 1288 2012 1346 t
2071 1282 2325 1348 feritate
2388 1281 2767 1346 contemtior
2814 1279 2939 1342 fuit

550 1396 663 1456 aut
709 1392 1072 1474 propensior
1119 1389 1196 1453 ad
1241 1388 1620 1454 laedendum
1644 1439 1663 1474 ,
1706 1391 1811 1454 uel
1850 1388 2327 1455 clientibus
2360 1386 2637 1452 nimium
2664 1384 2937 1450 blandus

549 1503 662 1562 aut
707 1497 1026 1580 potentiae
1071 1494 1238 1560 fastu
1287 1495 1673 1580 superbior”.

643 1600 876 1666 Malim
943 1603 1469 1686 „rapacitate
1523 1609 1604 1668 et
1650 1603 1900 1669 feritate
1948 1599 2383 1668 contemtior”.
2438 1637 2518 1648 —
2568 1597 2941 1664 Clienti-

553 1709 704 1772 bus
763 1709 1155 1772 coniecturae
1217 1686 1464 1773 Valesii
1525 1709 1810 1774 debetur.
1879 1707 1951 1773 In
2016 1707 2159 1774 Vat.
2224 1713 2321 1773 est
2381 1706 2440 1773 li
2464 1705 2809 1792 gendim
2834 1725 2940 1769 us.

551 1814 782 1880 Veram
829 1812 1168 1878 lectionem
1219 1821 1374 1898 puto
1417 1835 1500 1880 se
1541 1815 2148 1901 ingerentibus
2188 1817 2230 1879 i.
2256 1835 2311 1879 e.
2350 1813 2724 1877 bominibus
2746 1812 2941 1876 nimis

555 1918 877 1995 officiosis,
943 1917 1112 1983 ultro
1174 1937 1430 2004 operam
1496 1941 1680 1985 suam
1745 1919 2101 2005 pollicendo
2164 1940 2231 1985 se
2276 1917 2769 1984 insinuantibus.
2846 1913 2941 1981 cf.

553 2024 723 2090 Plin.
789 2024 939 2089 Pan.
1007 2021 1129 2088 86:
1199 2025 1627 2109 „praefectum
1694 2028 2007 2111 praetorio
2054 2044 2178 2090 non
2227 2045 2303 2090 ex
2351 2022 2795 2111 ingerentibus
2844 2042 2943 2102 se,

557 2131 665 2198 sed
712 2151 747 2195 e
792 2131 1312 2196 subtrahentibus
1357 2129 1623 2219 leg-ere”.

650 2344 714 2409 8.
775 2341 838 2408 8.
906 2342 1276 2422 „Veterator
1335 2344 1598 2429 quidam
1661 2346 1739 2412 ad
1800 2345 2052 2412 lautum
2118 2347 2485 2412 conuiuium
2552 2348 2821 2430 rogatus
2884 2343 2943 2404 et

555 2449 872 2516 mundum
902 2497 918 2516 .
947 2497 963 2515 .
994 2500 1010 2516 .
1069 2469 1214 2515 cum
1264 2451 1532 2517 uidisset
1579 2452 1923 2519 linteorum
1978 2452 2277 2519 toralium
2328 2472 2475 2538 par,
2526 2451 2684 2516 duos
2730 2448 2946 2516 clauos

556 2560 649 2622 ita
705 2556 1052 2622 latissimos
1118 2565 1192 2621 ut
1255 2558 1378 2622 sibi
1426 2560 1715 2623 uicissim
1766 2568 1899 2624 arte
1949 2561 2447 2624 ministrantium
2503 2556 2940 2634 cohaererent,

557 2684 972 2749 mensamque
1033 2667 1444 2748 operimentis
1509 2666 1767 2749 paribus
1827 2672 2101 2741 tectam,
2162 2666 2674 2729 anteriorem
2722 2661 2945 2727 chla-

557 2770 835 2857 mydis
900 2778 1142 2854 partem
1210 2778 1476 2857 utraque
1525 2793 1719 2836 manu
1768 2772 2080 2836 uehens
2127 2774 2508 2835 intrinsecus
2557 2776 2945 2833 structuram

559 2897 815 2944 omnem
865 2883 938 2940 ut
985 2879 1263 2943 amictus
1311 2877 1727 2942 adornauerat
1774 2876 2209 2962 principales”.

651 2981 822 3063 Quid
882 2982 1136 3047 tandem
1200 2970 1441 3049 fraudis
1504 2990 1825 3048 ueterator
1872 2984 1984 3049 ille
2034 2983 2428 3049 commiserit
2478 3003 2556 3046 ex
2604 2982 2723 3046 hoc
2774 2980 2947 3061 loce,

557 3095 635 3154 ut
678 3108 846 3154 nunc
893 3087 1139 3162 editur,
1186 3091 1454 3153 minime
1503 3097 1782 3174 apparet.
1833 3088 2053 3155 Voluit
2102 3091 2408 3154 nimirum
2445 3088 2776 3153 dominum
2809 3108 2947 3152 con-

558 3198 726 3261 uiuii
790 3196 1055 3259 crimine
1115 3196 1470 3260 maiestatis
1516 3196 1926 3273 insimulare,
1978 3204 2303 3279 tamquam
2326 3244 2343 3277 ‚
2393 3182 2665 3279 pallium
2714 3214 2946 3279 purpu-

555 3322 738 3367 reum
787 3300 1092 3385 texendo,
1143 3302 1399 3383 imperii
1450 3300 1781 3367 affectandi
1822 3301 2085 3366 consilia
2126 3303 2392 3365 iniisset.
2444 3300 2704 3365 Viderat
2730 3308 2941 3365 autem

561 3412 626 3473 et
687 3411 969 3471 tororum
1021 3406 1338 3493 stragulas
1386 3413 1452 3471 et
1497 3428 1798 3491 mappam
1848 3407 1998 3472 latis
2047 3408 2245 3472 clauis
2294 3409 2627 3491 purpureis
2674 3406 2779 3471 vel
2831 3408 2945 3471 cir·

563 3516 892 3579 cumsutas
951 3511 1055 3577 uel
1119 3515 1595 3578 circumtextas.
1669 3512 1793 3578 Vel
1858 3514 2057 3579 torale
2119 3515 2324 3600 igitur
2386 3512 2491 3577 uel
2548 3512 2817 3577 mantile
2860 3514 2945 3575 ita

563 3618 794 3704 plicuit
856 3623 927 3682 ut
990 3619 1125 3683 bini
1181 3618 1348 3683 claui
1408 3621 1756 3683 introrsum
1806 3618 1953 3683 flexi
2003 3640 2135 3684 sese
2180 3620 2460 3683 inuicem
2513 3620 2946 3704 contingentes

561 3728 753 3791 unius
815 3731 1104 3791 texturae
1163 3726 1497 3790 continuae
1546 3727 1821 3811 speciem
1872 3725 2261 3809 praeberent.
2334 3722 2556 3809 Itaque
2604 3724 2777 3787 haud
2824 3723 2945 3787 scio

563 3854 643 3899 an
702 3830 1048 3919 legendum
1113 3834 1198 3896 sit
1266 3833 1819 3908 „exteriorem
1883 3830 2343 3896 uelaminis
2389 3836 2637 3915 partem
2686 3836 2947 3913 utraque

564 3960 760 4006 manu
806 3943 1154 4003 uertens
1202 3940 1617 4014 intrinsecus,
1666 3941 2051 4003 structuram
2101 3958 2355 4002 omnem
2407 3943 2481 4001 ut
2527 3940 2803 4001 amictus
2846 3934 2945 3999 ad-

564 4050 900 4112 ornauerat
933 4041 1369 4128 principales”.
1409 4081 1491 4091 -
1529 4042 1601 4108 In
1645 4041 1785 4109 Vat.
1827 4050 1923 4108 est
1961 4042 2383 4109 clamidis.
2424 4040 2810 4106 Intrinsecus
2840 4059 2943 4127 pro

562 4153 907 4217 introrsum
949 4148 1191 4236 legitur
1227 4151 1356 4215 iam
1399 4148 1566 4234 apud
1607 4146 1784 4215 Suet.
1814 4147 1954 4214 Oct.
1982 4148 2101 4214 95:
2138 4148 2481 4233 „replicare
2504 4144 2939 4213 intrinsecus”.

561 4258 646 4325 Et
705 4261 797 4325 sic
858 4259 994 4343 ipse
1040 4258 1257 4321 Amm.
1309 4254 1505 4321 XVII.
1565 4252 1625 4321 7.
1678 4254 1755 4321 6:
1807 4255 2156 4333 „inclinata
2201 4255 2462 4342 fastigia
2507 4250 2937 4319 intrinsecus”.
