<?xml version="1.0" encoding="UTF-8"?>
<!DOCTYPE html PUBLIC "-//W3C//DTD XHTML 1.0 Transitional//EN"
    "http://www.w3.org/TR/xhtml1/DTD/xhtml1-transitional.dtd">
<html xmlns="http://www.w3.org/1999/xhtml" xml:lang="en" lang="en">
 <head>
  <title>
</title>
<meta http-equiv="Content-Type" content="text/html;charset=utf-8" />
  <meta name='ocr-system' content='tesseract 3.04.00' />
  <meta name='ocr-capabilities' content='ocr_page ocr_carea ocr_par ocr_line ocrx_word'/>
</head>
<body>
  <div class='ocr_page' id='page_1' title='image "./mnemosyne06servgoog_0687.png"; bbox 0 0 3150 5000; ppageno 0'>
   <div class='ocr_carea' id='block_1_1' title="bbox 1298 214 2649 288">
    <p class='ocr_par' dir='ltr' id='par_1_1' title="bbox 1298 214 2649 288">
     <span class='ocr_line' id='line_1_1' title="bbox 1298 214 2649 288; baseline -0.004 -2"><span class='ocrx_word' id='word_1_1' title='bbox 1298 237 1632 288; x_wconf 67' lang='lat' dir='ltr'>mausus.</span> <span class='ocrx_word' id='word_1_2' title='bbox 2517 214 2649 282; x_wconf 83' lang='lat'>209</span> 
     </span>
    </p>
   </div>
   <div class='ocr_carea' id='block_1_2' title="bbox 263 397 2655 4432">
    <p class='ocr_par' dir='ltr' id='par_1_2' title="bbox 269 397 2654 895">
     <span class='ocr_line' id='line_1_2' title="bbox 374 397 2654 490; baseline -0 -22"><span class='ocrx_word' id='word_1_3' title='bbox 374 397 524 487; x_wconf 85' lang='lat' dir='ltr'>Cap.</span> <span class='ocrx_word' id='word_1_4' title='bbox 579 399 639 466; x_wconf 84' lang='lat'>5.</span> <span class='ocrx_word' id='word_1_5' title='bbox 703 398 854 468; x_wconf 82' lang='lat' dir='ltr'>Sine</span> <span class='ocrx_word' id='word_1_6' title='bbox 916 402 1208 490; x_wconf 88' lang='lat' dir='ltr'>exemplo</span> <span class='ocrx_word' id='word_1_7' title='bbox 1255 404 1496 472; x_wconf 81' lang='lat' dir='ltr'>dictum</span> <span class='ocrx_word' id='word_1_8' title='bbox 1546 405 1833 472; x_wconf 84' lang='lat' dir='ltr'>videtur:</span> <span class='ocrx_word' id='word_1_9' title='bbox 1880 403 2129 486; x_wconf 72' lang='grc' dir='ltr'><strong><em>ἐζήτουν</em></strong></span> <span class='ocrx_word' id='word_1_10' title='bbox 2174 404 2313 470; x_wconf 76' lang='grc' dir='ltr'><strong><em>τινὰ</em></strong></span> <span class='ocrx_word' id='word_1_11' title='bbox 2352 399 2654 484; x_wconf 77' lang='grc' dir='ltr'><strong><em>σωτηρίαν</em></strong></span> 
     </span>
     <span class='ocr_line' id='line_1_3' title="bbox 275 507 2651 597; baseline 0.002 -26"><span class='ocrx_word' id='word_1_12' title='bbox 275 507 460 588; x_wconf 71' lang='grc' dir='ltr'><strong><em>περὶ</em></strong></span> <span class='ocrx_word' id='word_1_13' title='bbox 509 515 626 572; x_wconf 83' lang='grc' dir='ltr'>τῶν</span> <span class='ocrx_word' id='word_1_14' title='bbox 675 508 1024 594; x_wconf 75' lang='grc' dir='ltr'><strong><em>παρόντων,</em></strong></span> <span class='ocrx_word' id='word_1_15' title='bbox 1074 510 1242 597; x_wconf 87' lang='lat' dir='ltr'>quod</span> <span class='ocrx_word' id='word_1_16' title='bbox 1289 532 1508 578; x_wconf 83' lang='lat' dir='ltr'>omnes</span> <span class='ocrx_word' id='word_1_17' title='bbox 1549 513 1633 576; x_wconf 77' lang='grc' dir='ltr'>ἐκ</span> <span class='ocrx_word' id='word_1_18' title='bbox 1671 518 1788 577; x_wconf 81' lang='grc' dir='ltr'>τῶν</span> <span class='ocrx_word' id='word_1_19' title='bbox 1831 511 2142 593; x_wconf 87' lang='grc' dir='ltr'><strong><em>παρόντων</em></strong></span> <span class='ocrx_word' id='word_1_20' title='bbox 2182 511 2388 576; x_wconf 79' lang='lat' dir='ltr'>dicere</span> <span class='ocrx_word' id='word_1_21' title='bbox 2426 509 2651 594; x_wconf 77' lang='lat' dir='ltr'>solent,</span> 
     </span>
     <span class='ocr_line' id='line_1_4' title="bbox 273 615 2649 704; baseline 0 -26"><span class='ocrx_word' id='word_1_22' title='bbox 273 619 348 678; x_wconf 89' lang='lat' dir='ltr'>ut</span> <span class='ocrx_word' id='word_1_23' title='bbox 419 617 485 679; x_wconf 90' lang='lat' dir='ltr'>in</span> <span class='ocrx_word' id='word_1_24' title='bbox 557 615 676 680; x_wconf 82' lang='lat' dir='ltr'>hoe</span> <span class='ocrx_word' id='word_1_25' title='bbox 737 615 874 700; x_wconf 85' lang='lat' dir='ltr'>ipso</span> <span class='ocrx_word' id='word_1_26' title='bbox 936 619 1180 702; x_wconf 83' lang='lat' dir='ltr'>eapite:</span> <span class='ocrx_word' id='word_1_27' title='bbox 1242 617 1271 682; x_wconf 84' lang='grc' dir='ltr'><em>ἔ</em></span> <span class='ocrx_word' id='word_1_28' title='bbox 1292 644 1327 683; x_wconf 92' lang='grc' dir='ltr'><strong><em>κ</em></strong></span> <span class='ocrx_word' id='word_1_29' title='bbox 1390 625 1506 684; x_wconf 80' lang='grc' dir='ltr'>τῶν</span> <span class='ocrx_word' id='word_1_30' title='bbox 1560 619 1824 684; x_wconf 76' lang='grc' dir='ltr'><strong><em>ἐνόντων.</em></strong></span> <span class='ocrx_word' id='word_1_31' title='bbox 1874 618 2053 700; x_wconf 77' lang='grc' dir='ltr'><strong><em>περὶ</em></strong></span> <span class='ocrx_word' id='word_1_32' title='bbox 2106 639 2184 684; x_wconf 86' lang='lat' dir='ltr'>ex</span> <span class='ocrx_word' id='word_1_33' title='bbox 2231 617 2649 704; x_wconf 78' lang='lat' dir='ltr'>praegressis:</span> 
     </span>
     <span class='ocr_line' id='line_1_5' title="bbox 270 719 2653 810; baseline 0.001 -26"><span class='ocrx_word' id='word_1_34' title='bbox 270 744 318 784; x_wconf 86' lang='grc' dir='ltr'><strong><em>π</em></strong></span> <span class='ocrx_word' id='word_1_35' title='bbox 337 745 366 784; x_wconf 83' lang='grc' dir='ltr'>ε</span> <span class='ocrx_word' id='word_1_36' title='bbox 383 719 450 800; x_wconf 84' lang='grc' dir='ltr'><strong><em>ρὶ</em></strong></span> <span class='ocrx_word' id='word_1_37' title='bbox 523 727 640 786; x_wconf 82' lang='grc' dir='ltr'>τῶν</span> <span class='ocrx_word' id='word_1_38' title='bbox 695 721 836 787; x_wconf 84' lang='grc' dir='ltr'><strong><em>τότε</em></strong></span> <span class='ocrx_word' id='word_1_39' title='bbox 902 723 1218 802; x_wconf 79' lang='grc' dir='ltr'><strong><em>πρακτέων</em></strong></span> <span class='ocrx_word' id='word_1_40' title='bbox 1283 745 1350 790; x_wconf 87' lang='lat' dir='ltr'>se</span> <span class='ocrx_word' id='word_1_41' title='bbox 1405 727 1779 792; x_wconf 74' lang='lat' dir='ltr'>insinuavit.</span> <span class='ocrx_word' id='word_1_42' title='bbox 1852 723 2057 805; x_wconf 80' lang='lat' dir='ltr'>Quam</span> <span class='ocrx_word' id='word_1_43' title='bbox 2102 723 2369 810; x_wconf 86' lang='lat' dir='ltr'>plurimi</span> <span class='ocrx_word' id='word_1_44' title='bbox 2416 742 2653 788; x_wconf 85' lang='lat' dir='ltr'>errores</span> 
     </span>
     <span class='ocr_line' id='line_1_6' title="bbox 269 829 771 895; baseline 0.004 -2"><span class='ocrx_word' id='word_1_45' title='bbox 269 829 363 893; x_wconf 80' lang='lat' dir='ltr'>sic</span> <span class='ocrx_word' id='word_1_46' title='bbox 408 841 771 895; x_wconf 81' lang='lat' dir='ltr'>naseuntur.</span> 
     </span>
    </p>

    <p class='ocr_par' dir='ltr' id='par_1_3' title="bbox 268 932 2655 1346">
     <span class='ocr_line' id='line_1_7' title="bbox 359 932 2655 1014; baseline 0 -15"><span class='ocrx_word' id='word_1_47' title='bbox 359 932 524 1000; x_wconf 84' lang='lat' dir='ltr'>lbid.</span> <span class='ocrx_word' id='word_1_48' title='bbox 594 937 828 1001; x_wconf 81' lang='grc' dir='ltr'><strong><em>αὐτίκα</em></strong></span> <span class='ocrx_word' id='word_1_49' title='bbox 899 937 1297 1014; x_wconf 73' lang='grc' dir='ltr'><strong><em>μελλήσοντα</em></strong></span> <span class='ocrx_word' id='word_1_50' title='bbox 1369 939 1687 1004; x_wconf 78' lang='grc' dir='ltr'><strong><em>πείσεσθαι</em></strong></span> <span class='ocrx_word' id='word_1_51' title='bbox 1718 945 1725 956; x_wconf 87' lang='grc'><em>“</em></span> <span class='ocrx_word' id='word_1_52' title='bbox 1757 941 1855 1004; x_wconf 81' lang='grc' dir='ltr'><strong><em>τά</em></strong></span> <span class='ocrx_word' id='word_1_53' title='bbox 1920 934 2264 1004; x_wconf 80' lang='grc' dir='ltr'><strong><em>ὕστατα.</em></strong></span> <span class='ocrx_word' id='word_1_54' title='bbox 2325 934 2524 1002; x_wconf 84' lang='lat' dir='ltr'>Nulla</span> <span class='ocrx_word' id='word_1_55' title='bbox 2582 937 2655 1000; x_wconf 86' lang='lat' dir='ltr'>iu</span> 
     </span>
     <span class='ocr_line' id='line_1_8' title="bbox 269 1033 2653 1132; baseline 0 -27"><span class='ocrx_word' id='word_1_56' title='bbox 269 1038 509 1106; x_wconf 88' lang='lat' dir='ltr'>talibus</span> <span class='ocrx_word' id='word_1_57' title='bbox 553 1033 860 1108; x_wconf 71' lang='lat' dir='ltr'>librorun&#39;i</span> <span class='ocrx_word' id='word_1_58' title='bbox 910 1049 1006 1108; x_wconf 88' lang='lat' dir='ltr'>est</span> <span class='ocrx_word' id='word_1_59' title='bbox 1066 1047 1440 1111; x_wconf 79' lang='lat' dir='ltr'>auctoritas:</span> <span class='ocrx_word' id='word_1_60' title='bbox 1501 1065 1653 1111; x_wconf 86' lang='lat' dir='ltr'>nam</span> <span class='ocrx_word' id='word_1_61' title='bbox 1718 1051 2018 1132; x_wconf 87' lang='lat' dir='ltr'>perpetuo</span> <span class='ocrx_word' id='word_1_62' title='bbox 2081 1043 2111 1108; x_wconf 76' lang='grc' dir='ltr'><strong><em>ἓ</em></strong></span> <span class='ocrx_word' id='word_1_63' title='bbox 2128 1068 2165 1107; x_wconf 85' lang='grc' dir='ltr'><strong><em>σ</em></strong></span> <span class='ocrx_word' id='word_1_64' title='bbox 2181 1066 2348 1123; x_wconf 79' lang='grc' dir='ltr'><strong><em>χατ</em></strong></span> <span class='ocrx_word' id='word_1_65' title='bbox 2368 1065 2395 1108; x_wconf 91' lang='grc' dir='ltr'><strong><em>ο</em></strong></span> <span class='ocrx_word' id='word_1_66' title='bbox 2414 1067 2443 1112; x_wconf 76' lang='lat' dir='ltr'><em>c</em></span> <span class='ocrx_word' id='word_1_67' title='bbox 2464 1091 2483 1126; x_wconf 86' lang='lat'>,</span> <span class='ocrx_word' id='word_1_68' title='bbox 2542 1039 2653 1106; x_wconf 78' lang='grc' dir='ltr'>αἵ·</span> 
     </span>
     <span class='ocr_line' id='line_1_9' title="bbox 269 1145 2655 1235; baseline 0.002 -24"><span class='ocrx_word' id='word_1_69' title='bbox 269 1170 614 1227; x_wconf 81' lang='grc' dir='ltr'><strong><em>σχιστος</em></strong></span> <span class='ocrx_word' id='word_1_70' title='bbox 683 1153 748 1214; x_wconf 90' lang='lat' dir='ltr'>et</span> <span class='ocrx_word' id='word_1_71' title='bbox 807 1145 1160 1221; x_wconf 79' lang='grc' dir='ltr'><strong><em>ὕστατος</em></strong></span> <span class='ocrx_word' id='word_1_72' title='bbox 1220 1171 1258 1217; x_wconf 81' lang='lat' dir='ltr'>a</span> <span class='ocrx_word' id='word_1_73' title='bbox 1303 1152 1524 1216; x_wconf 79' lang='lat' dir='ltr'>scribis</span> <span class='ocrx_word' id='word_1_74' title='bbox 1569 1151 2061 1218; x_wconf 81' lang='lat' dir='ltr'>confunduntur.</span> <span class='ocrx_word' id='word_1_75' title='bbox 2106 1149 2191 1216; x_wconf 78' lang='lat' dir='ltr'>Et</span> <span class='ocrx_word' id='word_1_76' title='bbox 2236 1149 2391 1235; x_wconf 87' lang='lat' dir='ltr'>quid</span> <span class='ocrx_word' id='word_1_77' title='bbox 2437 1150 2655 1215; x_wconf 84' lang='lat' dir='ltr'>tritius</span> 
     </span>
     <span class='ocr_line' id='line_1_10' title="bbox 268 1255 2243 1346; baseline 0.003 -27"><span class='ocrx_word' id='word_1_78' title='bbox 268 1255 438 1339; x_wconf 79' lang='lat' dir='ltr'>apud</span> <span class='ocrx_word' id='word_1_79' title='bbox 486 1274 705 1320; x_wconf 88' lang='lat' dir='ltr'>omnes</span> <span class='ocrx_word' id='word_1_80' title='bbox 753 1275 942 1341; x_wconf 84' lang='lat' dir='ltr'>quam</span> <span class='ocrx_word' id='word_1_81' title='bbox 993 1255 1361 1337; x_wconf 80' lang='grc' dir='ltr'><strong><em>πάσχειν</em></strong></span> <span class='ocrx_word' id='word_1_82' title='bbox 1407 1258 1502 1323; x_wconf 79' lang='grc' dir='ltr'><strong><em>τοὶ</em></strong></span> <span class='ocrx_word' id='word_1_83' title='bbox 1552 1255 1927 1341; x_wconf 63' lang='lat' dir='ltr'>lexa-ra?</span> <span class='ocrx_word' id='word_1_84' title='bbox 2240 1341 2243 1346; x_wconf 21' lang='grc' dir='ltr'>Ι</span> 
     </span>
    </p>

    <p class='ocr_par' dir='ltr' id='par_1_4' title="bbox 263 1357 2650 2514">
     <span class='ocr_line' id='line_1_11' title="bbox 355 1357 2650 1450; baseline 0 -24"><span class='ocrx_word' id='word_1_85' title='bbox 355 1357 566 1426; x_wconf 87' lang='lat' dir='ltr'>Variis</span> <span class='ocrx_word' id='word_1_86' title='bbox 612 1361 822 1428; x_wconf 88' lang='lat' dir='ltr'>modis</span> <span class='ocrx_word' id='word_1_87' title='bbox 868 1365 1185 1430; x_wconf 86' lang='lat' dir='ltr'>titubatur</span> <span class='ocrx_word' id='word_1_88' title='bbox 1233 1367 1300 1430; x_wconf 88' lang='lat' dir='ltr'>in</span> <span class='ocrx_word' id='word_1_89' title='bbox 1346 1365 1791 1450; x_wconf 78' lang='lat' dir='ltr'>sequentibus:</span> <span class='ocrx_word' id='word_1_90' title='bbox 1842 1368 2090 1442; x_wconf 72' lang='grc' dir='ltr'><strong><em>μᾶλλον</em></strong></span> <span class='ocrx_word' id='word_1_91' title='bbox 2146 1364 2206 1430; x_wconf 77' lang='grc' dir='ltr'>δὲ</span> <span class='ocrx_word' id='word_1_92' title='bbox 2255 1362 2437 1450; x_wconf 80' lang='grc' dir='ltr'><strong><em>(ἔδει,</em></strong></span> <span class='ocrx_word' id='word_1_93' title='bbox 2484 1360 2650 1449; x_wconf 82' lang='lat' dir='ltr'>scil.)</span> 
     </span>
     <span class='ocr_line' id='line_1_12' title="bbox 266 1467 2649 1553; baseline 0 -20"><span class='ocrx_word' id='word_1_94' title='bbox 266 1469 511 1546; x_wconf 69' lang='grc' dir='ltr'><strong><em>γυμνὴν</em></strong></span> <span class='ocrx_word' id='word_1_95' title='bbox 574 1468 682 1544; x_wconf 75' lang='grc' dir='ltr'>ἤδη</span> <span class='ocrx_word' id='word_1_96' title='bbox 753 1467 1008 1551; x_wconf 79' lang='grc' dir='ltr'><strong><em>ὑπέχειν</em></strong></span> <span class='ocrx_word' id='word_1_97' title='bbox 1069 1471 1179 1546; x_wconf 68' lang='grc' dir='ltr'>τὴν</span> <span class='ocrx_word' id='word_1_98' title='bbox 1243 1471 1504 1552; x_wconf 64' lang='grc' dir='ltr'><strong><em>σφαγὴν</em></strong></span> <span class='ocrx_word' id='word_1_99' title='bbox 1551 1471 1663 1536; x_wconf 66' lang='grc' dir='ltr'>καὶ</span> <span class='ocrx_word' id='word_1_100' title='bbox 1707 1471 1791 1536; x_wconf 80' lang='grc' dir='ltr'><strong><em>τά</em></strong></span> <span class='ocrx_word' id='word_1_101' title='bbox 1839 1473 2139 1553; x_wconf 84' lang='grc' dir='ltr'><strong><em>φίλτατα</em></strong></span> <span class='ocrx_word' id='word_1_102' title='bbox 2189 1471 2249 1535; x_wconf 82' lang='grc' dir='ltr'>ἐν</span> <span class='ocrx_word' id='word_1_103' title='bbox 2297 1471 2649 1548; x_wconf 77' lang='grc' dir='ltr'><strong><em>ὀφθαλμοῖς</em></strong></span> 
     </span>
     <span class='ocr_line' id='line_1_13' title="bbox 265 1573 2648 1655; baseline -0 -16"><span class='ocrx_word' id='word_1_104' title='bbox 265 1575 451 1655; x_wconf 72' lang='grc' dir='ltr'><strong><em>δρᾶν</em></strong></span> <span class='ocrx_word' id='word_1_105' title='bbox 499 1575 950 1653; x_wconf 80' lang='grc' dir='ltr'><strong><em>ἀπολλύμενα;</em></strong></span> <span class='ocrx_word' id='word_1_106' title='bbox 1001 1576 1036 1652; x_wconf 78' lang='grc' dir='ltr'>ἢ</span> <span class='ocrx_word' id='word_1_107' title='bbox 1085 1578 1184 1642; x_wconf 75' lang='grc' dir='ltr'><strong><em>τὰ</em></strong></span> <span class='ocrx_word' id='word_1_108' title='bbox 1229 1578 1372 1654; x_wconf 73' lang='grc' dir='ltr'>μὲν</span> <span class='ocrx_word' id='word_1_109' title='bbox 1417 1582 1771 1642; x_wconf 82' lang='grc' dir='ltr'><strong><em>τοιαῦτα</em></strong></span> <span class='ocrx_word' id='word_1_110' title='bbox 1821 1577 2032 1643; x_wconf 87' lang='grc' dir='ltr'>πάνυ</span> <span class='ocrx_word' id='word_1_111' title='bbox 2074 1577 2387 1652; x_wconf 75' lang='grc' dir='ltr'><strong><em>ἠλιθίου</em></strong></span> <span class='ocrx_word' id='word_1_112' title='bbox 2430 1573 2648 1647; x_wconf 79' lang='grc' dir='ltr'><strong><em>τινὸς</em></strong></span> 
     </span>
     <span class='ocr_line' id='line_1_14' title="bbox 265 1678 2649 1764; baseline 0 -18"><span class='ocrx_word' id='word_1_113' title='bbox 265 1678 337 1746; x_wconf 74' lang='grc' dir='ltr'>εἶ</span> <span class='ocrx_word' id='word_1_114' title='bbox 349 1706 512 1760; x_wconf 90' lang='grc' dir='ltr'><strong><em>ναι,</em></strong></span> <span class='ocrx_word' id='word_1_115' title='bbox 585 1689 847 1761; x_wconf 74' lang='grc' dir='ltr'><strong><em>γενναῖα</em></strong></span> <span class='ocrx_word' id='word_1_116' title='bbox 917 1683 980 1749; x_wconf 78' lang='grc' dir='ltr'>δὲ</span> <span class='ocrx_word' id='word_1_117' title='bbox 1050 1683 1156 1750; x_wconf 66' lang='grc' dir='ltr'>καὶ</span> <span class='ocrx_word' id='word_1_118' title='bbox 1215 1683 1478 1764; x_wconf 77' lang='grc' dir='ltr'><strong><em>ἀνδρώδη</em></strong></span> <span class='ocrx_word' id='word_1_119' title='bbox 1540 1685 1927 1760; x_wconf 75' lang='grc' dir='ltr'><strong><em>διανοηθέντα</em></strong></span> <span class='ocrx_word' id='word_1_120' title='bbox 2202 1684 2649 1761; x_wconf 79' lang='grc' dir='ltr'><strong><em>μετελθεῖν</em></strong></span> 
     </span>
     <span class='ocr_line' id='line_1_15' title="bbox 265 1788 2645 1876; baseline 0 -24"><span class='ocrx_word' id='word_1_121' title='bbox 265 1788 294 1852; x_wconf 78' lang='grc' dir='ltr'>ε’</span> <span class='ocrx_word' id='word_1_122' title='bbox 310 1788 666 1874; x_wconf 79' lang='grc' dir='ltr'><strong><em>κείνους,</em></strong></span> <span class='ocrx_word' id='word_1_123' title='bbox 730 1791 978 1870; x_wconf 73' lang='grc' dir='ltr'><strong><em>ἐμαυτῷ</em></strong></span> <span class='ocrx_word' id='word_1_124' title='bbox 1041 1791 1106 1856; x_wconf 82' lang='grc' dir='ltr'>δέ</span> <span class='ocrx_word' id='word_1_125' title='bbox 1156 1839 1171 1854; x_wconf 96' lang='grc'><strong><em>.</em></strong></span> <span class='ocrx_word' id='word_1_126' title='bbox 1201 1838 1218 1856; x_wconf 95' lang='grc'><strong><em>.</em></strong></span> <span class='ocrx_word' id='word_1_127' title='bbox 1245 1838 1260 1855; x_wconf 94' lang='grc'><strong><em>.</em></strong></span> <span class='ocrx_word' id='word_1_128' title='bbox 1289 1839 1305 1855; x_wconf 93' lang='grc'><strong><em>.</em></strong></span> <span class='ocrx_word' id='word_1_129' title='bbox 1354 1791 1719 1872; x_wconf 70' lang='grc' dir='ltr'><strong><em>ἀσφάλειαν</em></strong></span> <span class='ocrx_word' id='word_1_130' title='bbox 1766 1799 2144 1873; x_wconf 77' lang='grc' dir='ltr'><strong><em>παρασχεῖν.</em></strong></span> <span class='ocrx_word' id='word_1_131' title='bbox 2191 1789 2319 1856; x_wconf 76' lang='lat' dir='ltr'>Hie</span> <span class='ocrx_word' id='word_1_132' title='bbox 2365 1791 2645 1876; x_wconf 85' lang='lat' dir='ltr'>primum</span> 
     </span>
     <span class='ocr_line' id='line_1_16' title="bbox 267 1895 2647 1985; baseline -0 -25"><span class='ocrx_word' id='word_1_133' title='bbox 267 1895 545 1962; x_wconf 81' lang='lat' dir='ltr'>offendor</span> <span class='ocrx_word' id='word_1_134' title='bbox 587 1896 652 1962; x_wconf 87' lang='lat' dir='ltr'>in</span> <span class='ocrx_word' id='word_1_135' title='bbox 703 1916 858 1962; x_wconf 75' lang='lat' dir='ltr'>voce</span> <span class='ocrx_word' id='word_1_136' title='bbox 906 1897 980 1975; x_wconf 80' lang='grc' dir='ltr'><strong><em>ὄρ</em></strong></span> <span class='ocrx_word' id='word_1_137' title='bbox 997 1901 1039 1962; x_wconf 77' lang='grc' dir='ltr'><strong><em>ἄ</em></strong></span> <span class='ocrx_word' id='word_1_138' title='bbox 1059 1920 1124 1974; x_wconf 71' lang='grc' dir='ltr'>νς</span> <span class='ocrx_word' id='word_1_139' title='bbox 1173 1917 1321 1963; x_wconf 87' lang='lat' dir='ltr'>nam</span> <span class='ocrx_word' id='word_1_140' title='bbox 1370 1898 1476 1964; x_wconf 83' lang='lat' dir='ltr'>vel</span> <span class='ocrx_word' id='word_1_141' title='bbox 1510 1899 1852 1985; x_wconf 69' lang='lat' dir='ltr'>fortissimo</span> <span class='ocrx_word' id='word_1_142' title='bbox 1898 1899 2029 1963; x_wconf 79' lang='lat' dir='ltr'>viro</span> <span class='ocrx_word' id='word_1_143' title='bbox 2077 1897 2359 1964; x_wconf 78' lang='lat' dir='ltr'>accidere</span> <span class='ocrx_word' id='word_1_144' title='bbox 2404 1899 2647 1981; x_wconf 86' lang='lat' dir='ltr'>potest,</span> 
     </span>
     <span class='ocr_line' id='line_1_17' title="bbox 263 2000 2647 2086; baseline -0 -20"><span class='ocrx_word' id='word_1_145' title='bbox 263 2009 338 2066; x_wconf 87' lang='lat' dir='ltr'>ut</span> <span class='ocrx_word' id='word_1_146' title='bbox 373 2022 521 2068; x_wconf 88' lang='lat' dir='ltr'>suos</span> <span class='ocrx_word' id='word_1_147' title='bbox 570 2009 716 2068; x_wconf 82' lang='lat' dir='ltr'>ante</span> <span class='ocrx_word' id='word_1_148' title='bbox 765 2002 979 2068; x_wconf 87' lang='lat' dir='ltr'>oculos</span> <span class='ocrx_word' id='word_1_149' title='bbox 1025 2004 1331 2069; x_wconf 81' lang='lat' dir='ltr'>trucidari</span> <span class='ocrx_word' id='word_1_150' title='bbox 1381 2005 1612 2082; x_wconf 52' lang='lat' dir='ltr'>videam</span> <span class='ocrx_word' id='word_1_151' title='bbox 1660 2008 1717 2070; x_wconf 88' lang='lat' dir='ltr'>is</span> <span class='ocrx_word' id='word_1_152' title='bbox 1764 2005 2023 2071; x_wconf 87' lang='lat' dir='ltr'>demum</span> <span class='ocrx_word' id='word_1_153' title='bbox 2074 2009 2347 2086; x_wconf 65' lang='lat' dir='ltr'>{quaviae</span> <span class='ocrx_word' id='word_1_154' title='bbox 2390 2000 2647 2086; x_wconf 84' lang='lat' dir='ltr'>eulpam</span> 
     </span>
     <span class='ocr_line' id='line_1_18' title="bbox 263 2108 2646 2198; baseline 0 -24"><span class='ocrx_word' id='word_1_155' title='bbox 263 2108 615 2193; x_wconf 73' lang='lat' dir='ltr'>contrahit,</span> <span class='ocrx_word' id='word_1_156' title='bbox 665 2111 776 2193; x_wconf 90' lang='lat' dir='ltr'>qui</span> <span class='ocrx_word' id='word_1_157' title='bbox 821 2111 928 2173; x_wconf 78' lang='lat' dir='ltr'>hoc</span> <span class='ocrx_word' id='word_1_158' title='bbox 955 2110 1110 2193; x_wconf 82' lang='lat' dir='ltr'>fieri</span> <span class='ocrx_word' id='word_1_159' title='bbox 1144 2111 1386 2192; x_wconf 72' lang='lat' dir='ltr'>patitur</span> <span class='ocrx_word' id='word_1_160' title='bbox 1401 2131 1418 2189; x_wconf 88' lang='lat'>;</span> <span class='ocrx_word' id='word_1_161' title='bbox 1464 2111 1876 2196; x_wconf 87' lang='lat' dir='ltr'>quamobrem</span> <span class='ocrx_word' id='word_1_162' title='bbox 1918 2111 2347 2198; x_wconf 85' lang='lat' dir='ltr'>reponendum</span> <span class='ocrx_word' id='word_1_163' title='bbox 2388 2127 2646 2174; x_wconf 80' lang='lat' dir='ltr'>censeo:</span> 
     </span>
     <span class='ocr_line' id='line_1_19' title="bbox 265 2213 2648 2302; baseline 0 -23"><span class='ocrx_word' id='word_1_164' title='bbox 265 2217 660 2296; x_wconf 74' lang='grc' dir='ltr'><strong><em>περιορᾶν.</em></strong></span> <span class='ocrx_word' id='word_1_165' title='bbox 733 2214 804 2280; x_wconf 88' lang='lat' dir='ltr'>In</span> <span class='ocrx_word' id='word_1_166' title='bbox 851 2237 986 2301; x_wconf 90' lang='lat' dir='ltr'>sqq.</span> <span class='ocrx_word' id='word_1_167' title='bbox 1035 2220 1418 2284; x_wconf 77' lang='lat' dir='ltr'>constructio</span> <span class='ocrx_word' id='word_1_168' title='bbox 1465 2217 1749 2295; x_wconf 79' lang='lat' dir='ltr'>laborat3</span> <span class='ocrx_word' id='word_1_169' title='bbox 1793 2238 1941 2284; x_wconf 88' lang='lat' dir='ltr'>nam</span> <span class='ocrx_word' id='word_1_170' title='bbox 1992 2217 2159 2284; x_wconf 86' lang='lat' dir='ltr'>uude</span> <span class='ocrx_word' id='word_1_171' title='bbox 2206 2216 2436 2302; x_wconf 85' lang='lat' dir='ltr'>pendet</span> <span class='ocrx_word' id='word_1_172' title='bbox 2482 2213 2648 2280; x_wconf 86' lang='lat' dir='ltr'>illud</span> 
     </span>
     <span class='ocr_line' id='line_1_20' title="bbox 265 2317 2643 2408; baseline 0 -23"><span class='ocrx_word' id='word_1_173' title='bbox 265 2317 518 2387; x_wconf 68' lang='lat' dir='ltr'>efvoee?</span> <span class='ocrx_word' id='word_1_174' title='bbox 564 2322 852 2388; x_wconf 79' lang='lat' dir='ltr'>Fortasse</span> <span class='ocrx_word' id='word_1_175' title='bbox 889 2323 1330 2389; x_wconf 85' lang='lat' dir='ltr'>scribendum:</span> <span class='ocrx_word' id='word_1_176' title='bbox 1385 2325 1767 2402; x_wconf 70' lang='grc' dir='ltr'><strong><em>ἡγεῖσθαι</em></strong></span> <span class='ocrx_word' id='word_1_177' title='bbox 1816 2320 2051 2390; x_wconf 80' lang='grc' dir='ltr'><strong><em>εἶναι.</em></strong></span> <span class='ocrx_word' id='word_1_178' title='bbox 2098 2323 2170 2388; x_wconf 90' lang='lat' dir='ltr'>In</span> <span class='ocrx_word' id='word_1_179' title='bbox 2222 2321 2344 2388; x_wconf 88' lang='lat' dir='ltr'>fine</span> <span class='ocrx_word' id='word_1_180' title='bbox 2384 2320 2643 2408; x_wconf 83' lang='lat' dir='ltr'>supple:</span> 
     </span>
     <span class='ocr_line' id='line_1_21' title="bbox 265 2428 1160 2514; baseline -0.002 -20"><span class='ocrx_word' id='word_1_181' title='bbox 265 2431 588 2506; x_wconf 74' lang='grc' dir='ltr'><strong><em>μετελθεῖν</em></strong></span> <span class='ocrx_word' id='word_1_182' title='bbox 637 2428 833 2514; x_wconf 77' lang='grc' dir='ltr'><strong><em>(μὲν)</em></strong></span> <span class='ocrx_word' id='word_1_183' title='bbox 882 2429 1160 2503; x_wconf 75' lang='grc' dir='ltr'><strong><em>ἐκείνους.</em></strong></span> 
     </span>
    </p>

    <p class='ocr_par' dir='ltr' id='par_1_5' title="bbox 263 2533 2649 3258">
     <span class='ocr_line' id='line_1_22' title="bbox 356 2533 2647 2621; baseline -0.001 -20"><span class='ocrx_word' id='word_1_184' title='bbox 356 2533 511 2621; x_wconf 73' lang='lat' dir='ltr'>Gap.</span> <span class='ocrx_word' id='word_1_185' title='bbox 561 2534 623 2600; x_wconf 87' lang='lat'>6.</span> <span class='ocrx_word' id='word_1_186' title='bbox 671 2539 748 2608; x_wconf 79' lang='grc' dir='ltr'>ὡς</span> <span class='ocrx_word' id='word_1_187' title='bbox 797 2536 1025 2616; x_wconf 82' lang='grc' dir='ltr'><strong><em>νύκτωρ</em></strong></span> <span class='ocrx_word' id='word_1_188' title='bbox 1073 2537 1132 2607; x_wconf 79' lang='grc' dir='ltr'>ἐς</span> <span class='ocrx_word' id='word_1_189' title='bbox 1181 2535 1252 2601; x_wconf 81' lang='grc' dir='ltr'><strong><em>τὸ</em></strong></span> <span class='ocrx_word' id='word_1_190' title='bbox 1293 2536 1445 2616; x_wconf 77' lang='grc' dir='ltr'><strong><em>ἱερὸν</em></strong></span> <span class='ocrx_word' id='word_1_191' title='bbox 1483 2540 1865 2618; x_wconf 80' lang='grc' dir='ltr'><strong><em>παρῆλθε.</em></strong></span> <span class='ocrx_word' id='word_1_192' title='bbox 1914 2535 2148 2603; x_wconf 80' lang='lat' dir='ltr'>Malim</span> <span class='ocrx_word' id='word_1_193' title='bbox 2190 2537 2320 2602; x_wconf 83' lang='lat' dir='ltr'>fere</span> <span class='ocrx_word' id='word_1_194' title='bbox 2358 2560 2469 2600; x_wconf 86' lang='grc' dir='ltr'>πα</span> <span class='ocrx_word' id='word_1_195' title='bbox 2486 2558 2647 2614; x_wconf 82' lang='grc' dir='ltr'><strong><em>ρεσ-</em></strong></span> 
     </span>
     <span class='ocr_line' id='line_1_23' title="bbox 263 2638 2645 2728; baseline -0.001 -21"><span class='ocrx_word' id='word_1_196' title='bbox 263 2648 297 2715; x_wconf 76' lang='grc' dir='ltr'><strong><em>ἥ</em></strong></span> <span class='ocrx_word' id='word_1_197' title='bbox 316 2646 400 2707; x_wconf 85' lang='grc' dir='ltr'><strong><em>λθ</em></strong></span> <span class='ocrx_word' id='word_1_198' title='bbox 419 2666 482 2725; x_wconf 86' lang='grc' dir='ltr'>ε,</span> <span class='ocrx_word' id='word_1_199' title='bbox 552 2641 719 2727; x_wconf 89' lang='lat' dir='ltr'>quod</span> <span class='ocrx_word' id='word_1_200' title='bbox 789 2642 867 2707; x_wconf 87' lang='lat' dir='ltr'>de</span> <span class='ocrx_word' id='word_1_201' title='bbox 917 2643 1170 2728; x_wconf 68' lang='lat' dir='ltr'>furibus</span> <span class='ocrx_word' id='word_1_202' title='bbox 1222 2640 1390 2708; x_wconf 84' lang='lat' dir='ltr'>elam</span> <span class='ocrx_word' id='word_1_203' title='bbox 1455 2644 1927 2709; x_wconf 87' lang='lat' dir='ltr'>introeuntibus</span> <span class='ocrx_word' id='word_1_204' title='bbox 1986 2650 2082 2708; x_wconf 85' lang='lat' dir='ltr'>est</span> <span class='ocrx_word' id='word_1_205' title='bbox 2142 2644 2481 2707; x_wconf 87' lang='lat' dir='ltr'>usitatum.</span> <span class='ocrx_word' id='word_1_206' title='bbox 2547 2638 2645 2707; x_wconf 81' lang='lat' dir='ltr'>Cf.</span> 
     </span>
     <span class='ocr_line' id='line_1_24' title="bbox 264 2746 2649 2835; baseline 0.002 -24"><span class='ocrx_word' id='word_1_207' title='bbox 264 2746 688 2814; x_wconf 82' lang='lat' dir='ltr'>Fritzschium</span> <span class='ocrx_word' id='word_1_208' title='bbox 758 2748 836 2814; x_wconf 81' lang='lat' dir='ltr'>ad</span> <span class='ocrx_word' id='word_1_209' title='bbox 909 2746 1152 2835; x_wconf 87' lang='lat' dir='ltr'>Catapl.</span> <span class='ocrx_word' id='word_1_210' title='bbox 1223 2746 1294 2815; x_wconf 88' lang='lat' dir='ltr'>O.</span> <span class='ocrx_word' id='word_1_211' title='bbox 1364 2750 1426 2828; x_wconf 91' lang='lat'>1,</span> <span class='ocrx_word' id='word_1_212' title='bbox 1489 2750 1603 2815; x_wconf 90' lang='lat' dir='ltr'>ubi</span> <span class='ocrx_word' id='word_1_213' title='bbox 1649 2749 2161 2827; x_wconf 80' lang='grc' dir='ltr'><strong><em>παρεσελθών</em></strong></span> <span class='ocrx_word' id='word_1_214' title='bbox 2206 2750 2491 2813; x_wconf 84' lang='lat' dir='ltr'>restit-uit</span> <span class='ocrx_word' id='word_1_215' title='bbox 2534 2768 2649 2833; x_wconf 89' lang='lat' dir='ltr'>pro</span> 
     </span>
     <span class='ocr_line' id='line_1_25' title="bbox 264 2851 2643 2940; baseline 0 -23"><span class='ocrx_word' id='word_1_216' title='bbox 264 2854 700 2933; x_wconf 81' lang='grc' dir='ltr'><strong><em>παρελθών.</em></strong></span> <span class='ocrx_word' id='word_1_217' title='bbox 787 2851 1105 2919; x_wconf 81' lang='lat' dir='ltr'>Similiter</span> <span class='ocrx_word' id='word_1_218' title='bbox 1171 2858 1718 2934; x_wconf 78' lang='grc' dir='ltr'><strong><em>παρεσελθεῖν</em></strong></span> <span class='ocrx_word' id='word_1_219' title='bbox 1794 2874 1907 2940; x_wconf 88' lang='lat' dir='ltr'>pro</span> <span class='ocrx_word' id='word_1_220' title='bbox 1976 2855 2422 2934; x_wconf 76' lang='grc' dir='ltr'><strong><em>παρελθεῖν</em></strong></span> <span class='ocrx_word' id='word_1_221' title='bbox 2494 2873 2643 2917; x_wconf 83' lang='lat' dir='ltr'>eum</span> 
     </span>
     <span class='ocr_line' id='line_1_26' title="bbox 265 2955 2643 3045; baseline -0.002 -20"><span class='ocrx_word' id='word_1_222' title='bbox 265 2967 440 3045; x_wconf 84' lang='lat' dir='ltr'>parte</span> <span class='ocrx_word' id='word_1_223' title='bbox 487 2960 796 3027; x_wconf 87' lang='lat' dir='ltr'>librorum</span> <span class='ocrx_word' id='word_1_224' title='bbox 838 2966 1190 3026; x_wconf 80' lang='lat' dir='ltr'>correctum</span> <span class='ocrx_word' id='word_1_225' title='bbox 1225 2970 1324 3027; x_wconf 89' lang='lat' dir='ltr'>est</span> <span class='ocrx_word' id='word_1_226' title='bbox 1362 2960 1530 3029; x_wconf 74' lang='lat' dir='ltr'>Gall.</span> <span class='ocrx_word' id='word_1_227' title='bbox 1577 2959 1651 3027; x_wconf 87' lang='grc' dir='ltr'>Ο.</span> <span class='ocrx_word' id='word_1_228' title='bbox 1692 2958 1781 3025; x_wconf 84' lang='grc'>28</span> <span class='ocrx_word' id='word_1_229' title='bbox 1821 2966 1886 3025; x_wconf 87' lang='lat' dir='ltr'>et</span> <span class='ocrx_word' id='word_1_230' title='bbox 1924 2960 2093 3027; x_wconf 85' lang='lat' dir='ltr'>Dial.</span> <span class='ocrx_word' id='word_1_231' title='bbox 2118 2960 2381 3026; x_wconf 86' lang='lat' dir='ltr'>Meretr.</span> <span class='ocrx_word' id='word_1_232' title='bbox 2407 2956 2553 3023; x_wconf 87' lang='lat' dir='ltr'>XII.</span> <span class='ocrx_word' id='word_1_233' title='bbox 2582 2955 2643 3022; x_wconf 83' lang='lat'>3.</span> 
     </span>
     <span class='ocr_line' id='line_1_27' title="bbox 264 3063 2644 3145; baseline -0.002 -12"><span class='ocrx_word' id='word_1_234' title='bbox 264 3064 502 3133; x_wconf 83' lang='lat' dir='ltr'>Eodem</span> <span class='ocrx_word' id='word_1_235' title='bbox 564 3066 846 3133; x_wconf 87' lang='lat' dir='ltr'>remedio</span> <span class='ocrx_word' id='word_1_236' title='bbox 895 3066 1203 3133; x_wconf 86' lang='lat' dir='ltr'>utendum</span> <span class='ocrx_word' id='word_1_237' title='bbox 1251 3070 1318 3131; x_wconf 90' lang='lat' dir='ltr'>in</span> <span class='ocrx_word' id='word_1_238' title='bbox 1367 3067 1565 3134; x_wconf 85' lang='lat' dir='ltr'>Lucio</span> <span class='ocrx_word' id='word_1_239' title='bbox 1615 3065 1686 3134; x_wconf 87' lang='lat' dir='ltr'>C.</span> <span class='ocrx_word' id='word_1_240' title='bbox 1741 3066 1846 3145; x_wconf 88' lang='lat'>16,</span> <span class='ocrx_word' id='word_1_241' title='bbox 1898 3067 2009 3133; x_wconf 89' lang='lat' dir='ltr'>ubi</span> <span class='ocrx_word' id='word_1_242' title='bbox 2056 3068 2291 3133; x_wconf 78' lang='lat' dir='ltr'>scribe:</span> <span class='ocrx_word' id='word_1_243' title='bbox 2342 3063 2644 3145; x_wconf 74' lang='grc' dir='ltr'><strong><em>ἅνθρωπος</em></strong></span> 
     </span>
     <span class='ocr_line' id='line_1_28' title="bbox 265 3172 1437 3258; baseline 0.003 -24"><span class='ocrx_word' id='word_1_244' title='bbox 265 3172 464 3253; x_wconf 63' lang='grc' dir='ltr'><strong><em>ταύτῃ</em></strong></span> <span class='ocrx_word' id='word_1_245' title='bbox 509 3176 912 3256; x_wconf 71' lang='grc' dir='ltr'><strong><em>παρεσῄει</em></strong></span> <span class='ocrx_word' id='word_1_246' title='bbox 960 3194 1071 3258; x_wconf 86' lang='lat' dir='ltr'>pro</span> <span class='ocrx_word' id='word_1_247' title='bbox 1120 3176 1437 3256; x_wconf 69' lang='grc' dir='ltr'><strong><em>παρῄει.</em></strong></span> 
     </span>
    </p>

    <p class='ocr_par' dir='ltr' id='par_1_6' title="bbox 265 3276 2646 3683">
     <span class='ocr_line' id='line_1_29' title="bbox 353 3276 2644 3366; baseline -0 -21"><span class='ocrx_word' id='word_1_248' title='bbox 353 3277 508 3365; x_wconf 87' lang='lat' dir='ltr'>Oap.</span> <span class='ocrx_word' id='word_1_249' title='bbox 559 3278 619 3345; x_wconf 83' lang='lat'>7.</span> <span class='ocrx_word' id='word_1_250' title='bbox 693 3278 819 3346; x_wconf 92' lang='lat' dir='ltr'>Pro</span> <span class='ocrx_word' id='word_1_251' title='bbox 881 3280 1154 3356; x_wconf 74' lang='grc' dir='ltr'><strong><em>ὁμοίως</em></strong></span> <span class='ocrx_word' id='word_1_252' title='bbox 1215 3283 1528 3347; x_wconf 87' lang='lat' dir='ltr'>sententia</span> <span class='ocrx_word' id='word_1_253' title='bbox 1577 3281 1789 3366; x_wconf 89' lang='lat' dir='ltr'>potius</span> <span class='ocrx_word' id='word_1_254' title='bbox 1834 3282 2013 3346; x_wconf 78' lang='lat' dir='ltr'>ducit</span> <span class='ocrx_word' id='word_1_255' title='bbox 2058 3281 2138 3346; x_wconf 88' lang='lat' dir='ltr'>ad</span> <span class='ocrx_word' id='word_1_256' title='bbox 2186 3276 2222 3343; x_wconf 76' lang='grc' dir='ltr'>δ’</span> <span class='ocrx_word' id='word_1_257' title='bbox 2234 3303 2341 3356; x_wconf 82' lang='grc' dir='ltr'>μω</span> <span class='ocrx_word' id='word_1_258' title='bbox 2363 3304 2429 3364; x_wconf 82' lang='grc' dir='ltr'>ς,</span> <span class='ocrx_word' id='word_1_259' title='bbox 2476 3279 2644 3364; x_wconf 89' lang='lat' dir='ltr'>quod</span> 
     </span>
     <span class='ocr_line' id='line_1_30' title="bbox 265 3384 2644 3471; baseline 0 -23"><span class='ocrx_word' id='word_1_260' title='bbox 265 3404 432 3450; x_wconf 82' lang='lat' dir='ltr'>nune</span> <span class='ocrx_word' id='word_1_261' title='bbox 480 3386 662 3452; x_wconf 86' lang='lat' dir='ltr'>video</span> <span class='ocrx_word' id='word_1_262' title='bbox 707 3388 838 3451; x_wconf 82' lang='lat' dir='ltr'>iam</span> <span class='ocrx_word' id='word_1_263' title='bbox 887 3385 1198 3471; x_wconf 77' lang='lat' dir='ltr'>placuisse</span> <span class='ocrx_word' id='word_1_264' title='bbox 1238 3384 1490 3454; x_wconf 80' lang='lat' dir='ltr'>Solano.</span> <span class='ocrx_word' id='word_1_265' title='bbox 1537 3384 1778 3452; x_wconf 82' lang='lat' dir='ltr'>Eodem</span> <span class='ocrx_word' id='word_1_266' title='bbox 1819 3386 2009 3452; x_wconf 86' lang='lat' dir='ltr'>modo</span> <span class='ocrx_word' id='word_1_267' title='bbox 2048 3391 2344 3471; x_wconf 80' lang='lat' dir='ltr'>peccatur</span> <span class='ocrx_word' id='word_1_268' title='bbox 2375 3387 2443 3449; x_wconf 91' lang='lat' dir='ltr'>in</span> <span class='ocrx_word' id='word_1_269' title='bbox 2476 3384 2644 3452; x_wconf 86' lang='lat' dir='ltr'>Dial.</span> 
     </span>
     <span class='ocr_line' id='line_1_31' title="bbox 265 3488 2645 3579; baseline 0 -25"><span class='ocrx_word' id='word_1_270' title='bbox 265 3488 456 3555; x_wconf 83' lang='lat' dir='ltr'>Mort.</span> <span class='ocrx_word' id='word_1_271' title='bbox 523 3490 609 3557; x_wconf 88' lang='lat' dir='ltr'>X.</span> <span class='ocrx_word' id='word_1_272' title='bbox 663 3490 766 3569; x_wconf 81' lang='lat'>12,</span> <span class='ocrx_word' id='word_1_273' title='bbox 836 3493 944 3557; x_wconf 88' lang='lat' dir='ltr'>ubi</span> <span class='ocrx_word' id='word_1_274' title='bbox 989 3491 1370 3579; x_wconf 82' lang='lat' dir='ltr'>legendum:</span> <span class='ocrx_word' id='word_1_275' title='bbox 1421 3492 1524 3557; x_wconf 77' lang='grc' dir='ltr'>καὶ</span> <span class='ocrx_word' id='word_1_276' title='bbox 1573 3492 1661 3558; x_wconf 73' lang='grc' dir='ltr'><strong><em>τὰ</em></strong></span> <span class='ocrx_word' id='word_1_277' title='bbox 1709 3492 1933 3557; x_wconf 87' lang='grc' dir='ltr'><strong><em>παιδία</em></strong></span> <span class='ocrx_word' id='word_1_278' title='bbox 1980 3491 2199 3570; x_wconf 71' lang='grc' dir='ltr'><strong><em>νεογνὰ</em></strong></span> <span class='ocrx_word' id='word_1_279' title='bbox 2246 3490 2394 3555; x_wconf 81' lang='grc' dir='ltr'><strong><em>ὄντα</em></strong></span> <span class='ocrx_word' id='word_1_280' title='bbox 2440 3488 2645 3569; x_wconf 74' lang='grc' dir='ltr'>ὅμως</span> 
     </span>
     <span class='ocr_line' id='line_1_32' title="bbox 268 3598 2646 3683; baseline 0.001 -23"><span class='ocrx_word' id='word_1_281' title='bbox 268 3598 521 3663; x_wconf 86' lang='grc' dir='ltr'><strong><em>κάκεῖνα</em></strong></span> <span class='ocrx_word' id='word_1_282' title='bbox 573 3598 688 3663; x_wconf 79' lang='grc' dir='ltr'>ὑπὸ</span> <span class='ocrx_word' id='word_1_283' title='bbox 730 3604 846 3665; x_wconf 83' lang='grc' dir='ltr'>τῶν</span> <span class='ocrx_word' id='word_1_284' title='bbox 885 3598 1116 3664; x_wconf 86' lang='grc' dir='ltr'><strong><em>παίδων</em></strong></span> <span class='ocrx_word' id='word_1_285' title='bbox 1156 3599 1478 3676; x_wconf 85' lang='grc' dir='ltr'><strong><em>βάλλεται</em></strong></span> <span class='ocrx_word' id='word_1_286' title='bbox 1515 3598 1801 3681; x_wconf 83' lang='grc' dir='ltr'><strong><em>ἀφθόνοις</em></strong></span> <span class='ocrx_word' id='word_1_287' title='bbox 1842 3606 1966 3670; x_wconf 74' lang='grc' dir='ltr'><strong><em>τοῖς</em></strong></span> <span class='ocrx_word' id='word_1_288' title='bbox 2001 3598 2179 3671; x_wconf 85' lang='grc' dir='ltr'><strong><em>λίθοις</em></strong></span> <span class='ocrx_word' id='word_1_289' title='bbox 2206 3618 2320 3683; x_wconf 87' lang='lat' dir='ltr'>pro</span> <span class='ocrx_word' id='word_1_290' title='bbox 2357 3599 2577 3678; x_wconf 79' lang='grc' dir='ltr'><strong><em>ὁμοίω</em></strong></span> <span class='ocrx_word' id='word_1_291' title='bbox 2593 3623 2646 3670; x_wconf 78' lang='grc' dir='ltr'>ς.</span> 
     </span>
    </p>

    <p class='ocr_par' dir='ltr' id='par_1_7' title="bbox 265 3701 2647 4432">
     <span class='ocr_line' id='line_1_33' title="bbox 356 3701 2647 3789; baseline 0.001 -20"><span class='ocrx_word' id='word_1_292' title='bbox 356 3701 508 3789; x_wconf 82' lang='lat' dir='ltr'>Gap.</span> <span class='ocrx_word' id='word_1_293' title='bbox 560 3704 626 3770; x_wconf 90' lang='grc'>8.</span> <span class='ocrx_word' id='word_1_294' title='bbox 670 3704 952 3786; x_wconf 80' lang='grc' dir='ltr'><strong><em>φέρειν</em></strong></span> <span class='ocrx_word' id='word_1_295' title='bbox 999 3706 1052 3771; x_wconf 83' lang='grc' dir='ltr'>δ’</span> <span class='ocrx_word' id='word_1_296' title='bbox 1099 3708 1348 3784; x_wconf 72' lang='grc' dir='ltr'><strong><em>ἀνάγκη</em></strong></span> <span class='ocrx_word' id='word_1_297' title='bbox 1381 3706 1504 3771; x_wconf 74' lang='grc' dir='ltr'><strong><em>’καὶ</em></strong></span> <span class='ocrx_word' id='word_1_298' title='bbox 1553 3706 1623 3770; x_wconf 83' lang='grc' dir='ltr'><strong><em>τὸ</em></strong></span> <span class='ocrx_word' id='word_1_299' title='bbox 1672 3706 2103 3787; x_wconf 66' lang='grc' dir='ltr'><strong><em>ἀναφυόμενον</em></strong></span> <span class='ocrx_word' id='word_1_300' title='bbox 2141 3704 2481 3771; x_wconf 73' lang='grc' dir='ltr'><strong><em>ἐκκόπτειν.</em></strong></span> <span class='ocrx_word' id='word_1_301' title='bbox 2520 3704 2647 3772; x_wconf 87' lang='lat' dir='ltr'>Pro</span> 
     </span>
     <span class='ocr_line' id='line_1_34' title="bbox 265 3810 2643 3899; baseline 0.001 -25"><span class='ocrx_word' id='word_1_302' title='bbox 265 3810 546 3889; x_wconf 83' lang='grc' dir='ltr'><strong><em>Φέρειν</em></strong></span> <span class='ocrx_word' id='word_1_303' title='bbox 606 3816 783 3879; x_wconf 86' lang='lat' dir='ltr'>varia</span> <span class='ocrx_word' id='word_1_304' title='bbox 829 3814 1272 3899; x_wconf 78' lang='lat' dir='ltr'>excogitarunt</span> <span class='ocrx_word' id='word_1_305' title='bbox 1316 3814 1440 3879; x_wconf 84' lang='lat' dir='ltr'>viri</span> <span class='ocrx_word' id='word_1_306' title='bbox 1482 3814 1682 3882; x_wconf 83' lang='lat' dir='ltr'>docti:</span> <span class='ocrx_word' id='word_1_307' title='bbox 1734 3816 2037 3892; x_wconf 83' lang='grc' dir='ltr'><strong><em>κείρειν</em></strong></span> <span class='ocrx_word' id='word_1_308' title='bbox 2082 3810 2398 3890; x_wconf 82' lang='lat' dir='ltr'>Seilerus,</span> <span class='ocrx_word' id='word_1_309' title='bbox 2448 3812 2643 3892; x_wconf 77' lang='grc' dir='ltr'><strong><em>θερί-</em></strong></span> 
     </span>
     <span class='ocr_line' id='line_1_35' title="bbox 268 3907 2645 4004; baseline 0.003 -27"><span class='ocrx_word' id='word_1_310' title='bbox 268 3911 428 3993; x_wconf 85' lang='grc' dir='ltr'><strong><em>ζειν</em></strong></span> <span class='ocrx_word' id='word_1_311' title='bbox 475 3914 762 4003; x_wconf 60' lang='lat' dir='ltr'>husius,</span> <span class='ocrx_word' id='word_1_312' title='bbox 812 3918 1070 3998; x_wconf 79' lang='grc' dir='ltr'><strong><em>δέρειν</em></strong></span> <span class='ocrx_word' id='word_1_313' title='bbox 1109 3918 1367 3992; x_wconf 86' lang='lat' dir='ltr'>Bosius.</span> <span class='ocrx_word' id='word_1_314' title='bbox 1408 3920 1808 4000; x_wconf 84' lang='grc' dir='ltr'><strong><em>ἀφαιρεῖν</em></strong></span> <span class='ocrx_word' id='word_1_315' title='bbox 1834 3907 2185 3986; x_wconf 72' lang='grc' dir='ltr'><strong><em>’Θθειιθι-ιιε.</em></strong></span> <span class='ocrx_word' id='word_1_316' title='bbox 2234 3919 2645 4004; x_wconf 85' lang='lat' dir='ltr'>Ineptissime</span> 
     </span>
     <span class='ocr_line' id='line_1_36' title="bbox 269 4022 2644 4112; baseline 0.003 -28"><span class='ocrx_word' id='word_1_317' title='bbox 269 4026 496 4089; x_wconf 85' lang='lat' dir='ltr'>omnia.</span> <span class='ocrx_word' id='word_1_318' title='bbox 545 4022 747 4091; x_wconf 83' lang='lat' dir='ltr'>Solito</span> <span class='ocrx_word' id='word_1_319' title='bbox 793 4027 1007 4089; x_wconf 88' lang='lat' dir='ltr'>minus</span> <span class='ocrx_word' id='word_1_320' title='bbox 1053 4024 1208 4090; x_wconf 84' lang='lat' dir='ltr'>felix</span> <span class='ocrx_word' id='word_1_321' title='bbox 1257 4028 1451 4091; x_wconf 88' lang='lat' dir='ltr'>etiam</span> <span class='ocrx_word' id='word_1_322' title='bbox 1502 4026 1627 4091; x_wconf 88' lang='lat' dir='ltr'>fuit</span> <span class='ocrx_word' id='word_1_323' title='bbox 1673 4024 2003 4091; x_wconf 85' lang='lat' dir='ltr'>Mehlerus</span> <span class='ocrx_word' id='word_1_324' title='bbox 2052 4025 2345 4109; x_wconf 83' lang='lat' dir='ltr'>(Lueiani</span> <span class='ocrx_word' id='word_1_325' title='bbox 2387 4024 2644 4112; x_wconf 80' lang='lat' dir='ltr'>Dialogi</span> 
     </span>
     <span class='ocr_line' id='line_1_37' title="bbox 270 4124 2644 4218; baseline 0.002 -25"><span class='ocrx_word' id='word_1_326' title='bbox 270 4124 579 4205; x_wconf 82' lang='lat' dir='ltr'>Quattuor</span> <span class='ocrx_word' id='word_1_327' title='bbox 624 4152 684 4215; x_wconf 90' lang='lat' dir='ltr'>p.</span> <span class='ocrx_word' id='word_1_328' title='bbox 739 4129 1011 4218; x_wconf 82' lang='lat' dir='ltr'><strong>LXVII)</strong></span> <span class='ocrx_word' id='word_1_329' title='bbox 1059 4132 1434 4211; x_wconf 72' lang='grc' dir='ltr'><strong><em>φθείρειν</em></strong></span> <span class='ocrx_word' id='word_1_330' title='bbox 1472 4133 1833 4198; x_wconf 82' lang='lat' dir='ltr'>eoniioiens.</span> <span class='ocrx_word' id='word_1_331' title='bbox 1884 4130 2066 4197; x_wconf 88' lang='lat' dir='ltr'>Nihil</span> <span class='ocrx_word' id='word_1_332' title='bbox 2104 4130 2279 4199; x_wconf 83' lang='lat' dir='ltr'>aliud</span> <span class='ocrx_word' id='word_1_333' title='bbox 2316 4132 2468 4197; x_wconf 81' lang='lat' dir='ltr'>huie</span> <span class='ocrx_word' id='word_1_334' title='bbox 2506 4132 2644 4197; x_wconf 86' lang='lat' dir='ltr'>loco</span> 
     </span>
     <span class='ocr_line' id='line_1_38' title="bbox 270 4236 2644 4321; baseline 0.002 -26"><span class='ocrx_word' id='word_1_335' title='bbox 270 4240 554 4302; x_wconf 81' lang='lat' dir='ltr'>convenit</span> <span class='ocrx_word' id='word_1_336' title='bbox 616 4258 844 4321; x_wconf 81' lang='lat' dir='ltr'>quam:</span> <span class='ocrx_word' id='word_1_337' title='bbox 916 4261 1070 4301; x_wconf 89' lang='grc' dir='ltr'><strong><em>κατ</em></strong></span> <span class='ocrx_word' id='word_1_338' title='bbox 1094 4238 1428 4318; x_wconf 80' lang='grc' dir='ltr'><strong><em>αφέρειν</em></strong></span> <span class='ocrx_word' id='word_1_339' title='bbox 1493 4240 1544 4302; x_wconf 85' lang='grc' dir='ltr'>δ’</span> <span class='ocrx_word' id='word_1_340' title='bbox 1608 4239 1857 4317; x_wconf 72' lang='grc' dir='ltr'><strong><em>ἀνάγκη</em></strong></span> <span class='ocrx_word' id='word_1_341' title='bbox 1922 4238 2027 4303; x_wconf 75' lang='grc' dir='ltr'>καὶ</span> <span class='ocrx_word' id='word_1_342' title='bbox 2091 4242 2161 4303; x_wconf 87' lang='grc' dir='ltr'><strong><em>τὸ</em></strong></span> <span class='ocrx_word' id='word_1_343' title='bbox 2211 4236 2644 4315; x_wconf 80' lang='grc' dir='ltr'><strong><em>ἀναφυόμενον</em></strong></span> 
     </span>
     <span class='ocr_line' id='line_1_39' title="bbox 272 4337 2642 4432; baseline 0.003 -32"><span class='ocrx_word' id='word_1_344' title='bbox 272 4337 600 4410; x_wconf 81' lang='grc' dir='ltr'><strong><em>ἐκκόπτειν.</em></strong></span> <span class='ocrx_word' id='word_1_345' title='bbox 647 4342 958 4411; x_wconf 78' lang='lat' dir='ltr'>Hercules</span> <span class='ocrx_word' id='word_1_346' title='bbox 1007 4346 1176 4411; x_wconf 86' lang='lat' dir='ltr'>enim</span> <span class='ocrx_word' id='word_1_347' title='bbox 1202 4392 1218 4425; x_wconf 87' lang='lat'>‚</span> <span class='ocrx_word' id='word_1_348' title='bbox 1268 4350 1342 4412; x_wconf 91' lang='lat' dir='ltr'>ut</span> <span class='ocrx_word' id='word_1_349' title='bbox 1388 4352 1484 4413; x_wconf 87' lang='lat' dir='ltr'>est</span> <span class='ocrx_word' id='word_1_350' title='bbox 1531 4345 1699 4432; x_wconf 87' lang='lat' dir='ltr'>apud</span> <span class='ocrx_word' id='word_1_351' title='bbox 1746 4345 2199 4432; x_wconf 86' lang='lat' dir='ltr'>Apollodorum</span> <span class='ocrx_word' id='word_1_352' title='bbox 2250 4347 2318 4409; x_wconf 86' lang='lat' dir='ltr'>in</span> <span class='ocrx_word' id='word_1_353' title='bbox 2365 4342 2533 4409; x_wconf 86' lang='lat' dir='ltr'>Bibl.</span> <span class='ocrx_word' id='word_1_354' title='bbox 2560 4340 2642 4407; x_wconf 93' lang='lat'>11.</span> 
     </span>
    </p>
   </div>
  </div>
 </body>
</html>
