3150 5000
473 315 604 381 200
1501 335 1821 384 somnus.

433 488 1052 588 'monosyllabomm
1111 500 1407 580 elisione,
1458 499 1631 566 locos
1681 501 1913 586 quibus
1961 501 2115 566 haec
2162 499 2519 566 observatio
2566 497 2865 584 prodesse

469 606 725 674 videtur
769 627 846 671 ex
895 607 1111 673 ordine
1158 594 1531 675 recensebo.⁵
1948 669 1955 674 .

559 711 780 779 Primo
828 711 974 779 illos
1019 733 1239 780 versus
1284 713 1640 799 proferam,
1692 731 1848 798 quos
1895 711 2153 798 quidem
2194 710 2662 778 observaverim
2688 758 2706 793 ,
2746 709 2865 774 ubi

462 814 898 886 Accusamvus
955 819 1324 885 inserendus
1386 839 1520 885 esse
1582 819 1859 886 videtur.
1948 818 2093 885 Non
2154 817 2378 883 dubito
2442 819 2596 901 quin
2660 814 2862 880 multi

429 989 434 992 .
466 945 572 990 me
609 927 920 1013 fugerint3
972 924 1330 1010 complures
1371 932 1590 997 autem
1612 973 1628 1003 ‚
1677 925 1754 991 de
1802 924 2034 1012 quibus
2071 945 2297 1010 anceps
2339 923 2679 990 videbatur
2726 941 2864 987 esse

467 1031 777 1098 iudicium
797 1080 813 1110 ,
855 1013 1068 1098 ‘sciens
1113 1033 1510 1116 praetermisi
1529 1051 1548 1109 ς
1600 1030 1868 1116 denique
1906 1031 2098 1116 probe
2136 1029 2302 1095 mihi
2344 1031 2629 1094 conscius
2671 1049 2821 1093 sum
2842 1076 2860 1111 ,

467 1138 640 1204 haud
678 1158 880 1223 pauca
926 1159 1032 1202 me
1078 1136 1478 1224 prolaturum
1525 1158 1660 1204 esse
1708 1157 1869 1222 quae
1915 1137 2160 1203 dudum
2209 1138 2541 1202 observata
2576 1135 2827 1200 fuerint
2846 1179 2863 1212 ‚

464 1244 576 1309 sed
615 1245 682 1308 in
721 1243 1092 1308 huiusmodi
1131 1243 1560 1328 disputatione
1598 1243 1784 1310 vitari
1834 1244 1901 1309 id
1949 1263 2151 1328 neque
2186 1247 2620 1328 potestasque
2646 1240 2862 1306 debet.

466 1347 808 1434 Plerosque
868 1355 1082 1415 autem
1131 1347 1301 1415 locos
1346 1351 1599 1416 nonnisi
1640 1337 1919 1415 breviter
1956 1347 2248 1414 indicabo
2266 1396 2282 1426 ,
2326 1369 2404 1413 ne
2441 1347 2598 1413 haec
2638 1347 2863 1432 dispu-

463 1457 723 1522 tationis
760 1475 906 1540 pars
951 1455 1122 1521 ultra
1165 1457 1412 1521 iustum
1460 1455 1727 1521 modum
1776 1459 2112 1522 excrescat.

555 1572 614 1627 A
661 1561 750 1628 24
795 1583 921 1648 sq.:
973 1561 1124 1627 ἀλλ’
1165 1563 1272 1655 οὔκ
1323 1561 1607 1642 Ἀτρεΐδη
1658 1560 2090 1640 Ἀγαμέμνονι
2139 1560 2389 1628 Γοὶνδανε
2440 1561 2643 1640 θυμῷ,

977 1667 1154 1733 ἀλλὰ
1202 1673 1402 1740 κακῶς
1452 1669 1625 1748 <ν’>
1674 1667 1873 1746 ἀφίει.
1927 1705 2012 1717 -
2058 1667 2223 1733 Item
2272 1689 2369 1733 vs.
2424 1664 2575 1732 379.

560 1785 611 1838 A
667 1771 832 1840 113:
885 1773 988 1838 καὶ
1037 1771 1163 1854 γάρ
1209 1797 1268 1839 νε
1315 1774 1868 1853 Κλυταιμνήστρης
1908 1773 2309 1854 προβέβουλα
2350 1772 2553 1858 (Libri
2574 1770 2709 1852 γάρ
2734 1773 2861 1856 ῥα).

558 1889 610 1945 Α
664 1877 829 1948 195:
880 1881 990 1960 πρὸ
1039 1880 1163 1960 γὰρ
1213 1873 1317 1953 ἧκε
1366 1881 1477 1945 θεοὶ
1525 1881 1893 1954 λευκώλενος
1938 1883 2113 1961 Ἥρη.
2180 1878 2552 1968 Legeudum
2594 1879 2867 1945 videtur

963 1985 1076 2066 πρὸ
1139 1985 1204 2050 δέ
1259 1987 1306 2051 ε’
1367 1983 1506 2065 ἧκε,
1571 1993 1647 2051 ut
1691 1988 1909 2071 paucis
1955 1987 2242 2054 versibus
2286 1987 2679 2072 interpositis
2733 1987 2860 2073 (vs.

965 2085 1124 2176 208)
1173 2092 1285 2171 πρὸ
1330 2092 1393 2157 δέ
1443 2091 1513 2168 μ’
1564 2088 1671 2167 ἧκε
1718 2093 1826 2157 θεὰ
1874 2092 2239 2164 λευκώλενος
2284 2089 2462 2172 Ἥρη.

555 2208 614 2263 A
659 2195 829 2262 299:
879 2196 1016 2262 ἐπεί
1060 2201 1132 2274 μ’
1176 2191 1489 2279 ἀφέλεσθέ
1541 2222 1620 2278 γε
1670 2195 1892 2271 δόντες.
1963 2199 2092 2263 Pro
2137 2195 2379 2263 insulso
2417 2219 2495 2276 γε
2534 2197 2863 2262 sententia

957 2325 1017 2371 n
1066 2305 1348 2386 requirit.

549 2419 608 2474 A
655 2407 820 2474 406:
878 2410 979 2474 τὸν
1041 2410 1146 2474 καὶ
1217 2409 1576 2477 ὑπέδεεισαν
1639 2408 1921 2492 μοὶκαρες
1976 2409 2090 2475 θεοὶ
2140 2409 2273 2475 οὐδέ
2318 2409 2381 2474 τ’
2429 2407 2682 2484 ἔδησαν.
2756 2409 2859 2476 Ne

959 2516 1153 2584 verba
1213 2519 1347 2583 sine
1408 2538 1595 2583 sensu
1656 2524 1845 2605 poeta
1904 2516 2237 2603 loquatur,
2297 2517 2709 2583 scribendum
2760 2524 2864 2583 est

959 2622 1094 2688 οὐδέ
1130 2625 1176 2688 r’
1216 2622 1473 2699 ἔδησαν;
1509 2626 1668 2688 hunc
1704 2623 2094 2710 (Briareum)
2134 2624 2229 2688 dii
2266 2624 2594 2689 timuerunt
2611 2670 2630 2701 ,
2668 2647 2865 2711 neque

955 2730 1142 2811 iyitur
1190 2752 1318 2793 eum
1365 2728 1637 2813 (Iovem)
1686 2736 1750 2793 in
1804 2731 2048 2795 vincula
2094 2736 2484 2797 coniecerunt.

959 2942 1197 3028 aberit,
1245 2947 1308 3007 et
1356 2941 1559 3007 defuit
1606 2942 1761 3008 olim
1812 2948 1973 3009 teste
2018 2940 2398 3020 Eustathi03
2442 2963 2651 3009 nonne
2702 2944 2771 3010 δέ
2816 2946 2864 3009 ε’

957 3060 1055 3114 est
1099 3045 1548 3115 scribendum?
2084 3104 2089 3109 .

549 3164 595 3219 Γ
647 3152 814 3219 385:
861 3154 1020 3235 χειρὶ
1071 3154 1132 3220 δὲ
1182 3154 1502 3233 νεκταρέου
1549 3159 1752 3219 εεανοῦ
1806 3154 1978 3238 <r'>
2027 3153 2272 3230 ἐτίναξε
2320 3154 2642 3233 λαβοῦσα.

460 3258 852 3325 simillimus
907 3268 1004 3325 est
1050 3280 1270 3325 versus
1317 3268 1372 3325 Π
1424 3257 1465 3323 9
1483 3307 1498 3337 ,
1554 3266 1618 3324 et
1666 3258 2070 3326 simillimam
2122 3259 2547 3346 corruptelam
2593 3282 2865 3348 perpes-
2899 3318 2905 3323 .

456 3387 564 3431 sus
612 3370 740 3431 est:

729 3476 954 3536 νειανοῦ
1002 3470 1320 3548 ἁπτομένη
1342 3519 1360 3549 ,
1411 3471 1519 3536 καί
1564 3476 1625 3536 τ’
1674 3471 2009 3549 ἐσσυμένην
2055 3474 2397 3554 κατερύκει.
2444 3473 2867 3543 Scribamus:

730 3576 1049 3655 ἁπτομένη
1097 3576 1340 3655 νεῶνοῦ,
1390 3578 1501 3642 καί
1546 3578 1722 3663 <ε’>
1772 3577 2103 3654 ἐσσυμένην
2152 3578 2493 3660 κατερύκει.

553 3694 607 3748 Δ
708 3682 823 3748 12:
878 3682 982 3747 καὶ
1033 3686 1134 3747 νῦν
1181 3680 1355 3759 <r’>
1407 3681 1744 3759 ἐξεσάωσεν
1792 3683 2053 3761 ὃιόμενον
2102 3683 2434 3751 θανέεσθαι.

554 3798 608 3852 Δ
661 3788 826 3853 315:
877 3786 1054 3852 ἀλλά
1102 3811 1173 3851 σε
1219 3793 1417 3867 γῆρας
1465 3787 1644 3868 τείρει
1695 3790 1939 3855 ὃλοίιον·
1990 3790 2066 3862 ὥς
2114 3788 2341 3871 ὄφελέν
2389 3814 2485 3863 τις

878 3894 1100 3973 ἀνδρῶν
1147 3892 1340 3966 ἄλλος
1392 3892 1560 3974 ἔχειν
1584 3944 1599 3971 ,
1652 3896 1727 3960 σὺ
1778 3895 1841 3960 δὲ
1889 3894 2275 3976 κουροτέροισι
2321 3904 2626 3975 μετεῖναι.

461 3998 654 4064 Deest
714 3999 1053 4064 obiectum.
1140 3999 1429 4064 Fortasse
1487 4002 1695 4086 igitur
1752 4002 1828 4072 ὣς
1890 4000 2114 4081 ὄφελεν
2161 4003 2231 4067 τὸ
2278 4024 2429 4069 vera
2474 4010 2572 4069 est
2613 4003 2869 4087 lectio;

461 4104 666 4170 lenior
712 4109 926 4169 tamen
971 4104 1222 4169 medela
1267 4104 1345 4170 ad
1388 4125 1651 4170 manum
1698 4112 1827 4172 est:
1877 4104 1951 4179 ὥς
1998 4110 2173 4181 <ε’>
2214 4108 2441 4188 ὄφελέν
2482 4132 2600 4181 τις.
2644 4112 2873 4178 Accu-

463 4212 742 4275 sativum
793 4212 965 4275 enim
1011 4234 1069 4274 rs
1117 4212 1314 4276 etiam
1363 4210 1442 4275 ad
1489 4212 1800 4277 vocabula
1844 4215 2056 4277 neutri
2093 4217 2344 4301 generis
2382 4216 2602 4282 referri
2627 4236 2828 4302 posse
2848 4266 2869 4297 ,

467 4314 614 4392 inde
683 4320 826 4379 tute·
881 4314 1158 4381 effeceris
1215 4316 1384 4401 quod
1445 4340 1550 4393 μιν
1607 4319 1763 4382 satis
1807 4318 2166 4404 frequenter
2206 4340 2281 4387 eo
2326 4341 2515 4387 sensu
2559 4323 2869 4407 positum
