3150 5000
588 302 724 370 262
1317 323 1639 374 sumens
1684 323 1769 372 ns
1815 323 2233 375 ommonmus.

583 487 1102 554 exercitationibus
1161 488 1402 554 iuvenes
1457 489 1578 554 iam
1626 495 1683 554 et
1715 490 1929 576 forum
1974 489 2302 572 inpressas-i
2346 488 2839 576 confirmare
2876 497 2935 551 et

587 595 806 660 olere
851 596 1094 676 inqenia
1138 618 1250 660 sua
1295 596 1464 662 soliti
1511 597 1653 660 sint.

680 697 844 780 Quia
903 701 1249 768 secundum
1297 708 1560 768 naturae
1606 701 1891 767 ordinem
1936 703 2101 768 alere
2144 704 2320 788 prius
2368 707 2464 768 est
2508 721 2706 788 quem
2752 703 2937 785 coufir-

585 828 780 884 more,
831 807 1000 892 apud
1047 811 1384 893 scriptores
1419 808 1642 875 eodem
1684 808 1903 874 ordine
1940 814 2191 875 servato
2226 812 2500 895 priorem
2546 808 2763 874 locum
2800 809 2935 871 alere

584 913 858 991 obtinet,
925 915 1034 979 oui
1079 914 1387 1002 subiungi
1433 913 1600 980 solet
1644 917 2011 996 confirmare.
2083 912 2309 1000 Gomp.
2360 912 2613 999 Cicero,
2662 915 2743 980 de
2784 913 2933 978 Orat.

585 1015 666 1082 11.
715 1015 839 1082 28:
890 1022 978 1093 si.
1031 1040 1176 1085 oum
1227 1039 1348 1107 ego
1394 1020 1566 1086 hunc
1614 1025 1927 1087 oratorem
1966 1042 2212 1098 crearo,
2252 1021 2469 1087 aluero
2492 1070 2509 1097 ,
2552 1019 2933 1094 confirmato,

583 1123 832 1189 tradem
895 1145 1044 1190 eum
1093 1122 1318 1192 Crasso
1367 1125 1446 1192 ad
1495 1128 1897 1192 vestiendum
1945 1133 2010 1193 et
2054 1127 2437 1205 omendum3
2476 1125 2651 1192 Ibid.
2708 1125 2787 1190 11.
2834 1123 2933 1192 ¹78:

583 1229 692 1295 sed
753 1229 907 1295 haec
969 1251 1070 1296 ars
1133 1237 1267 1298 tota
1329 1232 1577 1298 dicendi
1626 1231 1817 1298 hebet
1862 1232 2025 1300 hanc
2069 1235 2204 1299 vim
2227 1280 2243 1311 ,
2290 1252 2414 1298 non
2462 1239 2539 1298 ut
2584 1239 2793 1298 totum
2836 1229 2935 1296 sli-

582 1334 735 1418 quid
799 1338 1005 1420 pariat
1068 1358 1139 1403 ac
1199 1345 1516 1423 procreet,
1581 1359 1804 1406 verum
1852 1344 1927 1404 ut
1972 1360 2077 1417 ea,
2130 1360 2289 1424 quae
2336 1344 2486 1404 sunt
2534 1345 2673 1404 orta
2718 1341 2843 1404 iam
2882 1340 2937 1400 in

579 1442 762 1506 nobis
820 1447 885 1508 et
945 1450 1267 1526 procreata
1289 1493 1306 1520 ,
1371 1445 1598 1510 educet
1666 1451 1856 1530 atque
1918 1443 2285 1524 confirmet3
2346 1447 2533 1510 Auct.
2600 1445 2681 1510 sd
2728 1443 2931 1509 Heren.

581 1545 690 1614 IV.
739 1547 860 1613 43:
911 1548 1076 1616 eluit
1119 1549 1274 1617 haec
1312 1572 1451 1629 me,
1496 1552 1797 1636 produxit
1830 1551 1910 1616 ed
1948 1552 2109 1617 hunc
2147 1557 2458 1636 aetatem,
2502 1553 2745 1616 muniit
2785 1551 2936 1615 bonis

579 1653 875 1741 legibus3
923 1654 1138 1736 Quint.
1189 1656 1484 1724 Prooem.
1531 1655 1651 1722 23:
1702 1657 1871 1722 alere
1916 1658 2275 1724 facundiam
2295 1706 2313 1741 ,
2355 1659 2525 1723 vires
2562 1677 2799 1743 augere
2832 1654 2935 1721 elo-

582 1763 896 1845 quentiae.
951 1797 1024 1812 —-
1081 1761 1333 1828 Attulit
1377 1763 1532 1830 haec
1575 1764 1869 1848 exempla
1912 1763 2295 1850 Peerlkamp
2344 1764 2423 1829 ad
2461 1762 2719 1830 Horatii
2758 1763 2932 1848 Epist.

581 1867 661 1934 ed
707 1867 970 1935 Pisones
1014 1891 1110 1936 vs.
1161 1867 1290 1936 30¹7
1313 1916 1330 1948 ,
1372 1870 1605 1955 quibus
1647 1869 1791 1934 eddi
1834 1875 2039 1954 potest
2080 1870 2243 1954 quod
2284 1869 2527 1957 legitur
2548 1869 2715 1954 apud
2744 1869 2935 1949 Quint.

580 1973 632 2038 Ι.
703 1975 761 2039 1.
830 1973 954 2040 36:
1022 1978 1332 2042 memoria
1377 1977 1713 2062 praecipue
1760 1974 1956 2041 alitur
2000 1981 2065 2041 et
2112 1975 2400 2042 firmatur
2444 1975 2715 2040 ambitu.
2784 1973 2937 2054 Quae

582 2101 778 2165 quum
842 2084 939 2146 ita
999 2084 1162 2158 sint,
1225 2084 1293 2146 in
1357 2081 1631 2170 Dialogo
1691 2100 1939 2167 quoque
1984 2081 2386 2148 scribendum
2439 2082 2697 2149 videtur
2742 2083 2937 2144 alere

578 2194 650 2252 et
695 2189 1193 2274 confirmare
1237 2188 1498 2270 inqenia.

671 2368 779 2436 38.
855 2371 1109 2436 Transeo
1171 2373 1256 2436 ad
1293 2373 1568 2458 sormam
1628 2379 1684 2436 et
1742 2395 1952 2436 consue
1965 2372 2229 2447 tudinem
2294 2395 2330 2436 v
2348 2379 2509 2438 eter
2526 2395 2637 2436 um
2710 2372 2938 2436 iudicio·

579 2500 743 2562 rum,
799 2501 950 2559 quae
1010 2483 1123 2543 etsi
1176 2502 1335 2543 nunc
1394 2479 1596 2563 aptior
1655 2465 1740 2544 est
1801 2477 2078 2556 veritati,
2129 2478 2517 2561 eloquentiam
2564 2485 2756 2544 tomen
2798 2475 2941 2542 alud

585 2585 780 2653 forum
827 2585 1014 2669 maqis
1059 2588 1374 2651 exercebat.

663 2687 1067 2757 Consuetudo
1109 2698 1416 2759 ‘veterum
1474 2691 1865 2757 iudiciorum
1926 2690 2125 2757 stulte
2182 2691 2419 2757 dicitur
2476 2714 2635 2755 nunc
2696 2689 2933 2757 veritati

575 2801 781 2886 aptior
841 2819 997 2866 esse.
1067 2798 1194 2865 Suo
1253 2798 1392 2865 loco
1440 2806 1695 2865 veterum
1742 2798 2207 2865 restituendum
2256 2800 2378 2862 erit
2422 2797 2551 2881 ita,
2600 2802 2675 2862 ut
2721 2798 2929 2863 scribs-

575 2912 682 2973 tur
726 2908 1117 2987 eloquentiam
1161 2913 1352 2971 tamen
1401 2913 1622 2970 veter
1644 2928 1754 2969 um
1800 2904 1965 2969 illud
1997 2906 2207 2991 forum
2254 2908 2440 2985 maqis
2486 2905 2803 2968 exercebat.

666 3090 774 3155 41.
846 3086 1121 3168 Credite,
1187 3090 1390 3174 optimi
1449 3098 1505 3153 et
1569 3090 1651 3153 in
1711 3094 2085 3173 quantum
2144 3108 2335 3170 opus
2402 3096 2521 3149 est
2580 3082 2937 3149 disertissimi

576 3196 730 3270 viri,
779 3197 836 3260 si
879 3205 985 3260 aut
1029 3220 1130 3261 vos
1163 3198 1471 3280 prioribus
1514 3195 1795 3271 saeculis,
1850 3204 1959 3257 aut
2001 3192 2105 3257 illi
2150 3216 2291 3274 quos
2328 3192 2649 3269 miramur,
2691 3191 2780 3255 his
2814 3188 2936 3253 nati

574 3310 806 3367 essent.
834 3351 847 3366 .
881 3352 894 3366 .
923 3349 936 3366 .
989 3326 1094 3369 nec
1139 3304 1301 3367 vobis
1343 3326 1563 3367 summa
1613 3302 1727 3365 illa
1764 3302 1898 3365 laus
1936 3307 1991 3365 et
2024 3300 2225 3381 ,qloria
2265 3304 2329 3363 in
2368 3304 2732 3384 eloquentia,
2769 3317 2937 3377 neque

571 3410 708 3473 illie
751 3410 964 3474 modus
1010 3418 1068 3473 et
1113 3416 1619 3492 temperamentum
1644 3405 1981 3493 {defuisset

663 3514 786 3580 Vix
847 3513 1143 3601 intelligo
1205 3514 1517 3599 quomodo
1582 3512 1716 3578 fieri
1764 3510 2044 3598 potuerit
2088 3532 2210 3577 non
2262 3514 2515 3575 tantum
2568 3515 2641 3575 ut
2686 3510 2935 3575 editores

568 3622 849 3705 ineptam
899 3627 964 3685 et
1009 3620 1345 3685 absurdam
1388 3619 1723 3685 lectionem
1767 3624 1833 3682 in
1870 3625 2153 3700 quantum
2194 3640 2339 3700 opus
2378 3625 2464 3683 est
2502 3637 2701 3703 aequo
2740 3616 2935 3681 animo

574 3728 953 3811 reciperent,
1018 3724 1126 3792 sed
1187 3730 1260 3790 ut
1325 3726 1668 3791 existerent
1726 3744 1972 3809 quoque
2036 3725 2147 3808 qui
2210 3722 2427 3789 multis
2491 3724 2703 3789 verbis
2767 3720 2929 3785 illam

573 3836 901 3915 tamquam
963 3836 1203 3896 rectam
1264 3835 1328 3896 et
1388 3850 1606 3895 senam
1672 3828 2092 3895 defenderent.
2172 3826 2423 3912 Nempe
2470 3830 2760 3894 turbatus
2804 3846 2935 3893 ver-

574 3935 798 4000 borum
863 3935 1050 4019 ordo,
1112 3938 1222 4021 qui
1287 3940 1421 4001 tam
1483 3934 1725 4000 multos
1786 3932 2043 4022 Dialogi
2105 3933 2277 3999 locos
2341 3937 2660 4019 corrupit,
2720 3939 2781 4000 et
2836 3930 2933 3995 hic

575 4043 798 4104 erroris
865 4062 1053 4106 causa
1114 4048 1232 4107 est.
1310 4038 1594 4105 Dubium
1644 4047 1945 4120 nonest,
1996 4042 2145 4124 quin
2194 4038 2346 4104 olim
2398 4040 2707 4126 scriptum
2754 4036 2935 4103 fuerit

579 4146 785 4229 optimi
829 4157 887 4209 et
933 4154 1303 4231 quantum
1353 4148 1430 4211 in
1478 4146 1701 4211 vobis
1747 4155 1861 4211 est
1908 4146 2287 4209 disertissimi
2330 4146 2470 4209 oiri.
2512 4184 2595 4195 -—
2636 4143 2726 4217 Cf.
2778 4139 2931 4207 Dial.

575 4272 626 4315 c.
679 4249 800 4315 23:
853 4274 950 4315 vos
996 4274 1166 4330 vero,
1215 4253 1337 4317 viri
1379 4252 1795 4330 disertissimi,
1846 4258 1927 4317 ut
1960 4252 2341 4335 potestis.

661 4402 793 4469 Scr-
844 4424 928 4468 m.
980 4404 1246 4479 Martio,
1934 4380 1939 4385 ⁸
2076 4402 2136 4469 J.
2186 4402 2247 4469 J.
2302 4401 2758 4473 Gonnnmssm.

685 4530 740 4575 a.
771 4526 1218 4577 nnocoLxxxv.

1539 4599 1974 4611 ——.—-—
