3150 5000
599 1064 742 1154 DE
797 1064 1478 1156 FRAGMENTIS
1537 1063 2167 1155 COMICORUM
2226 1064 2881 1155 GRAECORUM

1105 1201 1867 1293 ΟΟΜΜΕΝΤΑΤΙΟ
1927 1202 2373 1292 ALTERA.

1586 1410 1867 1461 somam

1264 1580 1350 1646 H.
1402 1580 1577 1647 VAN
1623 1578 2198 1649 HERWERDEN.

1067 1718 1497 1805 (Oontinuatur
1541 1742 1574 1783 e
1620 1720 1845 1784 Mnem.
1892 1718 1975 1785 X.
2009 1742 2079 1802 p.
2130 1718 2217 1787 67
2264 1724 2416 1807 sqq.)

1604 1996 1855 2025 —m—

630 2236 852 2303 Denuo
897 2237 1209 2323 scripturo
1255 2235 1332 2301 de
1377 2236 1757 2323 fragmentis
1804 2234 2210 2305 Geminorum
2252 2238 2641 2307 Graecorum
2666 2289 2683 2318 ‚
2724 2245 2929 2327 prius-

540 2365 731 2431 quam
802 2344 869 2408 id
937 2364 1097 2428 opus
1165 2343 1534 2431 aggrediar,
1602 2344 1854 2410 disertis
1918 2346 2126 2411 verbis
2186 2348 2350 2412 mihi
2419 2346 2599 2412 lubet
2646 2346 2930 2431 profiteri

541 2452 869 2540 egregiam
908 2448 1042 2515 illis
1079 2456 1223 2536 post
1263 2449 1666 2516 Meinekium
1706 2451 2097 2538 explicandis
2136 2461 2200 2519 et
2237 2453 2648 2520 emendandis
2672 2475 2929 2540 operam

540 2539 644 2622 me
690 2556 902 2622 iudice
946 2559 1334 2642 praestitisse
1381 2556 1787 2623 Tflnonomm
1832 2557 2177 2635 Kocxnm,
2224 2561 2441 2626 virum
2490 2563 2557 2625 in
2606 2563 2932 2628 comoedia

538 2665 756 2728 Attica
822 2665 1366 2740 versatissimum,
1440 2663 1838 2748 eundemque
1898 2685 2023 2730 non
2094 2667 2309 2730 minus
2378 2687 2673 2753 sagacem
2737 2689 2929 2754 quam

539 2769 881 2835 eruditum.
947 2768 1146 2848 Quale
1205 2771 1473 2834 meritae
1520 2769 1732 2835 laudis
1776 2756 2187 2856 praeconium
2232 2774 2287 2836 si
2333 2773 2401 2836 in
2448 2775 2656 2857 priore
2705 2773 2789 2840 de
2834 2795 2931 2840 eo-

538 2875 683 2941 dem
749 2882 1127 2962 argumento
1190 2879 1724 2943 commentatione
1789 2876 1974 2963 (falso
2034 2881 2133 2944 sui
2190 2878 2397 2963 operis
2444 2901 2781 2945 censuram
2829 2901 2929 2947 vo·

537 2985 710 3048 cavit
747 2983 956 3067 Kock)
999 2985 1347 3067 posuissem
1372 3029 1387 3058 ,
1428 2981 1566 3047 fieri
1605 2989 1812 3067 potest
1850 2989 1927 3048 ut
1962 2985 2303 3050 evitassem
2330 2986 2454 3050 viri
2476 2986 2926 3062 iracundioris,

534 3093 609 3152 ut
656 3088 947 3163 videtur,
991 3087 1278 3172 querelas
1326 3093 1391 3152 et
1436 3090 1756 3169 convicia,
1808 3090 2038 3174 quibus
2084 3111 2190 3156 me
2238 3093 2613 3176 necopinato
2657 3094 2927 3158 insecta-

535 3199 639 3259 tus
702 3200 799 3259 est
859 3196 930 3257 in
989 3192 1392 3259 Praefatione
1441 3194 1519 3259 ad
1568 3193 1869 3260 volumen
1917 3193 1995 3259 II.
2049 3192 2321 3261 Credere
2368 3198 2541 3261 enim
2591 3215 2717 3262 non
2769 3216 2929 3283 queo

534 3303 863 3377 criticum,
933 3300 1045 3384 qui
1108 3306 1244 3363 tam
1307 3297 1508 3365 libere
1567 3320 1771 3385 neque
1834 3321 2083 3385 semper
2146 3300 2300 3366 satis
2362 3301 2643 3368 humane
2690 3301 2928 3370 alienos

533 3407 668 3472 sive
715 3426 950 3471 errores
991 3407 1128 3470 sive
1167 3402 1572 3491 displicentes
1609 3409 1735 3491 ipsi
1777 3410 2099 3493 opiniones
2122 3406 2575 3492 reprehendere
2600 3406 2839 3495 soleat,
2862 3409 2926 3474 id

536 3510 704 3597 quod
751 3511 874 3576 sibi
921 3517 1176 3598 arroget
1219 3513 1322 3576 ius
1341 3558 1357 3588 ,
1406 3533 1637 3599 negare
1686 3512 1851 3579 aliis.
1898 3513 2121 3598 Neque
2166 3533 2315 3579 sane
2361 3513 2769 3600 vituperandi
2816 3514 2925 3580 illo

532 3620 671 3682 iure
735 3616 870 3683 ulla
929 3616 1267 3702 disciplina
1315 3655 1398 3666 —
1447 3617 1631 3683 nulla
1695 3625 1909 3685 autem
1958 3622 2174 3685 minus
2221 3641 2413 3705 quam
2464 3640 2538 3686 ea
2584 3641 2744 3707 quae
2794 3627 2925 3689 tota

531 3729 821 3790 versatur
865 3725 932 3788 in
979 3722 1318 3790 iudicando
1362 3761 1442 3772 —
1486 3728 1750 3808 impune
1793 3745 2001 3790 carere
2038 3731 2278 3810 potest:
2319 3727 2385 3791 id
2426 3747 2627 3792 unum
2668 3747 2923 3792 summo

533 3850 717 3914 opere
761 3829 1150 3914 cavendum,
1197 3851 1277 3897 ne
1323 3830 1672 3896 inhumane
1720 3852 1792 3897 eo
1840 3835 2136 3910 utamur,
2183 3853 2263 3898 ne
2308 3833 2653 3912 invidiose,
2704 3855 2787 3899 ne
2824 3855 2922 3900 su-

530 3936 758 4023 perbe,
821 3957 901 4001 ne
964 3936 1442 4002 contumeliose.
1492 3937 1901 4018 Λοιδορεῑσθαιι
1950 3936 2002 4002 δ’
2050 3939 2115 4002 οὐ
2169 3937 2337 4015 θέμις
2386 3938 2613 4019 ἄνδρας
2660 3937 2919 4020 φιλολό-

531 4067 678 4121 γους
727 4039 922 4121 ὥσπερ
973 4043 1412 4121 ἀρτοπώλιδας,
1466 4051 1686 4128 estque
1732 4045 1962 4110 horum
2006 4048 2375 4130 praesertim
2414 4047 2917 4133 fragmentorum

528 4155 786 4236 propter
833 4148 1213 4213 brevitatem
1265 4151 1821 4235 miserrimamque
1869 4151 2223 4217 mult-orum
2268 4150 2694 4217 conditionem
2737 4173 2917 4238 saepe

527 4263 662 4321 tam
733 4259 973 4322 incerta
1039 4252 1359 4340 fallaxque
1420 4256 1783 4323 emendatio
1802 4305 1818 4335 ‚
1884 4263 1958 4322 ut
2019 4260 2217 4323 etism
2274 4259 2810 4344 perspicacissimi
2855 4264 2918 4324 et

527 4361 883 4429 doctissimi
932 4363 1058 4429 viri
1105 4382 1288 4447 saepe
1335 4361 1664 4430 fallantur.
