3150 5000
545 293 695 360 ‘146
1550 311 1950 363 naemu-us.

650 477 783 544 VII
834 479 963 545 100
1008 481 1151 556 init.
1208 479 1555 556 ἐπεθύμησε
1607 479 1902 564 (Xerxes)
1949 479 2138 550 αὐτός
2184 483 2390 560 σφεας
2440 476 2921 555 διεξελάσας

559 586 913 661 θεήσασθαι.
972 586 1094 666 Qui
1138 607 1369 670 quaeso
1414 587 1533 652 hoc
1578 585 1714 651 fieri
1762 583 2014 670 potuit?
2060 585 2380 651 Audacter
2426 586 2692 650 emenda
2739 583 2924 660 διεξ-

556 690 866 758 ελαύνω
887 717 951 775 ν,
1040 697 1153 758 aut
1239 690 1377 758 dele
1465 693 1872 777 participium
1942 711 2062 757 non
2133 694 2559 757 necessarium
2623 691 2704 756 ob
2765 711 2923 775 sqq.:

560 785 729 875 μετὰ
802 797 864 863 δὲ
934 799 1136 864 ἐποίεε
1208 802 1461 882 ταῦτα,
1535 798 1640 863 καὶ
1703 797 2248 875 διεξελαύνων
2304 798 2404 863 ἐπ’
2467 793 2747 878 ἅρματος
2791 797 2922 874 παρ’

558 899 715 975 ἔθνος
748 901 825 970 ἓν
869 901 1131 970 ἕκαστον
1180 903 1542 970 ἐπυνθάνετο
1591 904 1720 971 κτέ.
2107 923 2109 925 ’

643 1145 778 1213 VII
830 1147 951 1213 101
1006 1153 1164 1214 extr.
1209 1147 1342 1228 φας
1394 1147 1559 1213 οὐδέν
1604 1149 1656 1213 οἱ
1699 1147 2055 1283 ἀηδέστερον
2094 1146 2334 1216 ἔσεσθαι
2379 1151 2446 1234 [ἢ
2493 1147 2770 1228 πρότερον
2808 1145 2914 1230 hv]-

554 1251 845 1319 Tollatur
892 1256 1061 1321 iners
1107 1254 1648 1340 supplementum.

640 1494 767 1562 VII
820 1495 977 1575 102,
1033 1496 1066 1561 1
1130 1499 1314 1577 ἀρετὴ
1368 1497 1442 1582 ,δὲ
1504 1495 1774 1570 ἔπακτδς
1835 1498 2007 1573 ἐστι,
2071 1497 2238 1562 ἀπό
2298 1521 2370 1562 τε
2424 1499 2644 1578 σοφίης
2710 1522 2920 1577 κατερ-

549 1602 834 1681 γασμένη
887 1604 989 1669 καὶ
1042 1603 1223 1680 νόμου
1269 1605 1540 1682 ἰσχυροῦ.
1603 1603 1883 1690 Requiro
1931 1600 2101 1668 ὑπό.
2154 1640 2235 1652 —-
2285 1603 2532 1670 Ibidem
2582 1605 2619 1689 ξ
2666 1602 2709 1669 2
2755 1605 2920 1688 αἰνέω

550 1707 665 1786 μέν
709 1732 810 1774 νυν
854 1709 1103 1782 πάντας
1154 1708 1291 1781 τοὺς
1337 1707 1656 1783 Ἕλληνας
1705 1709 1843 1781 τοὺς
1892 1708 2024 1789 περὶ
2077 1709 2330 1781 ἐκείνους
2371 1711 2511 1781 τοὺς
2559 1710 2912 1796 [Δωρικοὺς]

543 1817 774 1894 χώρους
824 1815 1210 1892 οἰκημένους,
1258 1813 1521 1894 ἔρχομαι
1568 1815 1630 1880 δὲ
1677 1814 1868 1892 λέξων
1911 1851 2002 1864 —-
2047 1816 2179 1894 περ)
2223 1813 2733 1892 Λακεδαιμονίων
2775 1815 2914 1892 μού-

545 1943 654 1983 νων
703 1921 832 1987 κτὲ.
874 1919 1080 1986 Valde
1126 1927 1491 2006 suspectum
1539 1921 1740 1987 habeo
1786 1921 2174 1986 vocabulum
2227 1923 2526 2000 Δωρικούς
2579 1943 2729 1987 cum
2778 1925 2920 2007 quia

546 2025 788 2092 Xerxes
847 2025 1260 2092 Demaratum
1324 2029 1504 2092 cuius
1566 2026 1721 2092 haec
1783 2035 1878 2091 est
1936 2029 2136 2093 oratio
2198 2027 2275 2092 de
2325 2029 2621 2093 omuibus
2669 2027 2921 2096 Graecis

546 2128 884 2214 Graeciam
932 2135 1180 2218 proprie
1228 2135 1319 2198 sic
1367 2133 1603 2198 dictam
1644 2133 2068 2200 incolentibus
2103 2135 2644 2221 interrogaverat,
2685 2154 2808 2199 non
2845 2134 2920 2200 de

548 2237 700 2302 solis
760 2236 1269 2323 Peloponnesiis,
1344 2235 1477 2304 tum
1541 2239 1709 2325 quod
1767 2241 1903 2325 ipse
1967 2238 2344 2304 Demaratus
2390 2239 2608 2325 paullo
2655 2247 2801 2308 ante
2847 2241 2920 2306 de

547 2350 682 2409 tota
742 2337 1011 2410 Graecia
1076 2344 1323 2410 dixerat
1381 2354 1458 2426 τῇ
1519 2343 1788 2409 Ἑλλάδι
1853 2345 2026 2420 πενίη
2071 2345 2185 2421 μὲν
2233 2345 2355 2411 αἰεί
2400 2367 2540 2411 κοτε
2592 2344 2920 2429 σύντροφδς

545 2450 636 2518 ἕςι
686 2449 817 2517 κτὲ.
866 2449 1071 2530 Quare
1116 2450 1387 2517 dubium
1433 2471 1557 2525 non
1603 2456 1698 2518 est
1744 2453 1900 2538 quin
1937 2451 2191 2525 ἐκείνους
2232 2450 2373 2526 τοὺς
2414 2453 2642 2534 χώρους
2685 2458 2920 2540 spectet

545 2553 876 2622 Graeciam
915 2560 1278 2636 universam
1318 2563 1383 2623 et
1432 2556 1731 2638 Δωρικούς
1778 2561 1863 2623 sit
1907 2579 2276 2643 perversum
2324 2558 2506 2625 scioli
2545 2562 2917 2645 interpreta-

541 2668 858 2730 mentum.
926 2662 1076 2730 Alia
1122 2668 1327 2730 tentat
1373 2662 1437 2729 N
1439 2664 1588 2730 aber
1631 2684 1823 2750 supra
1869 2684 2016 2752 pag.
2072 2662 2178 2733 ¹75.

626 2906 746 2973 VH
796 2906 924 2973 103
990 2906 1094 2972 καὶ
1143 2906 1281 2973 ἵοιεν
1330 2905 1824 2987 ἀναγκαζόμενοι
1871 2906 2231 2988 μάστιγι
2281 2879 2354 2981 ἐς.
2390 2911 2665 2981 πλεῦνας
2717 2909 2915 2976 ἐλάσ-

534 3034 698 3084 σονες
763 3011 983 3085 ἐόντες.
1048 3012 1286 3079 Verum
1348 3014 1606 3081 videtur
1666 3012 1978 3091 μάστιξ
1996 3040 2038 3081 ι.
2092 3013 2188 3087 Of.
2237 3013 2366 3080 VII
2413 3012 2522 3079 35.
2575 3014 2683 3081 56.
2760 3016 2916 3083 Mox

530 3121 599 3183 in
659 3120 871 3186 verbis
934 3120 1113 3185 δοκέω
1178 3120 1237 3183 δὲ
1294 3118 1499 3199 ἔγωγε
1551 3122 1684 3185 καὶ
1734 3121 2288 3193 ἀνισωθέντας
2338 3122 2561 3195 πλήθεΐ
2606 3128 2913 3203 χαλεπῶς

403 3216 409 3221 ’
532 3223 610 3287 ἂν
667 3221 985 3297 Ἕλληνας
1033 3224 1291 3306 Πέρσησι
1340 3225 1606 3303 μούνοισι
1654 3226 1978 3307 μάχεσθαι
2030 3228 2178 3293 vide
2225 3248 2305 3293 an
2349 3226 2576 3293 literae
2619 3230 2712 3293 sic
2761 3230 2913 3294 diri-

530 3328 799 3395 mendae
869 3332 996 3395 sint
1064 3339 1139 3396 ut
1207 3333 1521 3398 scribatur
1592 3332 1696 3398 καὶ
1763 3333 1840 3397 ἂν
1903 3333 2075 3418 (κᾶν)
2141 3332 2611 3405 ἱσωθέντας.
2683 3333 2914 3401 Graeci

529 3436 693 3501 ἱσοῦν
739 3441 803 3502 et
849 3434 1078 3511 ἐξισοῦν
1128 3434 1333 3503 dicere
1378 3438 1615 3516 solent,
1667 3438 1778 3504 sed
1821 3440 2061 3505 ἀνισοῦν
2111 3460 2440 3525 perrarum
2490 3449 2606 3507 est.
2679 3439 2913 3525 Dupli-

530 3548 707 3609 catae
765 3542 1117 3629 particulae
1174 3542 1251 3609 οἳν
1315 3543 1610 3629 exempla
1667 3544 1848 3611 dabit
1907 3544 2513 3632 Schweighafisems
2572 3547 2640 3611 in
2707 3545 2911 3613 lexico

528 3668 593 3734 p.
644 3648 732 3714 32
780 3648 853 3715 Β.
2293 3672 2301 3679 ·

617 3894 737 3960 VII
800 3894 959 3978 104,
1021 3892 1081 3961 3.
1157 3887 1209 3961 οἳ
1278 3898 1588 3970 Ἑλλήνων
1657 3892 1920 3970 ἕκαστός
1991 3902 2144 3979 Φησι
2214 3896 2398 3985 (Cob.
2471 3897 2660 3981 Φασι)
2735 3906 2909 3981 τριῶν

527 4000 754 4079 ἄξιος
815 3998 987 4068 εἶναι.
1052 4002 1264 4075 Naber
1307 4005 1574 4070 coniecit
1619 4001 1927 4079 ἀντάξιος.
1977 4002 2073 4069 Cf.
2125 4004 2195 4069 II
2253 4003 2396 4069 146.
2446 4004 2574 4069 VII
2627 4004 2774 4071 103.
2838 4005 2910 4071 Si

523 4128 704 4185 vere,
781 4108 950 4173 idem
1020 4106 1403 4174 vocabulum
1474 4108 1942 4175 restituendum
2005 4109 2038 4173 I
2103 4108 2190 4174 32
2253 4116 2318 4175 et
2379 4108 2499 4175 VII
2557 4108 2667 4176 21.
2739 4109 2907 4177 Cum

528 4214 741 4281 verbis
786 4213 1194 4299 sequentibus
1240 4212 1455 4279 ἔπεστι
1503 4216 1628 4293 γάρ
1675 4222 1792 4295 σφι
1845 4214 2144 4290 δεσπότης
2190 4216 2365 4293 νόμος
2407 4218 2510 4280 τὸν
2551 4216 2910 4295 ὑποδειμαί·

536 4341 695 4385 νουσι
754 4322 964 4401 πολλῷ
1014 4316 1105 4384 ἔτι
1150 4324 1399 4397 μᾶλλον
1446 4320 1481 4395 ἢ
1531 4321 1583 4386 οἱ
1632 4320 1722 4384 σοὶ
1770 4320 1840 4383 σέ
1887 4327 2302 4405 componatur
2345 4320 2614 4387 Periclis
2659 4322 2906 4389 dictum

534 4425 704 4513 apud
763 4424 959 4493 Thuc-
1025 4424 1089 4492 Π
1148 4424 1269 4506 37,
1319 4425 1361 4491 3
1420 4428 1508 4491 τα
1549 4426 1816 4505 δημόσια
1861 4426 1962 4491 διὰ
2011 4426 2136 4499 δέος
2184 4429 2477 4505 μάλιστα
2522 4430 2590 4495 οὐ
2635 4452 2908 4513 παρανο-
