3150 5000
1254 285 1596 336 mummi.
2467 225 2616 334 ο405

217 454 453 544 liccat,
514 456 684 545 quod
744 454 957 523 valeat
1020 459 1094 521 ut
1151 474 1335 541 saepe
1391 454 1748 536 ἀνανῆψαι,
1799 452 2153 533 ἀναλαβεῖν
2173 500 2190 534 ,
2233 475 2348 540 quo
2393 476 2481 519 me
2525 473 2619 518 re-

216 564 446 634 ficiam.

310 746 370 814 E
421 795 438 813 .
489 747 620 813 104

370 770 625 934 ΡΟὑμὸς
676 854 815 936 ἔρως
866 854 1011 936 παρ’
1059 853 1190 932 ἐμοὶ
1240 853 1473 932 μενέτω
1522 850 1798 930 μόνον·
1850 853 1920 930 ἢν
1967 853 2033 918 δὲ
2078 851 2223 934 πρὸς
2271 848 2501 921 ἄλλους

406 963 705 1044 Φοιτήση.
757 969 918 1041 μισῶ
967 963 1152 1028 κοινὸν
1199 957 1391 1032 ἔρωτα
1414 1008 1431 1040 ,
1478 958 1698 1039 Κύπρι.

212 1067 604 1136 Incredibile
666 1071 842 1136 dictu
904 1079 1001 1135 est
1055 1068 1359 1135 editorem
1421 1088 1545 1134 non
1593 1069 1903 1153 recepisse
1950 1065 2345 1132 Planudeam
2391 1063 2616 1158 lectio·
2681 1067 2690 1078 '

212 1196 371 1242 nem
421 1176 524 1254 μό
537 1200 643 1257 νῳ.

308 1365 431 1451 Ep.
486 1365 611 1430 111

404 1474 649 1544 Πτανὸς
688 1475 917 1552 Ἔρως,
968 1473 1043 1538 σὺ
1089 1472 1155 1538 δὲ
1201 1470 1382 1539 ποσσὶ
1431 1471 1641 1551 ταχύς
1666 1494 1683 1511 ·
1729 1473 1799 1537 τὸ
1848 1471 1912 1538 δὲ
1959 1471 2192 1544 κάλλος
2243 1475 2442 1550 ὁμοῖον

404 1579 804 1658 ἀμφοτέρων·
852 1578 1088 1656 τόξοις,
1137 1579 1377 1656 Εὔβιε,
1428 1577 1795 1656 λειπόμεθα.

214 1684 328 1750 Sic
400 1687 803 1773 intel-punge.
876 1684 1089 1773 Vulgo
1150 1687 1585 1770 ineptissime:
1652 1685 1882 1762 ὁμοῖον·
1948 1685 2318 1765 ἀμφοτέρων
2381 1683 2576 1761 τόξοις
2596 1730 2616 1760 ,

217 1791 388 1870 xvi„
435 1811 561 1877 qua
597 1793 1003 1857 distinctione
1044 1791 1333 1858 funditus
1370 1794 1619 1857 interiit
1657 1794 1992 1857 sententia.
2039 1791 2183 1858 Vid.
2209 1791 2289 1857 ad
2315 1791 2522 1870 V111,
2556 1791 2616 1857 1.

310 1977 461 2066 Ep*
490 1979 653 2060 124,
708 1980 751 2048 3

680 2087 788 2154 καὶ
837 2086 965 2169 γάρ
1008 2111 1110 2166 μοι
1161 2088 1425 2161 ἐνύπνιος
1474 2082 1618 2162 ἦλθε
1665 2087 1975 2170 Φαρέτρην

675 2196 1009 2280 ἀνταίρων,
1060 2195 1162 2259 καὶ
1214 2193 1347 2268 δοὺς
1398 2194 1590 2278 ᾤχετ’
1637 2193 2226 2275 ἀλεκτρυόνας,

676 2301 911 2367 ἀλλότε
960 2301 1269 2380 μειδιόων,
1320 2301 1423 2368 ὁτὲ
1471 2300 1526 2366 δ’
1575 2304 1643 2368 οὐ
1688 2303 1875 2383 Φίλος
1925 2303 2052 2366 κτὲ.

213 2407 649 2494 Expectabam
705 2411 920 2493 potius
968 2429 1147 2474 num.
1197 2411 1358 2496 sing.
1411 2409 1951 2488 ἀλεκτρύονα.
1999 2404 2302 2474 Ceterum
2350 2408 2612 2496 ambigo

214 2524 446 2581 utrum
510 2537 657 2581 cum
721 2515 1131 2582 Boissonadio
1196 2515 1278 2581 cl.
1324 2537 1422 2601 ep.
1471 2518 1560 2580 44
1609 2523 1886 2582 statuam
1935 2538 2008 2582 eo
2054 2536 2316 2581 munere
2362 2514 2610 2603 signifi—

214 2622 346 2687 cari
422 2623 866 2688 tantummodo
938 2624 1007 2687 in
1076 2643 1279 2709 genus
1336 2643 1619 2688 amorem
1685 2644 1763 2688 an
1819 2622 2033 2708 potius
2096 2624 2442 2709 augurium
2505 2626 2612 2687 τοῦ

216 2726 586 2807 ὁμόλεκτρον
635 2726 915 2803 ἔσεσθαι,
966 2750 1113 2793 cum
1163 2727 1503 2813 Sophocles
1552 2728 1658 2813 (fr.
1710 2726 1866 2813 730)
1911 2727 2189 2808 ἀλέκτωρ
2229 2728 2462 2794 dixerit
2500 2748 2614 2814 pro

216 2832 585 2913 ὃμολέκτωρ.
634 2834 758 2900 Pro
800 2836 919 2900 bac
967 2836 1279 2900 sententia
1326 2836 1534 2900 nescio
1584 2855 1664 2899 an
1712 2834 1904 2900 faciat
1950 2833 2117 2918 quod
2166 2833 2324 2900 alibi
2372 2840 2616 2899 amato-

216 2960 317 3004 res
392 2940 693 3005 donantes
754 2941 1049 3007 videmus
1110 2940 1422 3006 eiusmodi
1486 2941 1868 3006 munuscula
1931 2942 2225 3018 amasim,
2297 2939 2404 3005 hic
2465 2960 2615 3007 vero

216 3047 492 3111 amatori
554 3046 661 3111 dat
718 3046 1115 3113 Echedemus
1164 3048 1443 3111 amasius
1489 3049 1558 3110 in
1605 3048 1845 3111 somnis
1892 3049 1952 3112 ei
1998 3051 2371 3132 conspectus
2416 3046 2610 3133 idque

220 3172 444 3217 arcum
490 3166 747 3240 gestans
794 3159 868 3217 ut
916 3150 1183 3239 Cupido.

308 3333 431 3421 Ep.
482 3333 605 3399 141

493 3440 856 3523 Ἐφθέγξω,
905 3442 999 3506 ναὶ
1054 3441 1321 3523 Κύπριν,
1370 3434 1414 3507 ἃ
1461 3444 1549 3520 μή
1599 3442 1801 3528 θέμις,
1852 3440 1893 3507 ὦ
1942 3444 2121 3524 μέγα
2171 3448 2412 3523 τολμοῖν

500 3547 648 3626 θυμὲ
693 3549 934 3626 μαθών·
988 3549 1193 3629 Θήρων
1240 3550 1327 3613 σοὶ
1381 3550 1569 3621 καλὸς
1623 3551 1729 3615 οὐκ
1776 3550 2020 3632 &pium

496 3652 585 3718 σοὶ
634 3654 824 3728 καλὸς
872 3657 977 3720 οὐκ
1027 3653 1265 3740 ἐφάνης
1315 3655 1493 3721 ἀλλ’
1539 3658 1788 3729 αὐτὸς
1841 3656 2070 3731 &vieno

496 3760 627 3825 οὐδὲ
680 3762 827 3833 Διὸς
875 3760 1118 3839 πτήξας
1167 3766 1287 3842 πῦρ
1338 3764 1405 3826 τὸ
1456 3761 1896 3841 κεραυνοβόλον
1945 3764 2073 3827 κτέ.

223 3864 444 3952 Neque
503 3868 679 3931 ἀλλά
744 3888 944 3953 neque
1008 3868 1192 3939 αὐτὸς
1256 3875 1352 3933 est
1412 3867 1608 3933 huius
1671 3867 1818 3934 loci.
1897 3866 2223 3936 Sententia
2284 3869 2412 3937 tale
2457 3870 2612 3956 quid

224 3971 544 4058 postulat:

1244 4053 1507 4155 <r63’>'
1546 4080 1648 4146 ἀλ
1674 4105 1922 4155 αστος
1974 4080 2243 4156 ὑπέστης

501 4186 631 4251 οὐδὲ
684 4186 827 4259 Διὸς
878 4187 1123 4264 πτήξας
1173 4192 1291 4267 πῦρ
1343 4188 1413 4253 τὸ
1463 4187 1939 4268 κεραυνοβόλον;

232 4289 315 4356 Ut
354 4293 459 4357 hic
507 4291 815 4371 ἀλαττος,
865 4297 953 4359 sic
1002 4291 1383 4373 τρισάλαστε
1434 4294 1598 4359 dixit
1645 4293 2014 4361 MRIAEAGBR
2061 4316 2157 4381 ep.
2203 4292 2352 4374 137,
2401 4294 2458 4361 1.
2510 4292 2608 4361 Of.

232 4396 416 4484 XVI,
466 4398 617 4479 265,
674 4402 732 4464 1.
