3150 5000
1157 353 1243 403 an
1290 353 1642 403 mannhun.
2464 338 2595 406 179

241 515 456 582 fructus
499 517 575 582 ad
619 517 886 584 lectores
931 517 1310 586 redundaret
1331 569 1350 604 ‚
1394 522 1709 606 potuisset
1744 520 2057 586 iudicium
2103 521 2385 589 defectus
2416 523 2596 589 adbi-

240 622 374 688 beri.
439 622 530 688 Ex
588 625 924 690 offensione
983 625 1341 691 multorum
1401 628 1827 712 interpretum
1895 625 2166 694 efficitur
2222 632 2379 695 satis
2423 637 2593 697 certo

236 729 332 792 ubi
386 728 622 815 aliquid
685 730 882 797 laxati
947 732 1065 798 sit:
1117 734 1410 798 convenit
1459 732 1837 819 plerumque
1884 733 1963 798 de
2008 733 2203 819 locis,
2250 736 2363 801 ubi
2408 734 2593 802 filum

235 831 641 922 abrumpitur:
689 837 806 903 hoc
849 842 1020 903 certe
1065 844 1312 924 poterat
1357 841 1583 904 notari.
1657 838 1858 910 Plura
1896 846 2046 904 sunt
2084 859 2271 926 saepe
2310 843 2595 908 remedia

230 944 518 1026 proposita
535 992 554 1027 ‚
610 963 688 1008 ex
752 943 1012 1030 quibus,
1077 947 1379 1029 quoniam
1430 945 2025 1033 palaeographicam
2075 946 2593 1032 probabilitatem

229 1045 432 1114 habere
473 1069 596 1114 non
643 1055 938 1136 possunt,
985 1069 1111 1116 non
1157 1055 1406 1138 oportet
1455 1071 1657 1116 unum
1702 1049 1959 1137 aliquod
2008 1051 2281 1141 eligere,
2322 1054 2490 1145 quod
2524 1055 2592 1119 in

227 1173 400 1218 manu
457 1162 678 1240 poetae
739 1155 986 1222 scilicet
1041 1157 1568 1242 repraesentanda
1638 1177 1930 1243 sequare;
2004 1158 2113 1224 sed
2182 1158 2428 1245 aliquid
2497 1165 2594 1227 cst

227 1257 520 1336 διάγνωσιν
565 1263 772 1328 facere
790 1312 809 1347 ‚
857 1265 1111 1328 etiamsi
1157 1263 1488 1344 θεραπείαν
1526 1263 1823 1330 adhibere
1866 1285 1991 1329 non
2014 1267 2231 1350 possis.
2285 1264 2357 1334 Si
2380 1271 2592 1333 statua

227 1369 542 1452 composita
589 1373 687 1434 est
734 1389 811 1434 ex
859 1369 1284 1456 fragminibus
1322 1369 1492 1436 male
1534 1372 1815 1436 consutis
1832 1419 1849 1454 ‚
1892 1368 2057 1435 nihil
2081 1373 2409 1456 antiquius
2430 1376 2586 1458 erit,

225 1489 390 1556 quam
435 1479 628 1558 caput
673 1479 738 1540 et
785 1493 1050 1562 manum
1095 1474 1269 1540 male
1313 1474 1723 1564 agglutinata
1766 1495 2056 1563 separare
2073 1523 2090 1554 ,
2142 1478 2403 1543 etiamsi
2440 1500 2585 1563 per·

224 1577 427 1644 sectam
463 1586 756 1660 ,statuam
800 1600 922 1648 non
962 1583 1163 1667 possis
1200 1583 1653 1670 redintegrare.
1702 1579 1974 1648 Carmen
1993 1629 2011 1660 ‚
2056 1583 2241 1668 quale
2264 1589 2361 1649 est
2383 1584 2585 1671 illud,

223 1682 285 1748 de
324 1705 441 1770 quo
484 1688 678 1754 modo
725 1687 1052 1766 dicebam,
1105 1692 1390 1772 poterat,
1451 1693 1526 1754 ut
1573 1689 1693 1754 hoc
1738 1693 1919 1766 utar,
1972 1689 2039 1753 iu
2086 1696 2300 1775 partes
2342 1689 2583 1770 dividi,

224 1811 288 1855 ne
337 1792 563 1860 frustra
623 1793 888 1860 lectores
948 1793 1341 1879 laborarent,
1407 1799 1481 1859 ut
1541 1794 1903 1862 invenirent
1970 1795 2306 1860 vinculum
2328 1843 2344 1875 ‚
2416 1796 2583 1882 quod

221 1917 408 1983 reapse
449 1899 710 1966 nullum
759 1904 876 1967 est.

295 2003 360 2069 In
401 2005 600 2072 altera
646 2013 826 2091 parte
871 2005 1116 2093 elegiae
1137 2053 1153 2083 ,
1201 2025 1395 2091 quam
1437 2005 1611 2083 dixi,
1660 2025 1757 2072 vs.
1805 2003 2075 2072 40-78
2118 2007 2581 2073 sententiarum

222 2113 374 2176 tenor
429 2133 552 2178 non
601 2111 1031 2198 abrumpitur.
1101 2111 1173 2178 Id
1219 2115 1480 2178 retentis
1519 2115 1805 2178 numeris
1842 2110 2221 2199 vulgaribus
2258 2117 2507 2198 poterat
2545 2135 2583 2182 a

220 2215 432 2303 reliquo
499 2221 784 2285 carmine
853 2221 1186 2304 separari.'
1242 2217 1560 2284 Similiter
1630 2218 2031 2300 distinxerim
2100 2219 2447 2284 interstitio
2514 2225 2581 2285 et

219 2323 546 2390 maiuscula
606 2324 827 2390 littera
871 2325 959 2409 (v.
1015 2323 1127 2410 18)
1175 2343 1398 2400 versus
1447 2321 1669 2389 1-1'7
1720 2341 1759 2389 a
1804 2323 2236 2408 sequentibus.
2307 2323 2581 2410 Reliqua

219 2448 269 2492 v.
327 2427 584 2496 18-39
647 2451 774 2496 non
833 2434 982 2496 sunt
1042 2432 1138 2496 ita
1181 2430 1493 2517 expedita.
1565 2429 1709 2495 Hoc
1756 2429 1913 2494 dicit
1957 2435 2179 2516 poetar
2228 2427 2369 2511 Qua
2414 2431 2580 2498 feror

221 2536 504 2604 mentia?
547 2558 736 2604 amor
767 2556 873 2603 me
909 2536 1284 2603 constrinxit
1323 2542 1387 2603 et
1423 2536 1734 2623 perdidit,
1780 2536 1937 2601 dum
1975 2526 2264 2621 pulcram
2304 2538 2581 2623 amplec-

220 2644 315 2705 tor.
375 2642 507 2710 Nec
571 2648 793 2709 tamen
855 2648 928 2708 tu
951 2692 966 2720 ,
1034 2662 1224 2729 quam
1279 2644 1532 2721 amavi,
1579 2644 1881 2727 quoniam
1929 2646 2131 2709 amori
2177 2642 2387 2708 multa
2430 2644 2579 2709 sub·

220 2754 342 2812 sunt
379 2749 551 2816 mala
571 2796 591 2829 ,
643 2753 970 2835 propterea
1015 2768 1231 2815 amare
1275 2748 1558 2826 desinas,
1610 2767 1769 2815 neve
1810 2746 2150 2813 credideris
2190 2752 2255 2813 te
2286 2748 2575 2833 perditu-

219 2871 330 2917 ram
387 2874 662 2941 puerum
725 2860 933 2921 aetate
995 2855 1073 2920 ad
1135 2874 1416 2921 amorem
1466 2859 1731 2920 natum:
1779 2852 1995 2918 Venus
2040 2852 2177 2918 odit
2222 2853 2459 2919 fastum
2510 2860 2577 2920 et

219 2956 484 3029 duritiam
554 2958 957 3049 puellarum3
1019 2962 1108 3025 sis
1154 2980 1348 3046 puero
1390 2960 1599 3025 facilis
1645 2964 1710 3023 et
1755 2978 1901 3024 ama
1944 2958 2083 3023 sine
2128 2961 2369 3043 pretio:
2416 2960 2573 3026 satis

219 3070 294 3129 est
329 3086 458 3133 ease
501 3066 800 3141 felicem;
844 3066 1066 3132 Venus
1111 3068 1250 3151 ipsa
1293 3086 1567 3152 puerum
1618 3062 1914 3150 amplexa
1958 3068 2089 3142 est3
2140 3067 2196 3129 ei
2244 3084 2404 3149 quae
2449 3086 2575 3131 non

218 3168 364 3237 ardet
409 3192 636 3239 amore
667 3172 718 3258 ¹)
763 3192 880 3238 nec
925 3171 1226 3237 amabilis
1273 3178 1368 3237 est
1389 3219 1405 3251 ‚
1453 3170 1620 3236 nihil
1665 3174 1930 3255 prosunt
1975 3168 2140 3236 dona
2185 3172 2479 3256 pretiosa.
2608 3174 2617 3183 ‘

286 3275 373 3343 Ita
425 3278 694 3365 quidem
757 3298 976 3344 omnes
1036 3276 1136 3343 illl
1198 3296 1416 3344 versus
1480 3275 1807 3362 (18-40)
1870 3294 2071 3342 unum
2136 3276 2572 3365 fragmentum

218 3380 496 3465 efficiunt,
547 3384 742 3450 modo
788 3407 853 3451 v.
902 3382 989 3449 34
1037 3406 1107 3448 ac
1150 3384 1444 3473 legamus
1487 3403 1601 3469 pro
1646 3390 1743 3461 at,
1794 3383 1962 3448 mihi
2000 3384 2223 3468 utique
2258 3382 2329 3448 id
2366 3404 2575 3450 neces-

217 3491 418 3555 narium
479 3491 765 3559 videtur.
849 3488 1031 3585 Quod
1096 3495 1310 3556 autem
1359 3492 1647 3576 primum
1698 3490 1982 3555 carmina
2027 3490 2281 3576 mag-ica
2326 3492 2577 3556 incuset

215 3602 370 3676 poeta
389 3647 406 3681 ,
467 3596 702 3663 deinde
755 3598 974 3663 statim
1021 3598 1270 3662 reiiciat
1315 3598 1695 3661 sententiam
1745 3596 2131 3679 propositam
2182 3592 2359 3679 (23);
2404 3596 2572 3681 quod
2696 3691 2703 3697 ·
2798 3563 2807 3574 ’

216 3716 462 3771 amorem
517 3710 826 3791 tanquam
871 3703 1076 3768 fatum
1125 3702 1382 3787 aliquod
1429 3701 1800 3787 deprecetur
1844 3699 1991 3786 (17)
2010 3746 2028 3777 ,
2075 3702 2297 3765 statim
2353 3709 2569 3767 autem

213 3806 434 3888 puellae
491 3809 798 3894 suadeat,
861 3815 937 3874 ut
991 3813 1207 3875 tamen
1255 3808 1558 3873 dilectum
1612 3806 1734 3873 sibi
1782 3824 2053 3891 puerum
2102 3825 2317 3872 amore
2360 3806 2573 3874 foveat

215 3908 327 3993 (27,
361 3918 522 4002 sqq.)
563 3934 793 3994 nemo,
832 3917 942 4001 qui
980 3916 1172 4001 prebe
1211 3908 1546 3979 Tibullum
1572 3914 1858 3990 noverit,
1885 3911 2169 3978 alienum
2192 3932 2327 3979 esse
2348 3915 2571 3981 existi-

215 4022 390 4087 mabit
433 4024 514 4089 ab
562 4044 636 4090 ea
683 4024 885 4089 animi
929 4022 1362 4089 mutabilitate
1384 4072 1402 4105 ,
1449 4042 1610 4107 quae
1658 4020 1815 4087 alibi
1860 4038 2107 4105 quoque
2153 4019 2569 4107 deprehendi-

215 4128 330 4191 tur:
389 4136 600 4215 potest
645 4128 876 4216 aliquis
923 4148 1048 4196 uno
1095 4133 1163 4194 in
1209 4130 1489 4195 carmine
1535 4129 1744 4195 dicere
1791 4148 1899 4205 ea,
1952 4145 2113 4212 quae
2158 4128 2351 4195 homo
2394 4133 2569 4196 omni

219 4272 544 4287 ——.—-.

271 4386 318 4449 l)
363 4389 492 4442 Quae
522 4389 716 4455 fiiqore
755 4390 856 4438 sola
887 4388 1125 4445 dormian
1158 4388 1326 4455 ῥίφω
1359 4402 1414 4437 ea
1447 4386 1684 4437 sententia
1718 4386 1767 4437 h.
1802 4386 1836 4437 1.
1874 4386 2084 4446 dictum,
2119 4401 2214 4451 qua
2246 4386 2373 4453 apud
2410 4389 2567 4441 Ηοη.

215 4464 320 4517 tim
347 4470 446 4521 Sat.
485 4472 542 4521 11
577 4472 620 4521 1.
657 4471 747 4521 82³
791 4470 1057 4521 »maiorum
1089 4484 1149 4521 ne
1184 4470 1290 4534 quin
1323 4469 1502 4520 amicus
1531 4468 1713 4533 nigore
1744 4470 1795 4518 te
1824 4465 2015 4529 feriat’'‚
2058 4466 2137 4517 ubi
2172 4470 2248 4518 eff.
2281 4469 2438 4535 intpp.

2208 4565 2272 4615 18
