<?xml version="1.0" encoding="UTF-8"?>
<!DOCTYPE html PUBLIC "-//W3C//DTD XHTML 1.0 Transitional//EN"
    "http://www.w3.org/TR/xhtml1/DTD/xhtml1-transitional.dtd">
<html xmlns="http://www.w3.org/1999/xhtml" xml:lang="en" lang="en">
 <head>
  <title>
</title>
<meta http-equiv="Content-Type" content="text/html;charset=utf-8" />
  <meta name='ocr-system' content='tesseract 3.04.00' />
  <meta name='ocr-capabilities' content='ocr_page ocr_carea ocr_par ocr_line ocrx_word'/>
</head>
<body>
  <div class='ocr_page' id='page_1' title='image "./mnemosyne06servgoog_0209.png"; bbox 0 0 3150 5000; ppageno 0'>
   <div class='ocr_carea' id='block_1_1' title="bbox 1244 279 2597 362">
    <p class='ocr_par' dir='ltr' id='par_1_1' title="bbox 1244 279 2597 362">
     <span class='ocr_line' id='line_1_1' title="bbox 1244 279 2597 362; baseline -0.001 -14"><span class='ocrx_word' id='word_1_1' title='bbox 1244 297 1563 349; x_wconf 69' lang='lat' dir='ltr'><strong>nonanus.</strong></span> <span class='ocrx_word' id='word_1_2' title='bbox 2284 355 2295 362; x_wconf 57' lang='grc'><strong>,</strong></span> <span class='ocrx_word' id='word_1_3' title='bbox 2472 279 2597 348; x_wconf 84' lang='grc'><strong>197</strong></span> 
     </span>
    </p>
   </div>
   <div class='ocr_carea' id='block_1_2' title="bbox 233 461 2594 2150">
    <p class='ocr_par' dir='ltr' id='par_1_2' title="bbox 233 461 2594 2150">
     <span class='ocr_line' id='line_1_2' title="bbox 257 461 2591 550; baseline -0.001 -22"><span class='ocrx_word' id='word_1_4' title='bbox 257 462 486 530; x_wconf 77' lang='lat' dir='ltr'><strong>Mirifica</strong></span> <span class='ocrx_word' id='word_1_5' title='bbox 521 465 638 531; x_wconf 84' lang='lat' dir='ltr'><strong>hac</strong></span> <span class='ocrx_word' id='word_1_6' title='bbox 683 466 888 530; x_wconf 85' lang='lat' dir='ltr'><strong>forma</strong></span> <span class='ocrx_word' id='word_1_7' title='bbox 935 463 1164 530; x_wconf 87' lang='lat' dir='ltr'><strong>melius</strong></span> <span class='ocrx_word' id='word_1_8' title='bbox 1210 467 1431 550; x_wconf 87' lang='lat' dir='ltr'>opinor</span> <span class='ocrx_word' id='word_1_9' title='bbox 1477 465 1837 530; x_wconf 78' lang='lat' dir='ltr'><strong>carebimus</strong></span> <span class='ocrx_word' id='word_1_10' title='bbox 1853 509 1870 541; x_wconf 89' lang='lat'>,</span> <span class='ocrx_word' id='word_1_11' title='bbox 1916 483 2065 528; x_wconf 91' lang='lat' dir='ltr'><strong>cum</strong></span> <span class='ocrx_word' id='word_1_12' title='bbox 2113 461 2484 549; x_wconf 86' lang='lat' dir='ltr'><strong>praesertim</strong></span> <span class='ocrx_word' id='word_1_13' title='bbox 2525 475 2591 527; x_wconf 87' lang='lat' dir='ltr'><strong>et.</strong></span> 
     </span>
     <span class='ocr_line' id='line_1_3' title="bbox 253 567 2591 655; baseline -0.001 -21"><span class='ocrx_word' id='word_1_14' title='bbox 253 569 384 634; x_wconf 81' lang='lat' dir='ltr'><strong>alibi</strong></span> <span class='ocrx_word' id='word_1_15' title='bbox 423 570 577 655; x_wconf 86' lang='lat' dir='ltr'><strong>apud</strong></span> <span class='ocrx_word' id='word_1_16' title='bbox 623 568 980 636; x_wconf 83' lang='lat' dir='ltr'><strong>Homerum</strong></span> <span class='ocrx_word' id='word_1_17' title='bbox 1028 577 1094 636; x_wconf 91' lang='lat' dir='ltr'><strong>et</strong></span> <span class='ocrx_word' id='word_1_18' title='bbox 1137 573 1204 635; x_wconf 89' lang='lat' dir='ltr'><strong>in</strong></span> <span class='ocrx_word' id='word_1_19' title='bbox 1249 572 1485 636; x_wconf 82' lang='lat' dir='ltr'><strong>vicinia</strong></span> <span class='ocrx_word' id='word_1_20' title='bbox 1538 569 1655 655; x_wconf 88' lang='lat' dir='ltr'><strong>(vs.</strong></span> <span class='ocrx_word' id='word_1_21' title='bbox 1714 567 1872 649; x_wconf 84' lang='lat'>642)</span> <span class='ocrx_word' id='word_1_22' title='bbox 1926 574 2284 635; x_wconf 75' lang='lat' dir='ltr'>constanter</span> <span class='ocrx_word' id='word_1_23' title='bbox 2320 568 2591 648; x_wconf 91' lang='grc' dir='ltr'><strong><em>μάστιγι</em></strong></span> 
     </span>
     <span class='ocr_line' id='line_1_4' title="bbox 251 675 2592 764; baseline 0 -22"><span class='ocrx_word' id='word_1_24' title='bbox 251 680 514 742; x_wconf 83' lang='lat' dir='ltr'><strong>occurrat.</strong></span> <span class='ocrx_word' id='word_1_25' title='bbox 561 675 920 744; x_wconf 81' lang='lat' dir='ltr'><strong>Levissima</strong></span> <span class='ocrx_word' id='word_1_26' title='bbox 957 677 1161 764; x_wconf 82' lang='lat' dir='ltr'><strong>igitur</strong></span> <span class='ocrx_word' id='word_1_27' title='bbox 1191 675 1298 743; x_wconf 84' lang='lat' dir='ltr'><strong>vel</strong></span> <span class='ocrx_word' id='word_1_28' title='bbox 1325 678 1540 762; x_wconf 89' lang='lat' dir='ltr'><strong>potius</strong></span> <span class='ocrx_word' id='word_1_29' title='bbox 1563 675 1744 742; x_wconf 87' lang='lat' dir='ltr'><strong>nulla</strong></span> <span class='ocrx_word' id='word_1_30' title='bbox 1769 675 2125 741; x_wconf 76' lang='lat' dir='ltr'><strong>mutatione</strong></span> <span class='ocrx_word' id='word_1_31' title='bbox 2148 677 2592 742; x_wconf 76' lang='lat' dir='ltr'><strong>restituamus:</strong></span> 
     </span>
     <span class='ocr_line' id='line_1_5' title="bbox 481 781 1234 862; baseline 0 -14"><span class='ocrx_word' id='word_1_32' title='bbox 481 782 750 862; x_wconf 78' lang='grc' dir='ltr'><strong><em>μάστιγ’</em></strong></span> <span class='ocrx_word' id='word_1_33' title='bbox 798 783 928 849; x_wconf 75' lang='grc' dir='ltr'><strong><em>αἰὲν</em></strong></span> <span class='ocrx_word' id='word_1_34' title='bbox 978 781 1234 860; x_wconf 78' lang='grc' dir='ltr'><strong><em>ἔλαυνε,</em></strong></span> 
     </span>
     <span class='ocr_line' id='line_1_6' title="bbox 244 886 2591 975; baseline 0.001 -23"><span class='ocrx_word' id='word_1_35' title='bbox 244 886 382 954; x_wconf 86' lang='lat' dir='ltr'><strong>nibil</strong></span> <span class='ocrx_word' id='word_1_36' title='bbox 423 891 587 955; x_wconf 86' lang='lat' dir='ltr'><strong>enim</strong></span> <span class='ocrx_word' id='word_1_37' title='bbox 634 887 860 975; x_wconf 87' lang='lat' dir='ltr'><strong>copula</strong></span> <span class='ocrx_word' id='word_1_38' title='bbox 907 889 970 956; x_wconf 75' lang='grc' dir='ltr'><strong>δὲ</strong></span> <span class='ocrx_word' id='word_1_39' title='bbox 1014 889 1134 956; x_wconf 89' lang='lat' dir='ltr'><strong>hoc</strong></span> <span class='ocrx_word' id='word_1_40' title='bbox 1177 887 1318 956; x_wconf 84' lang='lat' dir='ltr'><strong>loco</strong></span> <span class='ocrx_word' id='word_1_41' title='bbox 1369 909 1526 974; x_wconf 89' lang='lat' dir='ltr'><strong>opus</strong></span> <span class='ocrx_word' id='word_1_42' title='bbox 1573 893 1689 955; x_wconf 90' lang='lat' dir='ltr'><strong>est.</strong></span> <span class='ocrx_word' id='word_1_43' title='bbox 1760 887 1995 956; x_wconf 80' lang='lat' dir='ltr'><strong>Sanam</strong></span> <span class='ocrx_word' id='word_1_44' title='bbox 2044 889 2424 974; x_wconf 76' lang='lat' dir='ltr'><strong>scripturam</strong></span> <span class='ocrx_word' id='word_1_45' title='bbox 2467 909 2591 954; x_wconf 86' lang='lat' dir='ltr'><strong>ser·</strong></span> 
     </span>
     <span class='ocr_line' id='line_1_7' title="bbox 244 993 2594 1081; baseline 0.001 -23"><span class='ocrx_word' id='word_1_46' title='bbox 244 999 336 1058; x_wconf 82' lang='lat' dir='ltr'><strong>vat</strong></span> <span class='ocrx_word' id='word_1_47' title='bbox 389 996 490 1079; x_wconf 91' lang='lat' dir='ltr'><strong>qui</strong></span> <span class='ocrx_word' id='word_1_48' title='bbox 551 993 826 1073; x_wconf 88' lang='grc' dir='ltr'><strong><em>μάστιγι</em></strong></span> <span class='ocrx_word' id='word_1_49' title='bbox 887 995 1082 1081; x_wconf 92' lang='lat' dir='ltr'><strong>(quod</strong></span> <span class='ocrx_word' id='word_1_50' title='bbox 1142 995 1423 1072; x_wconf 72' lang='grc' dir='ltr'><strong><em>μάστῖγι</em></strong></span> <span class='ocrx_word' id='word_1_51' title='bbox 1486 994 2030 1081; x_wconf 87' lang='lat' dir='ltr'><strong>pronunciandum</strong></span> <span class='ocrx_word' id='word_1_52' title='bbox 2094 995 2465 1072; x_wconf 88' lang='lat' dir='ltr'><strong>censebant,</strong></span> <span class='ocrx_word' id='word_1_53' title='bbox 2516 1000 2594 1060; x_wconf 92' lang='lat' dir='ltr'><strong>ut</strong></span> 
     </span>
     <span class='ocr_line' id='line_1_8' title="bbox 241 1097 2588 1191; baseline 0.003 -31"><span class='ocrx_word' id='word_1_54' title='bbox 241 1098 420 1176; x_wconf 69' lang='grc' dir='ltr'><strong><em>κῆρῦκι</em></strong></span> <span class='ocrx_word' id='word_1_55' title='bbox 463 1110 504 1164; x_wconf 84' lang='grc' dir='ltr'>Ρ</span> <span class='ocrx_word' id='word_1_56' title='bbox 555 1099 716 1185; x_wconf 78' lang='grc'><strong>324)</strong></span> <span class='ocrx_word' id='word_1_57' title='bbox 763 1101 1020 1167; x_wconf 88' lang='lat' dir='ltr'><strong>exhibet</strong></span> <span class='ocrx_word' id='word_1_58' title='bbox 1059 1101 1254 1166; x_wconf 83' lang='lat' dir='ltr'><strong>codex</strong></span> <span class='ocrx_word' id='word_1_59' title='bbox 1291 1099 1755 1191; x_wconf 69' lang='lat' dir='ltr'><strong>Townleianus.</strong></span> <span class='ocrx_word' id='word_1_60' title='bbox 1804 1097 1958 1166; x_wconf 83' lang='lat' dir='ltr'><strong>Sine</strong></span> <span class='ocrx_word' id='word_1_61' title='bbox 1999 1099 2193 1166; x_wconf 88' lang='lat' dir='ltr'><strong>dubio</strong></span> <span class='ocrx_word' id='word_1_62' title='bbox 2232 1103 2588 1166; x_wconf 84' lang='lat' dir='ltr'><strong>monstruo-</strong></span> 
     </span>
     <span class='ocr_line' id='line_1_9' title="bbox 242 1204 2591 1294; baseline 0.001 -26"><span class='ocrx_word' id='word_1_63' title='bbox 242 1225 363 1268; x_wconf 84' lang='lat' dir='ltr'><strong>sum</strong></span> <span class='ocrx_word' id='word_1_64' title='bbox 403 1205 562 1272; x_wconf 91' lang='lat' dir='ltr'><strong>illud</strong></span> <span class='ocrx_word' id='word_1_65' title='bbox 601 1205 808 1287; x_wconf 85' lang='grc' dir='ltr'><strong><em>μάστι</em></strong></span> <span class='ocrx_word' id='word_1_66' title='bbox 854 1209 1089 1272; x_wconf 88' lang='lat' dir='ltr'><strong>iterum</strong></span> <span class='ocrx_word' id='word_1_67' title='bbox 1139 1206 1459 1294; x_wconf 82' lang='lat' dir='ltr'><strong>legeretur</strong></span> <span class='ocrx_word' id='word_1_68' title='bbox 1500 1227 1690 1273; x_wconf 83' lang='lat' dir='ltr'><strong>versu</strong></span> <span class='ocrx_word' id='word_1_69' title='bbox 1731 1204 1899 1282; x_wconf 79' lang='lat'><strong>642,</strong></span> <span class='ocrx_word' id='word_1_70' title='bbox 1940 1206 2065 1271; x_wconf 89' lang='lat' dir='ltr'><strong>nisi</strong></span> <span class='ocrx_word' id='word_1_71' title='bbox 2104 1204 2221 1270; x_wconf 90' lang='lat' dir='ltr'><strong>illo</strong></span> <span class='ocrx_word' id='word_1_72' title='bbox 2257 1204 2397 1271; x_wconf 89' lang='lat' dir='ltr'><strong>loco</strong></span> <span class='ocrx_word' id='word_1_73' title='bbox 2436 1226 2591 1293; x_wconf 82' lang='lat' dir='ltr'><strong>aug-</strong></span> 
     </span>
     <span class='ocr_line' id='line_1_10' title="bbox 239 1311 2593 1400; baseline 0.001 -25"><span class='ocrx_word' id='word_1_74' title='bbox 239 1317 496 1376; x_wconf 86' lang='lat' dir='ltr'><strong>mentum</strong></span> <span class='ocrx_word' id='word_1_75' title='bbox 561 1315 914 1398; x_wconf 86' lang='lat' dir='ltr'><strong>potuissent</strong></span> <span class='ocrx_word' id='word_1_76' title='bbox 974 1311 1183 1380; x_wconf 86' lang='lat' dir='ltr'><strong>delere</strong></span> <span class='ocrx_word' id='word_1_77' title='bbox 1239 1318 1483 1378; x_wconf 86' lang='lat' dir='ltr'><strong>veteres</strong></span> <span class='ocrx_word' id='word_1_78' title='bbox 1529 1314 1941 1400; x_wconf 81' lang='lat' dir='ltr'><strong>grammatici</strong></span> <span class='ocrx_word' id='word_1_79' title='bbox 1959 1331 1975 1389; x_wconf 89' lang='lat'>;</span> <span class='ocrx_word' id='word_1_80' title='bbox 2030 1311 2330 1397; x_wconf 86' lang='lat' dir='ltr'><strong>antiquus</strong></span> <span class='ocrx_word' id='word_1_81' title='bbox 2376 1317 2593 1378; x_wconf 85' lang='lat' dir='ltr'><strong>tamen</strong></span> 
     </span>
     <span class='ocr_line' id='line_1_11' title="bbox 238 1416 2594 1504; baseline 0.001 -22"><span class='ocrx_word' id='word_1_82' title='bbox 238 1423 398 1499; x_wconf 83' lang='lat' dir='ltr'><strong>poeta</strong></span> <span class='ocrx_word' id='word_1_83' title='bbox 447 1419 538 1483; x_wconf 91' lang='lat' dir='ltr'><strong>ibi</strong></span> <span class='ocrx_word' id='word_1_84' title='bbox 599 1439 846 1504; x_wconf 89' lang='lat' dir='ltr'><strong>quoque</strong></span> <span class='ocrx_word' id='word_1_85' title='bbox 905 1419 975 1483; x_wconf 89' lang='lat' dir='ltr'><strong>ni</strong></span> <span class='ocrx_word' id='word_1_86' title='bbox 1036 1417 1223 1484; x_wconf 84' lang='lat' dir='ltr'><strong>fallor</strong></span> <span class='ocrx_word' id='word_1_87' title='bbox 1285 1416 1576 1486; x_wconf 82' lang='lat' dir='ltr'><strong>voluerat</strong></span> <span class='ocrx_word' id='word_1_88' title='bbox 1636 1439 1749 1504; x_wconf 88' lang='lat' dir='ltr'><strong>per</strong></span> <span class='ocrx_word' id='word_1_89' title='bbox 1808 1416 2138 1484; x_wconf 86' lang='lat' dir='ltr'><strong>elisionem</strong></span> <span class='ocrx_word' id='word_1_90' title='bbox 2193 1421 2594 1504; x_wconf 85' lang='lat' dir='ltr'><strong>pronunciari</strong></span> 
     </span>
     <span class='ocr_line' id='line_1_12' title="bbox 235 1521 1420 1611; baseline 0.002 -25"><span class='ocrx_word' id='word_1_91' title='bbox 235 1521 477 1600; x_wconf 84' lang='grc' dir='ltr'><strong><em>μάστιγ’</em></strong></span> <span class='ocrx_word' id='word_1_92' title='bbox 521 1523 808 1602; x_wconf 73' lang='grc' dir='ltr'><strong>ἐκέλευε,</strong></span> <span class='ocrx_word' id='word_1_93' title='bbox 853 1527 1012 1591; x_wconf 82' lang='lat' dir='ltr'><strong>item</strong></span> <span class='ocrx_word' id='word_1_94' title='bbox 1064 1534 1134 1589; x_wconf 88' lang='grc' dir='ltr'><strong>Ω</strong></span> <span class='ocrx_word' id='word_1_95' title='bbox 1183 1523 1314 1590; x_wconf 83' lang='grc'><strong>326</strong></span> <span class='ocrx_word' id='word_1_96' title='bbox 1346 1525 1420 1611; x_wconf 87' lang='lat'><strong>¹).</strong></span> 
     </span>
     <span class='ocr_line' id='line_1_13' title="bbox 309 1626 1835 1708; baseline 0.001 -15"><span class='ocrx_word' id='word_1_97' title='bbox 309 1627 600 1696; x_wconf 78' lang='lat' dir='ltr'><strong>Eiusdem</strong></span> <span class='ocrx_word' id='word_1_98' title='bbox 650 1629 888 1696; x_wconf 82' lang='lat' dir='ltr'><strong>farinae</strong></span> <span class='ocrx_word' id='word_1_99' title='bbox 933 1636 1034 1696; x_wconf 89' lang='lat' dir='ltr'><strong>est</strong></span> <span class='ocrx_word' id='word_1_100' title='bbox 1075 1633 1348 1696; x_wconf 83' lang='lat' dir='ltr'><strong>aoristus</strong></span> <span class='ocrx_word' id='word_1_101' title='bbox 1395 1626 1500 1708; x_wconf 74' lang='grc' dir='ltr'><strong>ἦξε</strong></span> <span class='ocrx_word' id='word_1_102' title='bbox 1554 1639 1615 1694; x_wconf 78' lang='grc' dir='ltr'>Ψ</span> <span class='ocrx_word' id='word_1_103' title='bbox 1668 1627 1835 1694; x_wconf 84' lang='lat'>392:</span> 
     </span>
     <span class='ocr_line' id='line_1_14' title="bbox 477 1730 1530 1816; baseline -0.004 -15"><span class='ocrx_word' id='word_1_104' title='bbox 477 1733 720 1802; x_wconf 68' lang='grc' dir='ltr'><strong><em>ἵππειον</em></strong></span> <span class='ocrx_word' id='word_1_105' title='bbox 769 1734 832 1800; x_wconf 80' lang='grc' dir='ltr'><strong>δέ</strong></span> <span class='ocrx_word' id='word_1_106' title='bbox 880 1757 958 1802; x_wconf 66' lang='grc' dir='ltr'><strong>τοι</strong></span> <span class='ocrx_word' id='word_1_107' title='bbox 1008 1730 1111 1810; x_wconf 76' lang='grc' dir='ltr'><strong>ἦξε</strong></span> <span class='ocrx_word' id='word_1_108' title='bbox 1162 1735 1272 1800; x_wconf 75' lang='grc' dir='ltr'><strong>θεοὶ</strong></span> <span class='ocrx_word' id='word_1_109' title='bbox 1313 1732 1530 1816; x_wconf 81' lang='grc' dir='ltr'><strong><em>ζυγόν,</em></strong></span> 
     </span>
     <span class='ocr_line' id='line_1_15' title="bbox 235 1839 1555 1920; baseline 0.002 -18"><span class='ocrx_word' id='word_1_110' title='bbox 235 1841 414 1906; x_wconf 89' lang='lat' dir='ltr'><strong>immo</strong></span> <span class='ocrx_word' id='word_1_111' title='bbox 477 1840 721 1908; x_wconf 71' lang='grc' dir='ltr'><strong><em>ἵππειον</em></strong></span> <span class='ocrx_word' id='word_1_112' title='bbox 768 1840 830 1906; x_wconf 75' lang='grc' dir='ltr'><strong>δέ</strong></span> <span class='ocrx_word' id='word_1_113' title='bbox 878 1842 925 1906; x_wconf 77' lang='lat' dir='ltr'><strong>r’</strong></span> <span class='ocrx_word' id='word_1_114' title='bbox 972 1840 1144 1920; x_wconf 65' lang='grc' dir='ltr'><strong><em>ἔναξε</em></strong></span> <span class='ocrx_word' id='word_1_115' title='bbox 1189 1842 1303 1906; x_wconf 73' lang='grc' dir='ltr'><strong>θεά</strong></span> <span class='ocrx_word' id='word_1_116' title='bbox 1349 1839 1555 1920; x_wconf 79' lang='grc' dir='ltr'><strong><em>ζυγόν.</em></strong></span> 
     </span>
     <span class='ocr_line' id='line_1_16' title="bbox 233 1943 2594 2034; baseline 0.003 -24"><span class='ocrx_word' id='word_1_117' title='bbox 233 1945 450 2028; x_wconf 74' lang='lat' dir='ltr'><strong>(Altero</strong></span> <span class='ocrx_word' id='word_1_118' title='bbox 508 1949 651 2016; x_wconf 87' lang='lat' dir='ltr'><strong>loco</strong></span> <span class='ocrx_word' id='word_1_119' title='bbox 711 1949 826 2013; x_wconf 92' lang='lat' dir='ltr'><strong>ubi</strong></span> <span class='ocrx_word' id='word_1_120' title='bbox 884 1953 1319 2033; x_wconf 85' lang='lat' dir='ltr'><strong>portentosum</strong></span> <span class='ocrx_word' id='word_1_121' title='bbox 1383 1945 1547 2013; x_wconf 89' lang='lat' dir='ltr'><strong>illud</strong></span> <span class='ocrx_word' id='word_1_122' title='bbox 1615 1943 1720 2022; x_wconf 76' lang='grc' dir='ltr'><strong>ἦξε</strong></span> <span class='ocrx_word' id='word_1_123' title='bbox 1782 1952 2144 2034; x_wconf 88' lang='lat' dir='ltr'><strong>comparet,</strong></span> <span class='ocrx_word' id='word_1_124' title='bbox 2206 1972 2247 2012; x_wconf 93' lang='grc' dir='ltr'><strong><em>τ</em></strong></span> <span class='ocrx_word' id='word_1_125' title='bbox 2318 1948 2478 2028; x_wconf 82' lang='lat'><strong>539,</strong></span> <span class='ocrx_word' id='word_1_126' title='bbox 2555 1971 2594 2016; x_wconf 87' lang='lat' dir='ltr'><strong>a</strong></span> 
     </span>
     <span class='ocr_line' id='line_1_17' title="bbox 235 2047 2588 2150; baseline 0.002 -33"><span class='ocrx_word' id='word_1_127' title='bbox 235 2047 444 2121; x_wconf 76' lang='lat' dir='ltr'><strong>Cobeto</strong></span> <span class='ocrx_word' id='word_1_128' title='bbox 504 2055 756 2121; x_wconf 87' lang='lat' dir='ltr'><strong>dudum</strong></span> <span class='ocrx_word' id='word_1_129' title='bbox 800 2059 1154 2120; x_wconf 76' lang='lat' dir='ltr'><strong>correctum</strong></span> <span class='ocrx_word' id='word_1_130' title='bbox 1201 2060 1298 2120; x_wconf 84' lang='lat' dir='ltr'><strong>est</strong></span> <span class='ocrx_word' id='word_1_131' title='bbox 1343 2056 1501 2119; x_wconf 72' lang='grc' dir='ltr'><strong><em>πᾶσι</em></strong></span> <span class='ocrx_word' id='word_1_132' title='bbox 1547 2055 1697 2150; x_wconf 64' lang='grc' dir='ltr'><strong>αατ’</strong></span> <span class='ocrx_word' id='word_1_133' title='bbox 1744 2052 1964 2132; x_wconf 77' lang='grc' dir='ltr'><strong><em>αὐχέν’</em></strong></span> <span class='ocrx_word' id='word_1_134' title='bbox 2015 2051 2191 2132; x_wconf 65' lang='grc' dir='ltr'><strong><em>ἔναξε</em></strong></span> <span class='ocrx_word' id='word_1_135' title='bbox 2238 2076 2353 2140; x_wconf 87' lang='lat' dir='ltr'><strong>pro</strong></span> <span class='ocrx_word' id='word_1_136' title='bbox 2397 2057 2588 2138; x_wconf 80' lang='grc' dir='ltr'><strong><em>αὐχέ-</em></strong></span> 
     </span>
    </p>
   </div>
   <div class='ocr_carea' id='block_1_3' title="bbox 235 2156 516 2247">
    <p class='ocr_par' dir='ltr' id='par_1_3' title="bbox 235 2156 516 2247">
     <span class='ocr_line' id='line_1_18' title="bbox 235 2156 516 2247; baseline 0.028 -16"><span class='ocrx_word' id='word_1_137' title='bbox 235 2181 322 2231; x_wconf 68' lang='grc' dir='ltr'><strong>νας</strong></span> <span class='ocrx_word' id='word_1_138' title='bbox 367 2156 516 2247; x_wconf 68' lang='grc' dir='ltr'>ἥξεο)</span> 
     </span>
    </p>
   </div>
   <div class='ocr_carea' id='block_1_4' title="bbox 229 2373 2596 4055">
    <p class='ocr_par' dir='ltr' id='par_1_4' title="bbox 231 2373 2593 2997">
     <span class='ocr_line' id='line_1_19' title="bbox 305 2373 2592 2467; baseline 0.002 -24"><span class='ocrx_word' id='word_1_139' title='bbox 305 2375 470 2446; x_wconf 83' lang='lat' dir='ltr'><strong>Haec</strong></span> <span class='ocrx_word' id='word_1_140' title='bbox 532 2381 746 2467; x_wconf 82' lang='lat' dir='ltr'><strong>igitur</strong></span> <span class='ocrx_word' id='word_1_141' title='bbox 788 2377 1099 2446; x_wconf 83' lang='lat' dir='ltr'><strong>vocabula</strong></span> <span class='ocrx_word' id='word_1_142' title='bbox 1141 2378 1516 2444; x_wconf 88' lang='lat' dir='ltr'><strong>detruncata</strong></span> <span class='ocrx_word' id='word_1_143' title='bbox 1559 2382 1727 2444; x_wconf 85' lang='lat' dir='ltr'><strong>sunt.</strong></span> <span class='ocrx_word' id='word_1_144' title='bbox 1801 2377 1938 2445; x_wconf 84' lang='lat' dir='ltr'><strong>Iam</strong></span> <span class='ocrx_word' id='word_1_145' title='bbox 1984 2373 2341 2464; x_wconf 75' lang='lat' dir='ltr'><strong>proferatur</strong></span> <span class='ocrx_word' id='word_1_146' title='bbox 2383 2400 2507 2448; x_wconf 79' lang='lat' dir='ltr'><strong>vox</strong></span> <span class='ocrx_word' id='word_1_147' title='bbox 2554 2401 2592 2448; x_wconf 87' lang='lat' dir='ltr'><strong>a</strong></span> 
     </span>
     <span class='ocr_line' id='line_1_20' title="bbox 233 2483 2593 2572; baseline 0.003 -24"><span class='ocrx_word' id='word_1_148' title='bbox 233 2486 526 2553; x_wconf 81' lang='lat' dir='ltr'><strong>veteribus</strong></span> <span class='ocrx_word' id='word_1_149' title='bbox 571 2485 930 2553; x_wconf 86' lang='lat' dir='ltr'><strong>Procrustis</strong></span> <span class='ocrx_word' id='word_1_150' title='bbox 975 2483 1150 2552; x_wconf 85' lang='lat' dir='ltr'><strong>ultra</strong></span> <span class='ocrx_word' id='word_1_151' title='bbox 1195 2483 1564 2572; x_wconf 81' lang='lat' dir='ltr'><strong>legitimam</strong></span> <span class='ocrx_word' id='word_1_152' title='bbox 1613 2505 1987 2551; x_wconf 83' lang='lat' dir='ltr'><strong>mensuram</strong></span> <span class='ocrx_word' id='word_1_153' title='bbox 2034 2491 2369 2571; x_wconf 85' lang='lat' dir='ltr'><strong>protracta.</strong></span> <span class='ocrx_word' id='word_1_154' title='bbox 2424 2486 2593 2554; x_wconf 88' lang='lat' dir='ltr'><strong>Bene</strong></span> 
     </span>
     <span class='ocr_line' id='line_1_21' title="bbox 231 2588 2587 2677; baseline 0.002 -23"><span class='ocrx_word' id='word_1_155' title='bbox 231 2595 430 2657; x_wconf 86' lang='lat' dir='ltr'><strong>notum</strong></span> <span class='ocrx_word' id='word_1_156' title='bbox 489 2592 870 2661; x_wconf 84' lang='lat' dir='ltr'><strong>adverbium</strong></span> <span class='ocrx_word' id='word_1_157' title='bbox 926 2594 994 2656; x_wconf 89' lang='lat' dir='ltr'><strong>in</strong></span> <span class='ocrx_word' id='word_1_158' title='bbox 1056 2590 1285 2677; x_wconf 78' lang='lat' dir='ltr'><strong>lingua</strong></span> <span class='ocrx_word' id='word_1_159' title='bbox 1345 2588 1691 2657; x_wconf 87' lang='lat' dir='ltr'><strong>Homerica</strong></span> <span class='ocrx_word' id='word_1_160' title='bbox 1750 2596 1847 2655; x_wconf 87' lang='lat' dir='ltr'><strong>est</strong></span> <span class='ocrx_word' id='word_1_161' title='bbox 1907 2588 2014 2668; x_wconf 83' lang='grc' dir='ltr'><strong><em>άγ</em></strong></span> <span class='ocrx_word' id='word_1_162' title='bbox 2031 2611 2119 2670; x_wconf 86' lang='grc' dir='ltr'><strong>χι</strong></span> <span class='ocrx_word' id='word_1_163' title='bbox 2143 2640 2161 2675; x_wconf 88' lang='grc'><em>,</em></span> <span class='ocrx_word' id='word_1_164' title='bbox 2220 2593 2388 2677; x_wconf 91' lang='lat' dir='ltr'><strong>quod</strong></span> <span class='ocrx_word' id='word_1_165' title='bbox 2440 2614 2587 2659; x_wconf 90' lang='lat' dir='ltr'><strong>cum</strong></span> 
     </span>
     <span class='ocr_line' id='line_1_22' title="bbox 233 2692 2591 2785; baseline 0.002 -24"><span class='ocrx_word' id='word_1_166' title='bbox 233 2703 644 2785; x_wconf 80' lang='lat' dir='ltr'><strong>comparativo</strong></span> <span class='ocrx_word' id='word_1_167' title='bbox 700 2692 890 2763; x_wconf 79' lang='grc' dir='ltr'><strong><em>άσσον</em></strong></span> <span class='ocrx_word' id='word_1_168' title='bbox 947 2704 1014 2761; x_wconf 92' lang='lat' dir='ltr'><strong>et</strong></span> <span class='ocrx_word' id='word_1_169' title='bbox 1072 2695 1459 2781; x_wconf 86' lang='lat' dir='ltr'><strong>superlativo</strong></span> <span class='ocrx_word' id='word_1_170' title='bbox 1521 2694 1818 2775; x_wconf 75' lang='grc' dir='ltr'><strong><em>ἄγχιστα</em></strong></span> <span class='ocrx_word' id='word_1_171' title='bbox 1882 2701 1947 2761; x_wconf 90' lang='lat' dir='ltr'><strong>ct</strong></span> <span class='ocrx_word' id='word_1_172' title='bbox 1992 2700 2343 2782; x_wconf 87' lang='lat' dir='ltr'><strong>composito</strong></span> <span class='ocrx_word' id='word_1_173' title='bbox 2390 2700 2591 2780; x_wconf 79' lang='grc' dir='ltr'><strong><em>άγχί-</em></strong></span> 
     </span>
     <span class='ocr_line' id='line_1_23' title="bbox 231 2801 2584 2887; baseline 0 -18"><span class='ocrx_word' id='word_1_174' title='bbox 231 2817 393 2875; x_wconf 77' lang='grc' dir='ltr'><strong><em>μολον</em></strong></span> <span class='ocrx_word' id='word_1_175' title='bbox 451 2805 680 2871; x_wconf 85' lang='lat' dir='ltr'><strong>eodem</strong></span> <span class='ocrx_word' id='word_1_176' title='bbox 741 2824 930 2869; x_wconf 87' lang='lat' dir='ltr'><strong>sensu</strong></span> <span class='ocrx_word' id='word_1_177' title='bbox 993 2801 1332 2867; x_wconf 85' lang='lat' dir='ltr'><strong>adhibetur</strong></span> <span class='ocrx_word' id='word_1_178' title='bbox 1395 2820 1520 2887; x_wconf 88' lang='lat' dir='ltr'><strong>quo</strong></span> <span class='ocrx_word' id='word_1_179' title='bbox 1584 2804 1956 2887; x_wconf 83' lang='lat' dir='ltr'><strong>posteriores</strong></span> <span class='ocrx_word' id='word_1_180' title='bbox 2020 2801 2219 2880; x_wconf 74' lang='grc' dir='ltr'><strong><em>ἐγγύς</em></strong></span> <span class='ocrx_word' id='word_1_181' title='bbox 2275 2803 2584 2872; x_wconf 87' lang='lat' dir='ltr'><strong>dicebant.</strong></span> 
     </span>
     <span class='ocr_line' id='line_1_24' title="bbox 233 2905 2104 2997; baseline 0.001 -26"><span class='ocrx_word' id='word_1_182' title='bbox 233 2905 481 2978; x_wconf 83' lang='lat' dir='ltr'><strong>Persona</strong></span> <span class='ocrx_word' id='word_1_183' title='bbox 523 2912 836 2997; x_wconf 76' lang='lat' dir='ltr'><strong>subiungi</strong></span> <span class='ocrx_word' id='word_1_184' title='bbox 880 2907 1043 2974; x_wconf 89' lang='lat' dir='ltr'><strong>solet</strong></span> <span class='ocrx_word' id='word_1_185' title='bbox 1087 2910 1154 2971; x_wconf 90' lang='lat' dir='ltr'><strong>in</strong></span> <span class='ocrx_word' id='word_1_186' title='bbox 1204 2906 1468 2974; x_wconf 62' lang='lat' dir='ltr'><strong>dativa·</strong></span> <span class='ocrx_word' id='word_1_187' title='bbox 1511 2906 1813 2993; x_wconf 77' lang='lat' dir='ltr'><strong>Exempli</strong></span> <span class='ocrx_word' id='word_1_188' title='bbox 1858 2910 2104 2995; x_wconf 80' lang='lat' dir='ltr'><strong>gratia:</strong></span> 
     </span>
    </p>

    <p class='ocr_par' dir='ltr' id='par_1_5' title="bbox 304 3010 2417 3096">
     <span class='ocr_line' id='line_1_25' title="bbox 304 3010 2417 3096; baseline -0 -14"><span class='ocrx_word' id='word_1_189' title='bbox 304 3026 348 3082; x_wconf 88' lang='lat' dir='ltr'>Z</span> <span class='ocrx_word' id='word_1_190' title='bbox 394 3016 560 3083; x_wconf 81' lang='lat'>405:</span> <span class='ocrx_word' id='word_1_191' title='bbox 617 3013 1020 3096; x_wconf 70' lang='grc' dir='ltr'><strong><em>Ἀνδρομάχη</em></strong></span> <span class='ocrx_word' id='word_1_192' title='bbox 1070 3014 1132 3079; x_wconf 69' lang='grc' dir='ltr'><strong>δέ</strong></span> <span class='ocrx_word' id='word_1_193' title='bbox 1179 3036 1254 3095; x_wconf 70' lang='grc' dir='ltr'><strong>τοι</strong></span> <span class='ocrx_word' id='word_1_194' title='bbox 1302 3010 1471 3094; x_wconf 76' lang='grc' dir='ltr'><strong><em>ἄγχι</em></strong></span> <span class='ocrx_word' id='word_1_195' title='bbox 1519 3015 1871 3094; x_wconf 69' lang='grc' dir='ltr'><strong><em>παρίστατο</em></strong></span> <span class='ocrx_word' id='word_1_196' title='bbox 1920 3011 2109 3095; x_wconf 76' lang='grc' dir='ltr'><strong><em>δάκρυ</em></strong></span> <span class='ocrx_word' id='word_1_197' title='bbox 2156 3014 2417 3096; x_wconf 81' lang='grc' dir='ltr'><strong><em>χέουσα.</em></strong></span> 
     </span>
    </p>

    <p class='ocr_par' dir='ltr' id='par_1_6' title="bbox 307 3118 1849 3200">
     <span class='ocr_line' id='line_1_26' title="bbox 307 3118 1849 3200; baseline 0 -13"><span class='ocrx_word' id='word_1_198' title='bbox 307 3132 353 3187; x_wconf 86' lang='lat' dir='ltr'>T</span> <span class='ocrx_word' id='word_1_199' title='bbox 399 3122 566 3189; x_wconf 83' lang='lat'><strong>283:</strong></span> <span class='ocrx_word' id='word_1_200' title='bbox 619 3121 947 3200; x_wconf 69' lang='grc' dir='ltr'><strong><em>ταρβήσας</em></strong></span> <span class='ocrx_word' id='word_1_201' title='bbox 993 3118 1030 3185; x_wconf 75' lang='grc' dir='ltr'><em>ὅ</em></span> <span class='ocrx_word' id='word_1_202' title='bbox 1067 3142 1144 3187; x_wconf 68' lang='grc' dir='ltr'><strong>τοι</strong></span> <span class='ocrx_word' id='word_1_203' title='bbox 1191 3118 1361 3199; x_wconf 77' lang='grc' dir='ltr'><strong><em>ἄγχι</em></strong></span> <span class='ocrx_word' id='word_1_204' title='bbox 1409 3122 1594 3198; x_wconf 75' lang='grc' dir='ltr'><strong><em>πάγη</em></strong></span> <span class='ocrx_word' id='word_1_205' title='bbox 1638 3120 1849 3199; x_wconf 75' lang='grc' dir='ltr'><strong><em>βέλος.</em></strong></span> 
     </span>
    </p>

    <p class='ocr_par' dir='ltr' id='par_1_7' title="bbox 305 3219 1631 3309">
     <span class='ocr_line' id='line_1_27' title="bbox 305 3219 1631 3309; baseline -0.002 -16"><span class='ocrx_word' id='word_1_206' title='bbox 305 3238 354 3293; x_wconf 85' lang='lat' dir='ltr'>T</span> <span class='ocrx_word' id='word_1_207' title='bbox 401 3231 572 3297; x_wconf 84' lang='lat'>449:</span> <span class='ocrx_word' id='word_1_208' title='bbox 623 3223 658 3302; x_wconf 80' lang='grc' dir='ltr'><strong><em>ἦ</em></strong></span> <span class='ocrx_word' id='word_1_209' title='bbox 705 3226 776 3293; x_wconf 77' lang='grc' dir='ltr'><strong><em>τέ</em></strong></span> <span class='ocrx_word' id='word_1_210' title='bbox 821 3250 913 3293; x_wconf 85' lang='grc' dir='ltr'><strong>τοι</strong></span> <span class='ocrx_word' id='word_1_211' title='bbox 961 3224 1130 3307; x_wconf 74' lang='grc' dir='ltr'><strong><em>ἄγχι</em></strong></span> <span class='ocrx_word' id='word_1_212' title='bbox 1172 3228 1184 3309; x_wconf 89' lang='grc' dir='ltr'>Ι</span> <span class='ocrx_word' id='word_1_213' title='bbox 1227 3219 1368 3300; x_wconf 72' lang='grc' dir='ltr'><strong>ἦλθε</strong></span> <span class='ocrx_word' id='word_1_214' title='bbox 1417 3224 1631 3291; x_wconf 76' lang='grc' dir='ltr'><strong><em>κακόν.</em></strong></span> 
     </span>
    </p>

    <p class='ocr_par' dir='ltr' id='par_1_8' title="bbox 231 3330 2495 3526">
     <span class='ocr_line' id='line_1_28' title="bbox 301 3330 2495 3417; baseline 0 -16"><span class='ocrx_word' id='word_1_215' title='bbox 301 3344 356 3401; x_wconf 77' lang='grc' dir='ltr'>Ψ</span> <span class='ocrx_word' id='word_1_216' title='bbox 402 3336 570 3405; x_wconf 83' lang='lat'>44¹7:</span> <span class='ocrx_word' id='word_1_217' title='bbox 617 3338 866 3413; x_wconf 73' lang='grc' dir='ltr'><strong><em>μᾶλλον</em></strong></span> <span class='ocrx_word' id='word_1_218' title='bbox 914 3331 1360 3413; x_wconf 73' lang='grc' dir='ltr'><strong><em>ἐπεδραμέτην,</em></strong></span> <span class='ocrx_word' id='word_1_219' title='bbox 1409 3332 1595 3412; x_wconf 84' lang='grc' dir='ltr'><strong><em>τάχα</em></strong></span> <span class='ocrx_word' id='word_1_220' title='bbox 1642 3330 1707 3397; x_wconf 80' lang='grc' dir='ltr'><strong>δέ</strong></span> <span class='ocrx_word' id='word_1_221' title='bbox 1753 3338 1966 3414; x_wconf 81' lang='grc' dir='ltr'><strong><em>σφισιν</em></strong></span> <span class='ocrx_word' id='word_1_222' title='bbox 2012 3331 2180 3417; x_wconf 83' lang='grc' dir='ltr'><strong><em>άγχι</em></strong></span> <span class='ocrx_word' id='word_1_223' title='bbox 2230 3334 2495 3411; x_wconf 80' lang='grc' dir='ltr'><strong><em>γένοντο.</em></strong></span> 
     </span>
     <span class='ocr_line' id='line_1_29' title="bbox 231 3437 1779 3526; baseline -0.003 -17"><span class='ocrx_word' id='word_1_224' title='bbox 231 3440 448 3509; x_wconf 70' lang='lat' dir='ltr'><strong>Eadem</strong></span> <span class='ocrx_word' id='word_1_225' title='bbox 493 3443 881 3511; x_wconf 84' lang='lat' dir='ltr'><strong>constructio</strong></span> <span class='ocrx_word' id='word_1_226' title='bbox 927 3445 1037 3507; x_wconf 85' lang='lat' dir='ltr'><strong>est.</strong></span> <span class='ocrx_word' id='word_1_227' title='bbox 1069 3441 1210 3505; x_wconf 81' lang='lat' dir='ltr'><strong>voci</strong></span> <span class='ocrx_word' id='word_1_228' title='bbox 1257 3437 1520 3519; x_wconf 78' lang='grc' dir='ltr'><strong><em>σχεδόν;</em></strong></span> <span class='ocrx_word' id='word_1_229' title='bbox 1568 3459 1625 3504; x_wconf 87' lang='lat' dir='ltr'><strong>e.</strong></span> <span class='ocrx_word' id='word_1_230' title='bbox 1676 3460 1779 3526; x_wconf 82' lang='lat' dir='ltr'><strong>g.:</strong></span> 
     </span>
    </p>

    <p class='ocr_par' dir='ltr' id='par_1_9' title="bbox 310 3538 1645 3626">
     <span class='ocr_line' id='line_1_30' title="bbox 310 3538 1645 3626; baseline -0.006 -10"><span class='ocrx_word' id='word_1_231' title='bbox 310 3558 354 3615; x_wconf 82' lang='grc' dir='ltr'>Φ</span> <span class='ocrx_word' id='word_1_232' title='bbox 405 3548 529 3615; x_wconf 84' lang='lat'><strong>64:</strong></span> <span class='ocrx_word' id='word_1_233' title='bbox 577 3540 608 3613; x_wconf 80' lang='grc' dir='ltr'>ὃ</span> <span class='ocrx_word' id='word_1_234' title='bbox 657 3548 722 3613; x_wconf 77' lang='grc' dir='ltr'><strong>δέ</strong></span> <span class='ocrx_word' id='word_1_235' title='bbox 767 3571 843 3613; x_wconf 68' lang='grc' dir='ltr'><strong>τοι</strong></span> <span class='ocrx_word' id='word_1_236' title='bbox 893 3544 1115 3626; x_wconf 74' lang='grc' dir='ltr'><strong><em>σχεδὸν</em></strong></span> <span class='ocrx_word' id='word_1_237' title='bbox 1163 3538 1306 3618; x_wconf 72' lang='grc' dir='ltr'><strong>ἦλθε</strong></span> <span class='ocrx_word' id='word_1_238' title='bbox 1351 3543 1645 3619; x_wconf 75' lang='grc' dir='ltr'><strong><em>τεθηπώς.</em></strong></span> 
     </span>
    </p>

    <p class='ocr_par' dir='ltr' id='par_1_10' title="bbox 229 3650 2596 4055">
     <span class='ocr_line' id='line_1_31' title="bbox 231 3650 2591 3737; baseline 0.001 -18"><span class='ocrx_word' id='word_1_239' title='bbox 231 3652 374 3721; x_wconf 80' lang='lat' dir='ltr'><strong>Ecce</strong></span> <span class='ocrx_word' id='word_1_240' title='bbox 429 3676 579 3721; x_wconf 82' lang='lat' dir='ltr'><strong>vero</strong></span> <span class='ocrx_word' id='word_1_241' title='bbox 635 3654 838 3721; x_wconf 81' lang='lat' dir='ltr'><strong>altera</strong></span> <span class='ocrx_word' id='word_1_242' title='bbox 896 3652 1102 3718; x_wconf 84' lang='lat' dir='ltr'><strong>forma</strong></span> <span class='ocrx_word' id='word_1_243' title='bbox 1162 3654 1230 3715; x_wconf 89' lang='lat' dir='ltr'><strong>in</strong></span> <span class='ocrx_word' id='word_1_244' title='bbox 1293 3650 1656 3716; x_wconf 87' lang='lat' dir='ltr'><strong>Homericis</strong></span> <span class='ocrx_word' id='word_1_245' title='bbox 1714 3656 1974 3737; x_wconf 82' lang='lat' dir='ltr'><strong>apparet</strong></span> <span class='ocrx_word' id='word_1_246' title='bbox 2020 3653 2123 3729; x_wconf 89' lang='grc' dir='ltr'><strong><em>άγ</em></strong></span> <span class='ocrx_word' id='word_1_247' title='bbox 2140 3658 2328 3737; x_wconf 81' lang='grc' dir='ltr'><strong><em>χοῦ,</em></strong></span> <span class='ocrx_word' id='word_1_248' title='bbox 2376 3660 2441 3719; x_wconf 90' lang='lat' dir='ltr'><strong>et</strong></span> <span class='ocrx_word' id='word_1_249' title='bbox 2485 3654 2591 3721; x_wconf 90' lang='lat' dir='ltr'><strong>hic</strong></span> 
     </span>
     <span class='ocr_line' id='line_1_32' title="bbox 229 3757 2595 3843; baseline 0.002 -20"><span class='ocrx_word' id='word_1_250' title='bbox 229 3758 350 3826; x_wconf 86' lang='lat' dir='ltr'><strong>illic</strong></span> <span class='ocrx_word' id='word_1_251' title='bbox 399 3763 506 3839; x_wconf 82' lang='grc' dir='ltr'><strong><em>άγ</em></strong></span> <span class='ocrx_word' id='word_1_252' title='bbox 527 3760 730 3843; x_wconf 77' lang='grc' dir='ltr'><strong><em>χόθι.</em></strong></span> <span class='ocrx_word' id='word_1_253' title='bbox 803 3758 1123 3825; x_wconf 86' lang='lat' dir='ltr'><strong>Adverbia</strong></span> <span class='ocrx_word' id='word_1_254' title='bbox 1167 3777 1316 3823; x_wconf 84' lang='lat' dir='ltr'><strong>vero</strong></span> <span class='ocrx_word' id='word_1_255' title='bbox 1361 3758 1428 3821; x_wconf 88' lang='lat' dir='ltr'><strong>in</strong></span> <span class='ocrx_word' id='word_1_256' title='bbox 1473 3762 1576 3839; x_wconf 84' lang='grc' dir='ltr'><strong>-οῦ</strong></span> <span class='ocrx_word' id='word_1_257' title='bbox 1624 3776 1737 3842; x_wconf 89' lang='lat' dir='ltr'><strong>pro</strong></span> <span class='ocrx_word' id='word_1_258' title='bbox 1784 3757 1903 3823; x_wconf 74' lang='lat'><strong>-601</strong></span> <span class='ocrx_word' id='word_1_259' title='bbox 1949 3757 2299 3825; x_wconf 89' lang='lat' dir='ltr'><strong>desinentia</strong></span> <span class='ocrx_word' id='word_1_260' title='bbox 2340 3762 2595 3827; x_wconf 86' lang='lat' dir='ltr'><strong>serioris</strong></span> 
     </span>
     <span class='ocr_line' id='line_1_33' title="bbox 231 3863 2596 3945; baseline 0.002 -16"><span class='ocrx_word' id='word_1_261' title='bbox 231 3870 440 3933; x_wconf 76' lang='lat' dir='ltr'><strong>aetatis</strong></span> <span class='ocrx_word' id='word_1_262' title='bbox 501 3888 634 3934; x_wconf 87' lang='lat' dir='ltr'><strong>esse</strong></span> <span class='ocrx_word' id='word_1_263' title='bbox 695 3866 1013 3934; x_wconf 83' lang='lat' dir='ltr'><strong>videntur.</strong></span> <span class='ocrx_word' id='word_1_264' title='bbox 1109 3863 1292 3945; x_wconf 82' lang='lat' dir='ltr'><strong>Quod</strong></span> <span class='ocrx_word' id='word_1_265' title='bbox 1361 3869 1572 3929; x_wconf 87' lang='lat' dir='ltr'><strong>tamen</strong></span> <span class='ocrx_word' id='word_1_266' title='bbox 1642 3863 1703 3929; x_wconf 87' lang='grc' dir='ltr'><strong>Ν</strong></span> <span class='ocrx_word' id='word_1_267' title='bbox 1706 3863 1973 3929; x_wconf 84' lang='lat' dir='ltr'><strong>auckius</strong></span> <span class='ocrx_word' id='word_1_268' title='bbox 1992 3910 2009 3941; x_wconf 85' lang='lat'>,</span> <span class='ocrx_word' id='word_1_269' title='bbox 2079 3866 2414 3932; x_wconf 85' lang='lat' dir='ltr'><strong>verissima</strong></span> <span class='ocrx_word' id='word_1_270' title='bbox 2475 3866 2596 3934; x_wconf 82' lang='lat' dir='ltr'><strong>hac</strong></span> 
     </span>
     <span class='ocr_line' id='line_1_34' title="bbox 229 3969 2595 4055; baseline 0.001 -20"><span class='ocrx_word' id='word_1_271' title='bbox 229 3974 648 4041; x_wconf 75' lang='lat' dir='ltr'><strong>observatione</strong></span> <span class='ocrx_word' id='word_1_272' title='bbox 713 3980 960 4049; x_wconf 90' lang='lat' dir='ltr'><strong>motus,</strong></span> <span class='ocrx_word' id='word_1_273' title='bbox 1024 3971 1262 4052; x_wconf 79' lang='grc' dir='ltr'><strong><em>άγχόθι</em></strong></span> <span class='ocrx_word' id='word_1_274' title='bbox 1327 3971 1585 4055; x_wconf 86' lang='lat' dir='ltr'><strong>scripsit</strong></span> <span class='ocrx_word' id='word_1_275' title='bbox 1645 3969 1851 4035; x_wconf 90' lang='lat' dir='ltr'><strong>sicubi</strong></span> <span class='ocrx_word' id='word_1_276' title='bbox 1897 3974 2110 4036; x_wconf 88' lang='lat' dir='ltr'><strong>textus</strong></span> <span class='ocrx_word' id='word_1_277' title='bbox 2155 3972 2371 4053; x_wconf 82' lang='grc' dir='ltr'><strong><em>άγχοῦ</em></strong></span> <span class='ocrx_word' id='word_1_278' title='bbox 2418 3974 2595 4039; x_wconf 87' lang='lat' dir='ltr'><strong>exhi-</strong></span> 
     </span>
    </p>
   </div>
   <div class='ocr_carea' id='block_1_5' title="bbox 225 4106 592 4119">
    <p class='ocr_par' dir='ltr' id='par_1_11' title="bbox 225 4106 592 4119">
     <span class='ocr_line' id='line_1_35' title="bbox 225 4106 592 4119; baseline 0 881"><span class='ocrx_word' id='word_1_279' title='bbox 225 4106 592 4119; x_wconf 95' lang='lat' dir='ltr'><strong> </strong></span> 
     </span>
    </p>
   </div>
   <div class='ocr_carea' id='block_1_6' title="bbox 287 4160 2229 4495">
    <p class='ocr_par' dir='ltr' id='par_1_12' title="bbox 287 4160 2229 4495">
     <span class='ocr_line' id='line_1_36' title="bbox 287 4160 1318 4227; baseline -0.001 -18"><span class='ocrx_word' id='word_1_280' title='bbox 287 4162 338 4227; x_wconf 86' lang='lat'><strong>1)</strong></span> <span class='ocrx_word' id='word_1_281' title='bbox 374 4163 676 4213; x_wconf 71' lang='lat' dir='ltr'><strong>Accusativus</strong></span> <span class='ocrx_word' id='word_1_282' title='bbox 709 4160 896 4224; x_wconf 69' lang='grc' dir='ltr'><strong><em>μάστιν</em></strong></span> <span class='ocrx_word' id='word_1_283' title='bbox 926 4161 1107 4227; x_wconf 81' lang='lat' dir='ltr'><strong>legitur</strong></span> <span class='ocrx_word' id='word_1_284' title='bbox 1139 4176 1164 4209; x_wconf 78' lang='grc' dir='ltr'><strong><em>ο</em></strong></span> <span class='ocrx_word' id='word_1_285' title='bbox 1198 4160 1318 4209; x_wconf 72' lang='lat'><strong>1822</strong></span> 
     </span>
     <span class='ocr_line' id='line_1_37' title="bbox 713 4241 2229 4314; baseline -0.002 -13"><span class='ocrx_word' id='word_1_286' title='bbox 713 4248 764 4310; x_wconf 62' lang='grc' dir='ltr'><strong>ἦ,</strong></span> <span class='ocrx_word' id='word_1_287' title='bbox 802 4251 887 4301; x_wconf 73' lang='grc' dir='ltr'><strong>καὶ</strong></span> <span class='ocrx_word' id='word_1_288' title='bbox 922 4244 1002 4314; x_wconf 78' lang='grc' dir='ltr'><strong>ἐφ’</strong></span> <span class='ocrx_word' id='word_1_289' title='bbox 1040 4252 1222 4301; x_wconf 62' lang='grc' dir='ltr'><strong>ἱππ-ουν</strong></span> <span class='ocrx_word' id='word_1_290' title='bbox 1258 4246 1444 4309; x_wconf 74' lang='grc' dir='ltr'><strong><em>μάστιν</em></strong></span> <span class='ocrx_word' id='word_1_291' title='bbox 1480 4244 1661 4309; x_wconf 79' lang='grc' dir='ltr'><strong><em>βάλεν·</em></strong></span> <span class='ocrx_word' id='word_1_292' title='bbox 1704 4245 1753 4296; x_wconf 61' lang='grc' dir='ltr'><em>ὣ</em></span> <span class='ocrx_word' id='word_1_293' title='bbox 1784 4244 1838 4296; x_wconf 64' lang='grc' dir='ltr'><strong>δῦ</strong></span> <span class='ocrx_word' id='word_1_294' title='bbox 1876 4241 1999 4309; x_wconf 77' lang='grc' dir='ltr'><strong><em>μάλ’</em></strong></span> <span class='ocrx_word' id='word_1_295' title='bbox 2038 4243 2156 4298; x_wconf 71' lang='grc' dir='ltr'><strong>ὅκα.</strong></span> <span class='ocrx_word' id='word_1_296' title='bbox 2224 4250 2229 4255; x_wconf 83' lang='grc'><strong>”</strong></span> 
     </span>
     <span class='ocr_line' id='line_1_38' title="bbox 287 4336 1761 4407; baseline -0.001 -16"><span class='ocrx_word' id='word_1_297' title='bbox 287 4340 546 4393; x_wconf 66' lang='lat' dir='ltr'><strong>lavinia·</strong></span> <span class='ocrx_word' id='word_1_298' title='bbox 573 4344 732 4395; x_wconf 71' lang='lat' dir='ltr'><strong>tamen</strong></span> <span class='ocrx_word' id='word_1_299' title='bbox 763 4340 1058 4393; x_wconf 82' lang='lat' dir='ltr'><strong>correctione</strong></span> <span class='ocrx_word' id='word_1_300' title='bbox 1089 4343 1246 4407; x_wconf 81' lang='lat' dir='ltr'><strong>potest</strong></span> <span class='ocrx_word' id='word_1_301' title='bbox 1278 4336 1514 4400; x_wconf 70' lang='grc' dir='ltr'><strong><em>μάστιγα</em></strong></span> <span class='ocrx_word' id='word_1_302' title='bbox 1547 4338 1761 4389; x_wconf 79' lang='lat' dir='ltr'><strong>restitui:</strong></span> 
     </span>
     <span class='ocr_line' id='line_1_39' title="bbox 954 4423 1874 4495; baseline -0.004 -14"><span class='ocrx_word' id='word_1_303' title='bbox 954 4424 1171 4495; x_wconf 73' lang='grc' dir='ltr'><strong><em>μάστιγ’</em></strong></span> <span class='ocrx_word' id='word_1_304' title='bbox 1209 4424 1352 4493; x_wconf 66' lang='grc' dir='ltr'><strong>’ἔβαλ’</strong></span> <span class='ocrx_word' id='word_1_305' title='bbox 1371 4441 1384 4454; x_wconf 93' lang='grc'><em>·</em></span> <span class='ocrx_word' id='word_1_306' title='bbox 1425 4426 1467 4479; x_wconf 64' lang='grc' dir='ltr'><em>ὃ</em></span> <span class='ocrx_word' id='word_1_307' title='bbox 1504 4426 1556 4478; x_wconf 67' lang='lat'><strong>³3</strong></span> <span class='ocrx_word' id='word_1_308' title='bbox 1594 4426 1715 4489; x_wconf 69' lang='grc' dir='ltr'><strong><em>μάλ·</em></strong></span> <span class='ocrx_word' id='word_1_309' title='bbox 1756 4423 1874 4481; x_wconf 72' lang='grc' dir='ltr'><strong><em>ὅκα.</em></strong></span> 
     </span>
    </p>
   </div>
  </div>
 </body>
</html>
