3150 5000
600 1135 748 1226 AD
807 1134 1360 1226 CICERONIS
1421 1131 2240 1224 PALIMPSESTOS.

731 1405 1210 1493 (Continuantur
1259 1427 1329 1470 ea·
1387 1401 1517 1469 Vol.
1563 1399 1697 1468 XII
1727 1425 1873 1488 paq.
1924 1398 2107 1488 404.)

1185 1748 1649 1780 —--*—·—-·

333 2104 434 2172 30.
481 2106 860 2172 Durieeimis
907 2105 1192 2171 numeris
1236 2124 1458 2172 versus
1503 2112 1601 2170 eet
1644 2103 1837 2170 Ennii
1884 2123 1961 2169 ex
2007 2103 2375 2193 Iphigenia:

257 2213 448 2298 „quod
492 2219 590 2279 cet
635 2219 780 2279 ante
823 2212 1014 2299 pedes
1057 2231 1248 2278 nemo
1293 2216 1576 2298 spectat,
1629 2211 1789 2277 caeli
1834 2216 2201 2278 scrutantur
2234 2209 2501 2299 plagas'’

331 2319 526 2386 Paulo
569 2317 839 2386 melius:

339 2424 516 2505 „ante
563 2425 754 2513 pedes
797 2425 967 2512 quod
1012 2424 1202 2490 nemo
1247 2429 1492 2511 spectat
1507 2473 1524 2501 ,
1577 2423 1738 2491 caeli
1787 2425 2153 2491 scrutantur
2194 2423 2483 2513 plagae”.

255 2536 294 2599 i.
331 2554 381 2599 e.
437 2535 738 2619 quoniam
801 2532 1090 2598 homines
1151 2552 1278 2598 non
1339 2533 1496 2597 eatis
1554 2552 1701 2597 auae
1762 2551 1863 2597 ree
1912 2536 2173 2610 curant,
2220 2530 2359 2597 rell.
2384 2580 2401 2607 ,
2451 2532 2619 2617 quod

256 2638 468 2705 melina
525 2640 772 2706 monito
835 2644 900 2705 et
961 2636 1244 2727 generali
1304 2640 1655 2705 sententiae
1716 2642 2013 2705 convenit
2074 2656 2265 2724 quam
2330 2637 2619 2725 vulgata.

255 2744 418 2811 Idem
476 2766 702 2815 versus
759 2748 894 2811 sine
955 2747 1264 2813 varietate
1325 2753 1423 2811 eet
1477 2745 1557 2811 de
1618 2743 1837 2811 Diviu.
1898 2744 1979 2810 11.
2036 2744 2144 2812 30.
2222 2747 2425 2810 Acute
2442 2792 2462 2829 ‚
2508 2744 2622 2811 sed

255 2850 407 2917 haud
451 2854 583 2918 ecio
631 2872 712 2917 an
755 2855 972 2917 minue
1018 2864 1166 2938 apte
1209 2851 1612 2917 Fleckeisen:
1665 2870 1913 2930 „noenu
1955 2848 2309 2937 epectant”.
2361 2886 2444 2899 -
2488 2846 2620 2915 Ibi·

257 2954 384 3023 dem
441 2959 562 3023 sub
628 2956 734 3022 fin.
801 2956 1136 3045 vulgatam
1197 2957 1576 3024 lectionem:
1639 2956 1808 3042 quod
1862 2958 1919 3021 ei
1965 2958 2179 3022 studia
2229 2956 2617 3023 Graecorum

257 3082 356 3129 voe
387 3070 561 3130 tanto
601 3084 787 3149 opere
828 3064 1180 3148 delectant,
1219 3072 1372 3129 sunt
1415 3062 1542 3129 alia
1582 3063 1879 3129 liberiora
1918 3068 1983 3129 et
2012 3066 2170 3149 susa
2192 3063 2422 3147 latius,
2460 3082 2622 3149 quae

257 3170 348 3235 vel
399 3170 476 3236 ad
537 3191 731 3236 usum
794 3172 967 3237 vitae
1027 3168 1132 3236 vel
1193 3172 1390 3235 etiam
1433 3168 1512 3235 ad
1554 3172 1761 3255 ipsam
1802 3190 1936 3235 rem
1978 3168 2305 3255 publicam
2344 3169 2624 3235 conferre

257 3276 604 3359 pessuma?
640 3276 806 3360 susa
867 3282 1088 3341 contra
1147 3275 1380 3341 codicis
1429 3282 1494 3341 et
1547 3273 1619 3343 Ο.
1670 3275 1745 3342 F.
1793 3274 1897 3341 W.
1941 3274 2240 3341 Mueller-i
2283 3274 2623 3343 lectionem

255 3384 552 3469 transfusa
602 3382 887 3449 defendo.
957 3380 1124 3447 Sunt
1163 3380 1290 3447 alia
1325 3382 1540 3449 studia
1575 3403 1699 3449 non
1739 3385 1833 3448 ita
1869 3384 2136 3448 materie
2172 3382 2477 3447 adstricta
2514 3382 2625 3449 eed

257 3485 436 3554 latius
491 3488 798 3575 vagantia
858 3488 1104 3575 (flua),
1168 3494 1242 3554 ut
1306 3488 1387 3554 ad
1450 3489 1652 3553 vitam
1716 3508 1967 3574 quoque
2026 3490 2271 3574 possint
2316 3488 2625 3557 adhiberi.

261 3592 432 3659 stane
475 3595 596 3661 hoc
641 3592 782 3661 loeo
826 3593 1110 3661 alienum
1156 3599 1253 3659 est
1297 3594 1653 3678 (diversum
1703 3602 1799 3660 est
1842 3593 1991 3680 §60
2016 3596 2135 3660 sub
2160 3594 2200 3658 f.
2246 3596 2343 3673 „ei
2384 3596 2452 3659 in
2474 3593 2623 3680 plu-

257 3720 342 3767 res
383 3700 688 3768 translata
729 3720 830 3766 rea
865 3699 1046 3788 sit’').
1107 3700 1272 3765 Fusa
1326 3702 1512 3765 latiae
1533 3724 1617 3751 =
1638 3699 1835 3766 latius
1881 3703 2164 3786 patentia
2210 3699 2316 3766 Or.
2364 3699 2445 3766 11.
2497 3698 2623 3766 6¹7:

261 3809 346 3883 „ui
383 3806 570 3875 illam
615 3827 864 3893 quoque
901 3814 1156 3892 partem
1195 3809 1639 3892 quaestionum
1682 3810 1915 3873 oratori
1953 3806 2257 3875 volumus
2280 3806 2627 3894 adiungere

257 3932 474 4001 Vigum
538 3919 604 3980 et
659 3914 906 3977 liberam
969 3918 1034 3979 et
1077 3914 1203 3978 late
1239 3912 1611 3998 patentem.”
1665 3950 1747 3963 -
1799 3913 2008 3980 Paulo
2052 3920 2195 3999 poet
2241 3915 2279 3999 §
2325 3912 2407 3979 31
2460 3912 2627 3979 nihil

260 4026 374 4097 eet,
421 4040 536 4087 cm·
580 4040 618 4084 a
661 4019 934 4085 lectione
979 4020 1211 4086 codicis
1255 4020 1589 4085 recedatur
1636 4018 1787 4098 „sed
1835 4040 2067 4106 quaero
2084 4067 2102 4098 ,
2154 4040 2315 4105 quae
2362 4026 2437 4085 tu
2490 4040 2626 4086 esse

259 4128 481 4192 maiora
539 4122 917 4207 melleqic?''
1006 4125 1131 4192 Pro
1192 4124 1376 4192 Boeo.
1442 4126 1591 4192 Am.
1649 4124 1815 4191 119:
1873 4146 2146 4211 „quaero
2191 4128 2303 4192 aba
2352 4132 2449 4193 te:
2496 4127 2625 4193 iine

261 4236 356 4315 qui
413 4232 820 4318 postulabant
885 4232 1138 4320 indigni
1199 4241 1378 4299 erant
1395 4228 1465 4296 ?”
1532 4228 1785 4298 Cluent.
1839 4230 2006 4298 112:
2058 4238 2175 4310 „tu
2232 4270 2297 4281 —
2354 4251 2621 4319 quaere,

261 4339 396 4421 quid
456 4346 600 4405 tum
661 4360 796 4405 ease
843 4342 1174 4405 existimas
1219 4338 1576 4405 iudicatum
1598 4336 1661 4403 P’
1704 4344 1769 4405 et
1816 4338 2026 4405 multa
2073 4338 2197 4405 alia
2244 4345 2546 4426 congesta
2588 4359 2627 4405 a

261 4442 617 4533 unguem,
665 4444 754 4513 IV
801 4468 865 4533 p.
911 4444 992 4521 2,
1042 4450 1096 4510 ὀ.
