3150 5000
2481 259 2611 329 117

225 445 332 529 qui
394 462 466 508 eo
524 445 664 528 ipso
725 462 887 510 anno
942 444 1068 531 (01.
1118 444 1300 531 86,3)
1367 447 1599 513 archon
1658 445 1800 513 fuit.
1876 444 1980 511 Sic
2044 446 2216 511 enim
2265 447 2612 526 constabit,

219 550 335 615 hoc
381 570 575 627 ann0,
626 571 704 616 ex
751 571 874 636 quo
923 550 1138 620 nullae
1187 556 1525 640 pecuniae,
1575 574 1687 639 pro
1743 553 1978 638 quibus
2018 573 2245 619 usurae
2284 560 2614 640 computa-

218 668 433 723 rentur
453 708 470 734 ,
559 660 626 723 in
718 658 956 725 tabulis
1025 659 1409 748 logistarum
1486 667 1825 746 apparent,
1898 660 1977 726 ad
2049 659 2292 725 bellum
2365 681 2613 747 quoque

217 765 596 853 gerendum,
664 786 788 831 non
861 772 1113 833 tantum
1187 768 1268 833 ad
1341 766 1804 833 aedificationes
1873 788 2139 854 pensum
2206 788 2362 833 esse.
2433 766 2614 848 Quod

217 874 270 937 si
333 874 425 937 ita
496 878 628 950 est,
693 872 1110 958 relinquitur,
1175 880 1250 940 ut
1315 875 1644 941 credamus
1710 875 2008 960 pecunias
2072 894 2233 940 anno
2306 872 2403 940 01.
2457 873 2613 959 86,3

218 984 442 1044 mutuo
529 984 818 1064 sumptas
901 987 1046 1047 ante
1133 982 1621 1067 quadriennium
1719 979 1846 1066 (01.
1921 978 2078 1065 88,3
2106 1019 2191 1029 -
2218 980 2319 1046 01.
2390 979 2569 1067 89,2)
2593 1029 2611 1060 ,

218 1088 398 1151 cuius
462 1089 738 1153 rationes
797 1088 979 1153 nobis
1043 1094 1421 1174 supersunt,
1475 1090 1608 1154 iam
1657 1088 1853 1153 fuisse
1899 1086 2177 1153 redditas
2196 1135 2211 1164 ,
2263 1094 2339 1153 ut
2382 1090 2450 1152 in
2497 1088 2614 1153 has

217 1195 490 1258 rationes
548 1194 852 1279 pecuniae
871 1241 886 1271 ‚
945 1216 1058 1280 pro
1120 1196 1352 1281 quibus
1405 1195 1598 1260 huius
1646 1194 2045 1280 quadriennii
2094 1199 2615 1279 computarentur
2668 1225 2685 1249 ι

217 1320 477 1377 usurae,
528 1321 605 1365 ex
653 1298 767 1365 illo
814 1321 977 1367 anno
1023 1301 1406 1368 referrentur
1453 1300 1688 1367 nullae.
1758 1298 1881 1366 Sed
1923 1299 2343 1388 Rangabeum
2387 1322 2612 1366 verum

215 1405 536 1472 archontis
599 1427 831 1472 nomen
897 1410 1252 1493 reposuisse
1316 1429 1544 1493 parum
1611 1406 1937 1493 probabile
1999 1414 2111 1472 est.
2196 1407 2474 1495 Magna,
2540 1412 2617 1471 ut

213 1519 435 1578 notum
487 1519 618 1598 est,
667 1514 735 1577 in
784 1514 902 1580 hac
948 1517 1357 1602 inscriptione
1387 1510 1489 1579 'est
1530 1513 1895 1580 difficultas.
1940 1512 2193 1579 Nomen
2234 1519 2348 1578 τῶν
2376 1521 2613 1591 ταμιῶν

218 1620 459 1685 scribae
523 1622 590 1684 in
653 1622 861 1705 priore
923 1628 1102 1706 parte
1146 1624 1282 1687 sine
1331 1620 1525 1687 dubio
1571 1620 1700 1686 fuit
1746 1619 1992 1699 Κράτης
2043 1618 2373 1691 Ναύτωνος
2424 1631 2612 1698 Λαμ-
2650 1611 2657 1619 ’

215 1727 392 1806 πρεύς
419 1777 434 1801 ,
486 1747 677 1813 quem
727 1728 1004 1793 scribam
1052 1728 1245 1793 fuisse
1293 1734 1540 1793 constat
1590 1748 1751 1793 anno
1799 1726 1915 1793 illo
1957 1725 2055 1791 Ol.
2083 1724 2239 1803 86,3
2282 1726 2609 1800 archonte,

215 1836 322 1920 qui
369 1834 593 1900 eodem
640 1836 899 1899 nomine
947 1834 1276 1911 utebatur,
1333 1832 1608 1900 Cratete.
1681 1832 1823 1899 Hoc
1886 1835 2091 1921 igitur
2145 1835 2201 1897 si
2248 1835 2605 1918 sequimur,

213 1941 402 2006 huius
452 1941 772 2006 archontis
817 1959 1048 2006 nomen
1097 1962 1244 2006 cum
1293 1940 1638 2028 Rangabeo
1688 1942 1755 2004 in
1803 1942 1990 2005 initio
2039 1940 2466 2025 reponendum
2495 1946 2609 2005 est.

216 2044 447 2113 Contra
510 2056 727 2113 tamen
790 2068 1022 2112 nomen
1085 2053 1338 2113 senatus
1401 2049 1646 2113 scribae
1690 2049 1919 2131 incipit
1966 2068 2003 2112 a
2049 2046 2267 2112 littera
2314 2055 2404 2123 K,
2455 2045 2612 2112 dum

215 2159 458 2219 constat
523 2151 800 2219 Cratetis
866 2152 1185 2219 archontis
1244 2173 1406 2219 anno
1454 2156 1740 2239 primum
1789 2162 2044 2218 senatus
2092 2154 2367 2219 scribam
2414 2153 2611 2218 fuisse

215 2261 554 2338 Μεταγένη
605 2259 762 2345 (vid.
814 2255 882 2325 C.
913 2260 965 2325 1.
993 2261 1070 2325 A.
1120 2258 1186 2337 1,
1241 2258 1367 2325 301
1422 2268 1487 2325 et
1536 2259 1715 2347 315).
1765 2260 1919 2325 Fuit
1965 2260 2068 2325 hic
2108 2266 2364 2325 senatus
2405 2260 2613 2325 scriba

216 2365 591 2447 Τειθρασιος.
642 2365 994 2445 Τειθράσιαι·
1037 2371 1252 2432 tamen
1292 2368 1348 2432 is
1387 2387 1636 2452 quoque
1677 2366 1948 2433 Senatus
1988 2368 2193 2435 scriba
2216 2367 2376 2444 fuit,
2406 2369 2517 2454 qui
2541 2369 2610 2431 in

215 2472 409 2541 altera
424 2475 858 2559 inscriptionis
873 2478 1050 2559 parte
1069 2475 1563 2559 memorabatur,
1583 2475 1765 2540 cuius
1782 2494 2012 2540 nomen
2026 2476 2293 2559 interiit,
2314 2480 2610 2562 patrony-

215 2583 453 2648 micum
479 2601 711 2646 nomon
737 2587 951 2645 tamen
977 2582 1232 2645 Φαείνου
1260 2587 1564 2666 superest;
1594 2602 1708 2646 nec
1733 2581 2002 2646 dubium
2029 2601 2163 2646 esse
2187 2587 2424 2666 potest,
2454 2581 2609 2667 quin

217 2689 417 2754 scriba
457 2690 526 2752 in
566 2693 833 2772 utraque
880 2689 1306 2772 inscriptionis
1352 2694 1529 2772 parte
1579 2693 1975 2752 memoratus
2009 2686 2182 2752 idem
2211 2686 2419 2750 fuerit.
2473 2693 2613 2750 Τῶν

217 2801 450 2872 ταμιῶν
487 2797 693 2859 scriba
717 2801 1256 2859 commemoratur
1279 2797 1346 2858 in
1372 2794 1572 2859 altera
1598 2799 1773 2878 parte
1799 2795 2026 2862 Εὐθίας
2054 2791 2401 2872 Αἵσχρωνος
2423 2791 2611 2857 Ἀνα-

219 2901 550 2981 φλύττιος,
595 2921 785 2986 quem
828 2901 1100 2966 scribam
1141 2900 1336 2966 fuisse
1377 2906 1623 2967 constat
1658 2920 1820 2965 anno
1846 2898 1947 2965 01.
1974 2897 2132 2976 86,4
2158 2899 2456 2966 archonte
2482 2903 2610 2985 Ap·

217 3008 398 3074 sends
439 3007 618 3094 (vide
642 3028 701 3073 v.
730 3028 785 3072 c.
814 3005 887 3074 C.
913 3006 966 3071 Ι.
995 3007 1070 3071 A.
1098 3007 1162 3085 I,
1197 3007 1374 3090 118).
1423 3006 1819 3092 Quapropter
1855 3007 1976 3072 hoc
2018 3006 2337 3072 archontis
2378 3026 2610 3072 nomen

219 3115 280 3178 in
319 3114 521 3180 altera
558 3114 675 3179 hac
708 3119 884 3199 parte
907 3114 1338 3200 reponendum
1364 3121 1460 3180 est
1483 3135 1554 3180 ac
1581 3114 1932 3193 Τειθρασιον
1959 3113 2149 3178 illum
2178 3121 2431 3180 senatus
2456 3112 2608 3178 scri·

219 3219 356 3285 bam
405 3221 603 3286 fuisse
651 3227 910 3306 apparet
956 3223 1094 3286 eius
1141 3241 1322 3286 anno.
1374 3219 1540 3287 Cum
1589 3222 1763 3287 idem
1813 3227 2027 3286 tamen
2066 3221 2307 3286 scribae
2350 3226 2607 3285 senatus

219 3347 439 3393 nomen
489 3333 1026 3394 commemoretur
1074 3348 1321 3413 quoque
1359 3330 1427 3391 in
1466 3329 1901 3414 inscriptionis
1940 3336 2117 3412 parte
2142 3329 2375 3412 priore,
2410 3326 2607 3392 simul

220 3435 428 3518 reponi
476 3435 571 3498 ibi
617 3455 866 3499 necesse
913 3439 1006 3499 est
1049 3433 1370 3499 archontis
1405 3454 1639 3499 nomen
1664 3434 2003 3512 Ἀψεύδονς
2044 3454 2115 3498 ac
2141 3435 2231 3498 sic
2255 3433 2387 3497 iam
2414 3453 2605 3518 appa·

221 3547 309 3604 ret
332 3539 535 3606 alium
563 3539 927 3606 archontem
955 3540 1374 3625 (Apseudem)
1399 3541 1494 3605 ibi
1518 3537 1827 3626 postulari
1846 3541 2156 3606 anomine
2183 3545 2438 3604 senatus
2457 3541 2613 3604 scri-

223 3645 330 3711 bae
349 3695 364 3722 ,
407 3647 608 3712 alium
646 3643 1024 3728 (Cratetem)
1051 3666 1087 3711 a
1112 3649 1368 3712 nomine
1405 3647 1648 3712 scribae
1672 3652 1787 3711 τῶν
1818 3653 2057 3722 ταμιῶν
2084 3641 2408 3712 Cratetem
2432 3645 2605 3712 Nau-

223 3755 380 3818 tonis
419 3753 506 3818 fil.
557 3752 915 3818 Boeckhius
955 3753 1315 3839 Apsendem
1351 3750 1595 3819 Crateti
1621 3753 1891 3839 praefert
1915 3774 1986 3818 ac
2014 3773 2150 3818 rem
2178 3756 2269 3818 sic
2294 3753 2604 3838 explicat,

225 3863 293 3921 ut
352 3860 710 3947 distinguat
757 3858 1134 3924 archontum
1184 3878 1377 3925 annos
1426 3860 1504 3925 ab
1553 3861 1734 3924 annis
1780 3861 1897 3924 τῶν
1945 3865 2183 3935 ταμιῶν
2232 3865 2297 3924 et
2344 3860 2605 3946 quidem

224 3965 312 4030 ita
370 3980 478 4050 ut,
543 3987 685 4032 cum
737 3966 1114 4032 archontum
1161 3985 1362 4032 annus
1411 3969 1721 4051 inciperet
1768 3987 1805 4031 a
1852 3967 2089 4031 mensis
2138 3961 2605 4032 Hecatombae-

229 4072 358 4136 onis
401 4073 624 4156 initio,
690 4093 928 4138 annum
977 4079 1093 4136 τῶν
1138 4079 1378 4151 ταμιῶν
1427 4075 1733 4158 incepisse
1780 4072 1995 4138 eredat
2044 4093 2081 4138 a
2130 4074 2611 4151 Παναθηναίοις,

233 4213 311 4225 -
353 4199 390 4244 a
449 4180 550 4246 die
598 4183 798 4265 ipsius
849 4181 1088 4245 mensis
1135 4179 1711 4246 Hecatombaeonis
1762 4177 1897 4254 28⁰,
1954 4218 2023 4227 -
2085 4179 2256 4245 haud
2307 4178 2493 4244 aliter
2543 4199 2615 4244 ac

229 4285 566 4350 secundum
631 4286 880 4352 tabulas
930 4287 1347 4352 traditionum
1395 4307 1609 4352 rerum
1659 4307 1980 4351 sacrarum
2036 4283 2129 4366 (O.
2158 4286 2211 4351 Ι.
2238 4289 2314 4350 A.
2357 4284 2429 4370 1,
2485 4283 2611 4353 117

232 4397 376 4474 seq.)
423 4394 642 4476 quinto
692 4413 940 4480 quoque
987 4413 1150 4459 anno
1199 4396 1265 4459 αἱ
1315 4393 1613 4473 τέτταρες
1664 4393 1860 4475 ὥρχαὶ
1913 4397 2027 4458 τῶν
2075 4397 2314 4469 ταμιῶν
2340 4392 2614 4457 rationes
