<?xml version="1.0" encoding="UTF-8"?>
<!DOCTYPE html PUBLIC "-//W3C//DTD XHTML 1.0 Transitional//EN"
    "http://www.w3.org/TR/xhtml1/DTD/xhtml1-transitional.dtd">
<html xmlns="http://www.w3.org/1999/xhtml" xml:lang="en" lang="en">
 <head>
  <title>
</title>
<meta http-equiv="Content-Type" content="text/html;charset=utf-8" />
  <meta name='ocr-system' content='tesseract 3.04.00' />
  <meta name='ocr-capabilities' content='ocr_page ocr_carea ocr_par ocr_line ocrx_word'/>
</head>
<body>
  <div class='ocr_page' id='page_1' title='image "./mnemosyne06servgoog_0848.png"; bbox 0 0 3150 5000; ppageno 0'>
   <div class='ocr_carea' id='block_1_1' title="bbox 558 225 1954 298">
    <p class='ocr_par' dir='ltr' id='par_1_1' title="bbox 558 225 1954 298">
     <span class='ocr_line' id='line_1_1' title="bbox 558 225 1954 298; baseline 0.001 -6"><span class='ocrx_word' id='word_1_1' title='bbox 558 225 690 292; x_wconf 83' lang='lat'><strong>370</strong></span> <span class='ocrx_word' id='word_1_2' title='bbox 1541 245 1954 298; x_wconf 57' lang='lat' dir='ltr'><strong>ammomum</strong></span> 
     </span>
    </p>
   </div>
   <div class='ocr_carea' id='block_1_2' title="bbox 544 407 2936 1885">
    <p class='ocr_par' dir='ltr' id='par_1_2' title="bbox 548 407 2930 1452">
     <span class='ocr_line' id='line_1_2' title="bbox 553 407 2920 500; baseline -0.004 -18"><span class='ocrx_word' id='word_1_3' title='bbox 553 411 769 482; x_wconf 86' lang='lat' dir='ltr'><strong>Multa</strong></span> <span class='ocrx_word' id='word_1_4' title='bbox 811 432 960 478; x_wconf 85' lang='lat' dir='ltr'><strong>sane</strong></span> <span class='ocrx_word' id='word_1_5' title='bbox 1004 419 1071 477; x_wconf 87' lang='lat' dir='ltr'><strong>et</strong></span> <span class='ocrx_word' id='word_1_6' title='bbox 1108 415 1471 498; x_wconf 84' lang='lat' dir='ltr'><strong>portentosa</strong></span> <span class='ocrx_word' id='word_1_7' title='bbox 1506 412 1633 477; x_wconf 89' lang='lat' dir='ltr'><strong>sibi</strong></span> <span class='ocrx_word' id='word_1_8' title='bbox 1673 415 1739 477; x_wconf 90' lang='lat' dir='ltr'><strong>in</strong></span> <span class='ocrx_word' id='word_1_9' title='bbox 1773 411 1893 479; x_wconf 90' lang='lat' dir='ltr'><strong>hoc</strong></span> <span class='ocrx_word' id='word_1_10' title='bbox 1931 431 2164 500; x_wconf 83' lang='lat' dir='ltr'><strong>genere</strong></span> <span class='ocrx_word' id='word_1_11' title='bbox 2201 411 2590 498; x_wconf 87' lang='lat' dir='ltr'><strong>permittunt</strong></span> <span class='ocrx_word' id='word_1_12' title='bbox 2621 407 2920 492; x_wconf 77' lang='lat' dir='ltr'><strong>aequiores</strong></span> 
     </span>
     <span class='ocr_line' id='line_1_3' title="bbox 550 515 2922 606; baseline -0.004 -19"><span class='ocrx_word' id='word_1_13' title='bbox 550 525 775 606; x_wconf 88' lang='lat' dir='ltr'><strong>poetae</strong></span> <span class='ocrx_word' id='word_1_14' title='bbox 835 519 1209 606; x_wconf 80' lang='lat' dir='ltr'><strong>cogentibus</strong></span> <span class='ocrx_word' id='word_1_15' title='bbox 1268 520 1586 592; x_wconf 85' lang='lat' dir='ltr'><strong>numeris,</strong></span> <span class='ocrx_word' id='word_1_16' title='bbox 1655 525 1732 584; x_wconf 91' lang='lat' dir='ltr'><strong>ut</strong></span> <span class='ocrx_word' id='word_1_17' title='bbox 1793 518 2029 598; x_wconf 71' lang='grc' dir='ltr'><strong><em>οἰκτίρω</em></strong></span> <span class='ocrx_word' id='word_1_18' title='bbox 2092 527 2381 602; x_wconf 85' lang='lat' dir='ltr'><strong>correpta</strong></span> <span class='ocrx_word' id='word_1_19' title='bbox 2447 515 2650 582; x_wconf 86' lang='lat' dir='ltr'><strong>vocali</strong></span> <span class='ocrx_word' id='word_1_20' title='bbox 2694 515 2922 603; x_wconf 83' lang='lat' dir='ltr'><strong>legitur</strong></span> 
     </span>
     <span class='ocr_line' id='line_1_4' title="bbox 552 623 2922 712; baseline -0.003 -21"><span class='ocrx_word' id='word_1_21' title='bbox 552 625 671 692; x_wconf 88' lang='lat' dir='ltr'><strong>VII</strong></span> <span class='ocrx_word' id='word_1_22' title='bbox 732 624 888 702; x_wconf 81' lang='grc'>267,</span> <span class='ocrx_word' id='word_1_23' title='bbox 954 627 996 689; x_wconf 90' lang='grc'><strong>4</strong></span> <span class='ocrx_word' id='word_1_24' title='bbox 1050 624 1365 710; x_wconf 74' lang='grc' dir='ltr'><strong><em>(οἰκτίρετε</em></strong></span> <span class='ocrx_word' id='word_1_25' title='bbox 1411 629 1480 691; x_wconf 84' lang='lat' dir='ltr'><strong>in</strong></span> <span class='ocrx_word' id='word_1_26' title='bbox 1524 624 1648 691; x_wconf 88' lang='lat' dir='ltr'><strong>fine</strong></span> <span class='ocrx_word' id='word_1_27' title='bbox 1695 627 2128 712; x_wconf 78' lang='lat' dir='ltr'><strong>pentametri),</strong></span> <span class='ocrx_word' id='word_1_28' title='bbox 2179 624 2437 704; x_wconf 73' lang='grc' dir='ltr'><strong><em>ἐρίσασα</em></strong></span> <span class='ocrx_word' id='word_1_29' title='bbox 2487 643 2600 708; x_wconf 86' lang='lat' dir='ltr'><strong>pro</strong></span> <span class='ocrx_word' id='word_1_30' title='bbox 2647 623 2922 700; x_wconf 72' lang='grc' dir='ltr'><strong><em>ἐρείσασα</em></strong></span> 
     </span>
     <span class='ocr_line' id='line_1_5' title="bbox 552 714 2926 820; baseline -0.003 -24"><span class='ocrx_word' id='word_1_31' title='bbox 552 714 639 796; x_wconf 35' lang='grc' dir='ltr'><strong>Ὺ·</strong></span> <span class='ocrx_word' id='word_1_32' title='bbox 675 732 778 810; x_wconf 83' lang='grc'><strong>14,</strong></span> <span class='ocrx_word' id='word_1_33' title='bbox 848 730 965 805; x_wconf 86' lang='grc'><strong>13;</strong></span> <span class='ocrx_word' id='word_1_34' title='bbox 1030 732 1399 820; x_wconf 39' lang='lat' dir='ltr'><strong>xime-pro</strong></span> <span class='ocrx_word' id='word_1_35' title='bbox 1454 738 1660 813; x_wconf 76' lang='grc' dir='ltr'><strong><em>χῆνας</em></strong></span> <span class='ocrx_word' id='word_1_36' title='bbox 1711 729 1842 796; x_wconf 87' lang='lat' dir='ltr'><strong>VII</strong></span> <span class='ocrx_word' id='word_1_37' title='bbox 1891 731 2059 809; x_wconf 77' lang='lat'><strong>5463</strong></span> <span class='ocrx_word' id='word_1_38' title='bbox 2108 730 2346 810; x_wconf 73' lang='grc' dir='ltr'><strong><em>πρεόνος</em></strong></span> <span class='ocrx_word' id='word_1_39' title='bbox 2397 749 2510 814; x_wconf 87' lang='lat' dir='ltr'><strong>pro</strong></span> <span class='ocrx_word' id='word_1_40' title='bbox 2559 729 2802 809; x_wconf 74' lang='grc' dir='ltr'><strong><em>πρηόνος</em></strong></span> <span class='ocrx_word' id='word_1_41' title='bbox 2849 727 2926 791; x_wconf 83' lang='lat' dir='ltr'><strong>Vl</strong></span> 
     </span>
     <span class='ocr_line' id='line_1_6' title="bbox 550 831 2926 923; baseline -0.003 -19"><span class='ocrx_word' id='word_1_42' title='bbox 550 837 719 916; x_wconf 78' lang='lat'><strong>2533</strong></span> <span class='ocrx_word' id='word_1_43' title='bbox 790 835 956 918; x_wconf 77' lang='grc' dir='ltr'><strong><em>ξερὸν</em></strong></span> <span class='ocrx_word' id='word_1_44' title='bbox 1030 857 1143 923; x_wconf 87' lang='lat' dir='ltr'><strong>pro</strong></span> <span class='ocrx_word' id='word_1_45' title='bbox 1210 835 1387 916; x_wconf 71' lang='grc' dir='ltr'><strong><em>ξηρὸν</em></strong></span> <span class='ocrx_word' id='word_1_46' title='bbox 1447 836 1556 921; x_wconf 88' lang='lat' dir='ltr'><strong>Vl,</strong></span> <span class='ocrx_word' id='word_1_47' title='bbox 1624 835 1791 922; x_wconf 81' lang='lat'>3043</span> <span class='ocrx_word' id='word_1_48' title='bbox 1856 839 2064 918; x_wconf 75' lang='grc' dir='ltr'><strong><em>μυρίης</em></strong></span> <span class='ocrx_word' id='word_1_49' title='bbox 2122 857 2235 923; x_wconf 90' lang='lat' dir='ltr'><strong>pro</strong></span> <span class='ocrx_word' id='word_1_50' title='bbox 2305 837 2527 914; x_wconf 75' lang='grc' dir='ltr'><strong><em>μωρίης</em></strong></span> <span class='ocrx_word' id='word_1_51' title='bbox 2603 833 2703 899; x_wconf 83' lang='lat' dir='ltr'><strong>XI</strong></span> <span class='ocrx_word' id='word_1_52' title='bbox 2771 831 2893 898; x_wconf 82' lang='lat'><strong>305</strong></span> <span class='ocrx_word' id='word_1_53' title='bbox 2909 853 2926 910; x_wconf 89' lang='lat'>;</span> 
     </span>
     <span class='ocr_line' id='line_1_7' title="bbox 550 941 2926 1034; baseline -0.004 -23"><span class='ocrx_word' id='word_1_54' title='bbox 550 941 806 1017; x_wconf 76' lang='grc' dir='ltr'><strong><em>δανίσας</em></strong></span> <span class='ocrx_word' id='word_1_55' title='bbox 868 964 981 1029; x_wconf 91' lang='lat' dir='ltr'><strong>pro</strong></span> <span class='ocrx_word' id='word_1_56' title='bbox 1044 944 1328 1034; x_wconf 71' lang='grc' dir='ltr'><strong><em>δανείσας</em></strong></span> <span class='ocrx_word' id='word_1_57' title='bbox 1392 943 1518 1020; x_wconf 89' lang='lat' dir='ltr'><strong>XI,</strong></span> <span class='ocrx_word' id='word_1_58' title='bbox 1583 942 1738 1028; x_wconf 82' lang='lat'><strong>309,</strong></span> <span class='ocrx_word' id='word_1_59' title='bbox 1799 944 1964 1010; x_wconf 83' lang='lat' dir='ltr'><strong>infra</strong></span> <span class='ocrx_word' id='word_1_60' title='bbox 2024 942 2142 1028; x_wconf 87' lang='lat' dir='ltr'><strong>III,</strong></span> <span class='ocrx_word' id='word_1_61' title='bbox 2207 942 2315 1020; x_wconf 82' lang='lat'><strong>14,</strong></span> <span class='ocrx_word' id='word_1_62' title='bbox 2363 949 2406 1008; x_wconf 86' lang='lat'>4</span> <span class='ocrx_word' id='word_1_63' title='bbox 2453 947 2518 1007; x_wconf 87' lang='lat' dir='ltr'><strong>et</strong></span> <span class='ocrx_word' id='word_1_64' title='bbox 2565 941 2724 1006; x_wconf 84' lang='lat' dir='ltr'><strong>alibi</strong></span> <span class='ocrx_word' id='word_1_65' title='bbox 2768 941 2926 1004; x_wconf 74' lang='grc' dir='ltr'><strong><em>εἴασε</em></strong></span> 
     </span>
     <span class='ocr_line' id='line_1_8' title="bbox 549 1046 2930 1137; baseline -0.003 -20"><span class='ocrx_word' id='word_1_66' title='bbox 549 1071 847 1118; x_wconf 81' lang='lat' dir='ltr'><strong>mensura</strong></span> <span class='ocrx_word' id='word_1_67' title='bbox 892 1049 1241 1137; x_wconf 82' lang='lat' dir='ltr'><strong>dactylica,</strong></span> <span class='ocrx_word' id='word_1_68' title='bbox 1291 1071 1477 1136; x_wconf 87' lang='lat' dir='ltr'><strong>saepe</strong></span> <span class='ocrx_word' id='word_1_69' title='bbox 1522 1047 1835 1128; x_wconf 75' lang='grc' dir='ltr'><strong><em>Μακηδῶν</em></strong></span> <span class='ocrx_word' id='word_1_70' title='bbox 1879 1057 1948 1116; x_wconf 87' lang='lat' dir='ltr'><strong>et</strong></span> <span class='ocrx_word' id='word_1_71' title='bbox 1993 1049 2358 1124; x_wconf 71' lang='grc' dir='ltr'><strong><em>Μακηδονία</em></strong></span> <span class='ocrx_word' id='word_1_72' title='bbox 2379 1097 2395 1126; x_wconf 81' lang='grc'><em>,</em></span> <span class='ocrx_word' id='word_1_73' title='bbox 2438 1048 2508 1114; x_wconf 87' lang='lat' dir='ltr'><strong>id</strong></span> <span class='ocrx_word' id='word_1_74' title='bbox 2547 1068 2758 1136; x_wconf 85' lang='lat' dir='ltr'><strong>genus</strong></span> <span class='ocrx_word' id='word_1_75' title='bbox 2793 1046 2930 1112; x_wconf 87' lang='lat' dir='ltr'><strong>alia.</strong></span> 
     </span>
     <span class='ocr_line' id='line_1_9' title="bbox 551 1154 2929 1245; baseline -0.002 -21"><span class='ocrx_word' id='word_1_76' title='bbox 551 1196 635 1208; x_wconf 92' lang='lat'>—</span> <span class='ocrx_word' id='word_1_77' title='bbox 684 1156 814 1224; x_wconf 91' lang='lat' dir='ltr'><strong>Hic</strong></span> <span class='ocrx_word' id='word_1_78' title='bbox 853 1163 1069 1222; x_wconf 86' lang='lat' dir='ltr'><strong>tamen</strong></span> <span class='ocrx_word' id='word_1_79' title='bbox 1111 1158 1397 1222; x_wconf 86' lang='lat' dir='ltr'><strong>numeris</strong></span> <span class='ocrx_word' id='word_1_80' title='bbox 1436 1177 1559 1223; x_wconf 93' lang='lat' dir='ltr'><strong>non</strong></span> <span class='ocrx_word' id='word_1_81' title='bbox 1601 1159 1950 1245; x_wconf 78' lang='lat' dir='ltr'><strong>cogebatur</strong></span> <span class='ocrx_word' id='word_1_82' title='bbox 1988 1157 2296 1236; x_wconf 79' lang='lat' dir='ltr'><strong>versife13</strong></span> <span class='ocrx_word' id='word_1_83' title='bbox 2338 1156 2724 1222; x_wconf 84' lang='lat' dir='ltr'><strong>constabunt</strong></span> <span class='ocrx_word' id='word_1_84' title='bbox 2747 1154 2929 1228; x_wconf 85' lang='lat' dir='ltr'><strong>enim,</strong></span> 
     </span>
     <span class='ocr_line' id='line_1_10' title="bbox 548 1265 1145 1351; baseline -0.002 -20"><span class='ocrx_word' id='word_1_85' title='bbox 548 1267 605 1331; x_wconf 90' lang='lat' dir='ltr'><strong>si</strong></span> <span class='ocrx_word' id='word_1_86' title='bbox 650 1265 1145 1351; x_wconf 77' lang='lat' dir='ltr'>transposueris:</span> 
     </span>
     <span class='ocr_line' id='line_1_11' title="bbox 912 1367 2399 1452; baseline 0.001 -17"><span class='ocrx_word' id='word_1_87' title='bbox 912 1370 1201 1449; x_wconf 73' lang='grc' dir='ltr'><strong><em>κουριδίης</em></strong></span> <span class='ocrx_word' id='word_1_88' title='bbox 1253 1367 1495 1452; x_wconf 70' lang='grc' dir='ltr'><strong>ἀλόχου</strong></span> <span class='ocrx_word' id='word_1_89' title='bbox 1542 1368 1774 1451; x_wconf 79' lang='grc' dir='ltr'><strong>λέκτρα</strong></span> <span class='ocrx_word' id='word_1_90' title='bbox 1820 1373 2039 1450; x_wconf 72' lang='grc' dir='ltr'><strong><em>μιᾶν’</em></strong></span> <span class='ocrx_word' id='word_1_91' title='bbox 2087 1369 2399 1438; x_wconf 80' lang='grc' dir='ltr'><strong><em>ἐθέλων.</em></strong></span> 
     </span>
    </p>

    <p class='ocr_par' dir='ltr' id='par_1_3' title="bbox 638 1475 2936 1565">
     <span class='ocr_line' id='line_1_12' title="bbox 638 1475 2936 1565; baseline -0.001 -20"><span class='ocrx_word' id='word_1_92' title='bbox 638 1477 885 1545; x_wconf 86' lang='lat' dir='ltr'><strong>Similis</strong></span> <span class='ocrx_word' id='word_1_93' title='bbox 945 1478 1253 1565; x_wconf 72' lang='lat' dir='ltr'><strong>cogitatio</strong></span> <span class='ocrx_word' id='word_1_94' title='bbox 1310 1475 1716 1543; x_wconf 86' lang='lat' dir='ltr'><strong>Dindorfium</strong></span> <span class='ocrx_word' id='word_1_95' title='bbox 1786 1477 1952 1544; x_wconf 81' lang='lat' dir='ltr'><strong>infra</strong></span> <span class='ocrx_word' id='word_1_96' title='bbox 2013 1499 2112 1563; x_wconf 88' lang='lat' dir='ltr'><strong>ep.</strong></span> <span class='ocrx_word' id='word_1_97' title='bbox 2165 1478 2272 1556; x_wconf 85' lang='lat'><strong>14,</strong></span> <span class='ocrx_word' id='word_1_98' title='bbox 2324 1476 2365 1543; x_wconf 83' lang='lat'><strong>3</strong></span> <span class='ocrx_word' id='word_1_99' title='bbox 2415 1476 2680 1562; x_wconf 88' lang='lat' dir='ltr'><strong>impulit</strong></span> <span class='ocrx_word' id='word_1_100' title='bbox 2729 1481 2808 1542; x_wconf 89' lang='lat' dir='ltr'><strong>ut</strong></span> <span class='ocrx_word' id='word_1_101' title='bbox 2851 1498 2936 1542; x_wconf 83' lang='lat' dir='ltr'><strong>re-</strong></span> 
     </span>
    </p>

    <p class='ocr_par' dir='ltr' id='par_1_4' title="bbox 546 1585 2722 1774">
     <span class='ocr_line' id='line_1_13' title="bbox 546 1585 881 1651; baseline -0.006 0"><span class='ocrx_word' id='word_1_102' title='bbox 546 1585 881 1651; x_wconf 77' lang='lat' dir='ltr'><strong>scriberet:</strong></span> 
     </span>
     <span class='ocr_line' id='line_1_14' title="bbox 818 1685 2722 1774; baseline 0 -19"><span class='ocrx_word' id='word_1_103' title='bbox 818 1685 879 1764; x_wconf 75' lang='grc' dir='ltr'><strong>ὅς</strong></span> <span class='ocrx_word' id='word_1_104' title='bbox 930 1715 1002 1756; x_wconf 85' lang='grc' dir='ltr'><strong>σε</strong></span> <span class='ocrx_word' id='word_1_105' title='bbox 1047 1690 1119 1764; x_wconf 73' lang='grc' dir='ltr'><strong>δὴ</strong></span> <span class='ocrx_word' id='word_1_106' title='bbox 1167 1685 1397 1768; x_wconf 75' lang='grc' dir='ltr'><strong><em>αἵματι</em></strong></span> <span class='ocrx_word' id='word_1_107' title='bbox 1444 1689 1644 1771; x_wconf 83' lang='grc' dir='ltr'><strong><em>φύρσε</em></strong></span> <span class='ocrx_word' id='word_1_108' title='bbox 1697 1687 2015 1774; x_wconf 71' lang='grc' dir='ltr'><strong><em>κατ-ἀξια,</em></strong></span> <span class='ocrx_word' id='word_1_109' title='bbox 2064 1690 2286 1771; x_wconf 74' lang='grc' dir='ltr'><strong><em>θηρσὶ</em></strong></span> <span class='ocrx_word' id='word_1_110' title='bbox 2336 1690 2589 1771; x_wconf 71' lang='grc' dir='ltr'><strong><em>βορὰν</em></strong></span> <span class='ocrx_word' id='word_1_111' title='bbox 2636 1690 2722 1756; x_wconf 82' lang='grc' dir='ltr'><strong>δέ</strong></span> 
     </span>
    </p>

    <p class='ocr_par' dir='ltr' id='par_1_5' title="bbox 544 1795 1420 1885">
     <span class='ocr_line' id='line_1_15' title="bbox 544 1795 1420 1885; baseline -0.006 -20"><span class='ocrx_word' id='word_1_112' title='bbox 544 1818 659 1885; x_wconf 87' lang='lat' dir='ltr'><strong>pro</strong></span> <span class='ocrx_word' id='word_1_113' title='bbox 708 1797 928 1877; x_wconf 74' lang='grc' dir='ltr'><strong><em>θηρσὶ</em></strong></span> <span class='ocrx_word' id='word_1_114' title='bbox 976 1797 1053 1862; x_wconf 79' lang='grc' dir='ltr'><strong>δὲ</strong></span> <span class='ocrx_word' id='word_1_115' title='bbox 1097 1795 1420 1877; x_wconf 73' lang='grc' dir='ltr'><strong><em>βορραν.</em></strong></span> 
     </span>
    </p>
   </div>
   <div class='ocr_carea' id='block_1_3' title="bbox 540 2013 2936 2420">
    <p class='ocr_par' dir='ltr' id='par_1_6' title="bbox 540 2013 2936 2420">
     <span class='ocr_line' id='line_1_16' title="bbox 634 2013 959 2082; baseline -0.009 0"><span class='ocrx_word' id='word_1_116' title='bbox 634 2013 691 2082; x_wconf 80' lang='lat' dir='ltr'><strong>E</strong></span> <span class='ocrx_word' id='word_1_117' title='bbox 738 2065 754 2082; x_wconf 89' lang='lat'><strong>.</strong></span> <span class='ocrx_word' id='word_1_118' title='bbox 803 2013 845 2080; x_wconf 89' lang='grc'>8</span> <span class='ocrx_word' id='word_1_119' title='bbox 918 2013 959 2080; x_wconf 86' lang='lat'><strong>3</strong></span> 
     </span>
     <span class='ocr_line' id='line_1_17' title="bbox 690 2037 2570 2203; baseline 0 -18"><span class='ocrx_word' id='word_1_120' title='bbox 690 2037 733 2102; x_wconf 76' lang='lat' dir='ltr'><strong>p</strong></span> <span class='ocrx_word' id='word_1_121' title='bbox 849 2064 867 2100; x_wconf 62' lang='lat'>&#39;</span> <span class='ocrx_word' id='word_1_122' title='bbox 913 2119 1093 2187; x_wconf 70' lang='grc' dir='ltr'><strong>ἄλλα</strong></span> <span class='ocrx_word' id='word_1_123' title='bbox 1139 2144 1212 2185; x_wconf 85' lang='grc' dir='ltr'><strong>σε</strong></span> <span class='ocrx_word' id='word_1_124' title='bbox 1257 2125 1356 2185; x_wconf 86' lang='grc' dir='ltr'><strong>νῦν</strong></span> <span class='ocrx_word' id='word_1_125' title='bbox 1403 2119 1769 2199; x_wconf 78' lang='grc' dir='ltr'><strong><em>Ἀχέροντος</em></strong></span> <span class='ocrx_word' id='word_1_126' title='bbox 1817 2121 1918 2185; x_wconf 75' lang='grc' dir='ltr'><strong>ἐπὶ</strong></span> <span class='ocrx_word' id='word_1_127' title='bbox 1965 2125 2224 2203; x_wconf 72' lang='grc' dir='ltr'><strong><em>ρηγμῖσι</em></strong></span> <span class='ocrx_word' id='word_1_128' title='bbox 2273 2123 2570 2200; x_wconf 72' lang='grc' dir='ltr'><strong><em>γεγῶσαν</em></strong></span> 
     </span>
     <span class='ocr_line' id='line_1_18' title="bbox 909 2226 2593 2308; baseline 0 -16"><span class='ocrx_word' id='word_1_129' title='bbox 909 2229 1183 2307; x_wconf 79' lang='grc' dir='ltr'><strong><em>θαμβεῒ,</em></strong></span> <span class='ocrx_word' id='word_1_130' title='bbox 1230 2226 1383 2292; x_wconf 68' lang='grc' dir='ltr'><strong>ἀνὰ</strong></span> <span class='ocrx_word' id='word_1_131' title='bbox 1431 2229 1744 2307; x_wconf 73' lang='grc' dir='ltr'><strong><em>γλυκερὰν</em></strong></span> <span class='ocrx_word' id='word_1_132' title='bbox 1793 2226 2032 2306; x_wconf 78' lang='grc' dir='ltr'><strong><em>μητέρα</em></strong></span> <span class='ocrx_word' id='word_1_133' title='bbox 2079 2227 2593 2308; x_wconf 75' lang='grc' dir='ltr'><strong><em>δερκόμενος.</em></strong></span> 
     </span>
     <span class='ocr_line' id='line_1_19' title="bbox 540 2333 2936 2420; baseline -0.001 -21"><span class='ocrx_word' id='word_1_134' title='bbox 540 2335 897 2420; x_wconf 78' lang='lat' dir='ltr'><strong>Aptissima</strong></span> <span class='ocrx_word' id='word_1_135' title='bbox 958 2339 1055 2398; x_wconf 87' lang='lat' dir='ltr'><strong>est</strong></span> <span class='ocrx_word' id='word_1_136' title='bbox 1114 2333 1221 2398; x_wconf 90' lang='lat' dir='ltr'><strong>hic</strong></span> <span class='ocrx_word' id='word_1_137' title='bbox 1270 2333 1569 2396; x_wconf 72' lang='lat' dir='ltr'><strong>revisendi</strong></span> <span class='ocrx_word' id='word_1_138' title='bbox 1616 2335 1791 2397; x_wconf 87' lang='lat' dir='ltr'><strong>notio</strong></span> <span class='ocrx_word' id='word_1_139' title='bbox 1811 2380 1829 2410; x_wconf 86' lang='lat'><em>,</em></span> <span class='ocrx_word' id='word_1_140' title='bbox 1881 2353 2072 2417; x_wconf 91' lang='lat' dir='ltr'><strong>quam</strong></span> <span class='ocrx_word' id='word_1_141' title='bbox 2121 2339 2343 2419; x_wconf 87' lang='lat' dir='ltr'><strong>poetae</strong></span> <span class='ocrx_word' id='word_1_142' title='bbox 2391 2335 2747 2419; x_wconf 84' lang='lat' dir='ltr'><strong>composito</strong></span> <span class='ocrx_word' id='word_1_143' title='bbox 2797 2335 2936 2397; x_wconf 70' lang='grc' dir='ltr'><strong><em>ἀνα·</em></strong></span> 
     </span>
    </p>
   </div>
   <div class='ocr_carea' id='block_1_4' title="bbox 543 2439 2938 2529">
    <p class='ocr_par' dir='ltr' id='par_1_7' title="bbox 543 2439 2938 2529">
     <span class='ocr_line' id='line_1_20' title="bbox 543 2439 2938 2529; baseline -0.001 -22"><span class='ocrx_word' id='word_1_144' title='bbox 543 2441 849 2521; x_wconf 70' lang='grc' dir='ltr'><strong><em>δέρκεσθαι</em></strong></span> <span class='ocrx_word' id='word_1_145' title='bbox 900 2439 1179 2506; x_wconf 85' lang='lat' dir='ltr'><strong>tribuere</strong></span> <span class='ocrx_word' id='word_1_146' title='bbox 1222 2439 1457 2506; x_wconf 78' lang='lat' dir='ltr'><strong>licebat</strong></span> <span class='ocrx_word' id='word_1_147' title='bbox 1503 2439 1583 2506; x_wconf 88' lang='lat' dir='ltr'><strong>ad</strong></span> <span class='ocrx_word' id='word_1_148' title='bbox 1629 2439 1990 2529; x_wconf 78' lang='lat' dir='ltr'><strong>analogiam</strong></span> <span class='ocrx_word' id='word_1_149' title='bbox 2039 2445 2146 2505; x_wconf 79' lang='grc' dir='ltr'><strong>τοῦ</strong></span> <span class='ocrx_word' id='word_1_150' title='bbox 2196 2440 2580 2519; x_wconf 69' lang='grc' dir='ltr'><strong><em>ἀναβλέπειν</em></strong></span> <span class='ocrx_word' id='word_1_151' title='bbox 2631 2440 2938 2507; x_wconf 88' lang='lat' dir='ltr'><strong>aliorum·</strong></span> 
     </span>
    </p>
   </div>
   <div class='ocr_carea' id='block_1_5' title="bbox 538 2546 2936 2739">
    <p class='ocr_par' dir='ltr' id='par_1_8' title="bbox 538 2546 2936 2739">
     <span class='ocr_line' id='line_1_21' title="bbox 540 2546 2936 2636; baseline -0.001 -23"><span class='ocrx_word' id='word_1_152' title='bbox 540 2569 661 2635; x_wconf 86' lang='lat' dir='ltr'><strong>que</strong></span> <span class='ocrx_word' id='word_1_153' title='bbox 733 2548 1074 2616; x_wconf 84' lang='lat' dir='ltr'><strong>verborum</strong></span> <span class='ocrx_word' id='word_1_154' title='bbox 1140 2548 1229 2613; x_wconf 89' lang='lat' dir='ltr'><strong>sic</strong></span> <span class='ocrx_word' id='word_1_155' title='bbox 1291 2546 1789 2632; x_wconf 87' lang='lat' dir='ltr'><strong>compositorum</strong></span> <span class='ocrx_word' id='word_1_156' title='bbox 1809 2595 1825 2623; x_wconf 87' lang='lat'><strong>,</strong></span> <span class='ocrx_word' id='word_1_157' title='bbox 1891 2568 2095 2635; x_wconf 90' lang='lat' dir='ltr'><strong>neque</strong></span> <span class='ocrx_word' id='word_1_158' title='bbox 2153 2551 2362 2636; x_wconf 83' lang='lat' dir='ltr'><strong>igitur</strong></span> <span class='ocrx_word' id='word_1_159' title='bbox 2414 2552 2780 2615; x_wconf 85' lang='lat' dir='ltr'><strong>necessaria</strong></span> <span class='ocrx_word' id='word_1_160' title='bbox 2848 2554 2936 2615; x_wconf 85' lang='lat' dir='ltr'><strong>est</strong></span> 
     </span>
     <span class='ocr_line' id='line_1_22' title="bbox 538 2652 2007 2739; baseline -0.002 -17"><span class='ocrx_word' id='word_1_161' title='bbox 538 2654 997 2723; x_wconf 85' lang='lat' dir='ltr'><strong>Wilamowitzi</strong></span> <span class='ocrx_word' id='word_1_162' title='bbox 1044 2654 1405 2720; x_wconf 86' lang='lat' dir='ltr'><strong>coniectura</strong></span> <span class='ocrx_word' id='word_1_163' title='bbox 1447 2654 1493 2718; x_wconf 76' lang='grc' dir='ltr'><strong>οἰ</strong></span> <span class='ocrx_word' id='word_1_164' title='bbox 1510 2678 1539 2717; x_wconf 90' lang='grc' dir='ltr'><strong><em>ν</em></strong></span> <span class='ocrx_word' id='word_1_165' title='bbox 1557 2654 1601 2717; x_wconf 75' lang='grc' dir='ltr'><strong>ἃ.</strong></span> <span class='ocrx_word' id='word_1_166' title='bbox 1619 2652 1660 2730; x_wconf 80' lang='grc' dir='ltr'><strong><em>ξ</em></strong></span> <span class='ocrx_word' id='word_1_167' title='bbox 1705 2675 1818 2739; x_wconf 91' lang='lat' dir='ltr'><strong>pro</strong></span> <span class='ocrx_word' id='word_1_168' title='bbox 1863 2656 2007 2719; x_wconf 67' lang='grc' dir='ltr'><strong><em>ἀνὰ.</em></strong></span> 
     </span>
    </p>
   </div>
   <div class='ocr_carea' id='block_1_6' title="bbox 530 2857 2930 3797">
    <p class='ocr_par' dir='ltr' id='par_1_9' title="bbox 530 2857 2930 3797">
     <span class='ocr_line' id='line_1_23' title="bbox 626 2857 991 2946; baseline -0.011 -19"><span class='ocrx_word' id='word_1_169' title='bbox 626 2858 741 2946; x_wconf 85' lang='lat' dir='ltr'><strong>Ep.</strong></span> <span class='ocrx_word' id='word_1_170' title='bbox 798 2858 905 2944; x_wconf 89' lang='grc'><strong>11,</strong></span> <span class='ocrx_word' id='word_1_171' title='bbox 955 2857 991 2923; x_wconf 90' lang='grc'><strong>1</strong></span> 
     </span>
     <span class='ocr_line' id='line_1_24' title="bbox 799 2962 2631 3045; baseline 0 -14"><span class='ocrx_word' id='word_1_172' title='bbox 799 2966 1041 3039; x_wconf 60' lang='lat' dir='ltr'><strong>&#39;Erana</strong></span> <span class='ocrx_word' id='word_1_173' title='bbox 1088 2962 1194 3029; x_wconf 79' lang='grc' dir='ltr'><strong>καὶ</strong></span> <span class='ocrx_word' id='word_1_174' title='bbox 1238 2962 1313 3028; x_wconf 84' lang='grc' dir='ltr'><strong>σὺ</strong></span> <span class='ocrx_word' id='word_1_175' title='bbox 1358 2962 1523 3045; x_wconf 77' lang='grc' dir='ltr'><strong><em>λέχη</em></strong></span> <span class='ocrx_word' id='word_1_176' title='bbox 1574 2962 1867 3041; x_wconf 73' lang='grc' dir='ltr'><strong><em>Δανάης.</em></strong></span> <span class='ocrx_word' id='word_1_177' title='bbox 1919 2962 2319 3044; x_wconf 80' lang='grc' dir='ltr'><strong><em>Πολύδεκτα,</em></strong></span> <span class='ocrx_word' id='word_1_178' title='bbox 2368 2965 2631 3044; x_wconf 72' lang='grc' dir='ltr'><strong>μιαίνειν</strong></span> 
     </span>
     <span class='ocr_line' id='line_1_25' title="bbox 802 3070 2308 3151; baseline 0 -15"><span class='ocrx_word' id='word_1_179' title='bbox 802 3070 1066 3151; x_wconf 74' lang='grc' dir='ltr'><strong><em>δυσφῆ</em></strong></span> <span class='ocrx_word' id='word_1_180' title='bbox 1082 3094 1266 3147; x_wconf 85' lang='grc' dir='ltr'><strong><em>μοις</em></strong></span> <span class='ocrx_word' id='word_1_181' title='bbox 1316 3070 1521 3142; x_wconf 79' lang='grc' dir='ltr'><strong><em>εὐναῖς</em></strong></span> <span class='ocrx_word' id='word_1_182' title='bbox 1570 3070 1655 3149; x_wconf 77' lang='grc' dir='ltr'><strong>τῷ</strong></span> <span class='ocrx_word' id='word_1_183' title='bbox 1705 3071 1808 3135; x_wconf 78' lang='grc' dir='ltr'><strong>Διὶ</strong></span> <span class='ocrx_word' id='word_1_184' title='bbox 1856 3071 2308 3151; x_wconf 67' lang='grc' dir='ltr'><strong><em>μεμψαμένης.</em></strong></span> 
     </span>
     <span class='ocr_line' id='line_1_26' title="bbox 531 3175 2930 3266; baseline -0.001 -19"><span class='ocrx_word' id='word_1_185' title='bbox 531 3180 813 3266; x_wconf 83' lang='lat' dir='ltr'><strong>Nuptiae</strong></span> <span class='ocrx_word' id='word_1_186' title='bbox 876 3176 1253 3244; x_wconf 86' lang='lat' dir='ltr'><strong>mortalium</strong></span> <span class='ocrx_word' id='word_1_187' title='bbox 1298 3175 1650 3241; x_wconf 87' lang='lat' dir='ltr'><strong>mulierum</strong></span> <span class='ocrx_word' id='word_1_188' title='bbox 1701 3198 1846 3243; x_wconf 90' lang='lat' dir='ltr'><strong>cum</strong></span> <span class='ocrx_word' id='word_1_189' title='bbox 1895 3180 2140 3263; x_wconf 87' lang='lat' dir='ltr'><strong>superis</strong></span> <span class='ocrx_word' id='word_1_190' title='bbox 2188 3199 2223 3243; x_wconf 91' lang='lat' dir='ltr'><strong>e</strong></span> <span class='ocrx_word' id='word_1_191' title='bbox 2274 3182 2564 3244; x_wconf 83' lang='lat' dir='ltr'><strong>veterum</strong></span> <span class='ocrx_word' id='word_1_192' title='bbox 2611 3183 2930 3247; x_wconf 85' lang='lat' dir='ltr'><strong>sententia</strong></span> 
     </span>
     <span class='ocr_line' id='line_1_27' title="bbox 531 3282 2930 3371; baseline -0.001 -18"><span class='ocrx_word' id='word_1_193' title='bbox 531 3288 643 3354; x_wconf 85' lang='lat' dir='ltr'><strong>vix</strong></span> <span class='ocrx_word' id='word_1_194' title='bbox 714 3292 887 3351; x_wconf 87' lang='lat' dir='ltr'><strong>recte</strong></span> <span class='ocrx_word' id='word_1_195' title='bbox 956 3284 1257 3350; x_wconf 86' lang='lat' dir='ltr'><strong>dicuntur</strong></span> <span class='ocrx_word' id='word_1_196' title='bbox 1309 3282 1622 3361; x_wconf 75' lang='grc' dir='ltr'><strong><em>δύσφημοι</em></strong></span> <span class='ocrx_word' id='word_1_197' title='bbox 1643 3331 1660 3360; x_wconf 86' lang='grc'><em>,</em></span> <span class='ocrx_word' id='word_1_198' title='bbox 1731 3289 1794 3349; x_wconf 90' lang='lat' dir='ltr'><strong>et</strong></span> <span class='ocrx_word' id='word_1_199' title='bbox 1855 3284 2090 3349; x_wconf 88' lang='lat' dir='ltr'><strong>melius</strong></span> <span class='ocrx_word' id='word_1_200' title='bbox 2155 3286 2642 3371; x_wconf 81' lang='lat' dir='ltr'><strong>epigrammatis</strong></span> <span class='ocrx_word' id='word_1_201' title='bbox 2707 3292 2930 3354; x_wconf 81' lang='lat' dir='ltr'><strong>auctor</strong></span> 
     </span>
     <span class='ocr_line' id='line_1_28' title="bbox 530 3388 2926 3478; baseline 0.001 -22"><span class='ocrx_word' id='word_1_202' title='bbox 530 3394 883 3476; x_wconf 84' lang='lat' dir='ltr'><strong>scripsisset</strong></span> <span class='ocrx_word' id='word_1_203' title='bbox 945 3391 1035 3475; x_wconf 86' lang='lat' dir='ltr'><strong>(et</strong></span> <span class='ocrx_word' id='word_1_204' title='bbox 1098 3389 1353 3474; x_wconf 88' lang='lat' dir='ltr'><strong>scripsit</strong></span> <span class='ocrx_word' id='word_1_205' title='bbox 1414 3388 1702 3476; x_wconf 87' lang='lat' dir='ltr'><strong>fortasse)</strong></span> <span class='ocrx_word' id='word_1_206' title='bbox 1763 3390 2190 3465; x_wconf 74' lang='grc' dir='ltr'><strong><em>δυστήνοις</em></strong></span> <span class='ocrx_word' id='word_1_207' title='bbox 2241 3392 2442 3462; x_wconf 75' lang='grc' dir='ltr'><strong><em>εὐναῖς</em></strong></span> <span class='ocrx_word' id='word_1_208' title='bbox 2469 3441 2486 3467; x_wconf 88' lang='grc'>,</span> <span class='ocrx_word' id='word_1_209' title='bbox 2537 3394 2673 3457; x_wconf 81' lang='lat' dir='ltr'><strong>sive</strong></span> <span class='ocrx_word' id='word_1_210' title='bbox 2709 3396 2926 3478; x_wconf 83' lang='lat' dir='ltr'><strong>potius</strong></span> 
     </span>
     <span class='ocr_line' id='line_1_29' title="bbox 532 3494 2922 3571; baseline 0 -9"><span class='ocrx_word' id='word_1_211' title='bbox 532 3497 990 3571; x_wconf 73' lang='grc' dir='ltr'><strong><em>δυστήνους</em></strong></span> <span class='ocrx_word' id='word_1_212' title='bbox 1056 3496 1333 3571; x_wconf 76' lang='grc' dir='ltr'><strong><em>εῠνας,</em></strong></span> <span class='ocrx_word' id='word_1_213' title='bbox 1400 3515 1546 3560; x_wconf 88' lang='lat' dir='ltr'><strong>nam</strong></span> <span class='ocrx_word' id='word_1_214' title='bbox 1609 3494 1762 3560; x_wconf 89' lang='lat' dir='ltr'><strong>licet</strong></span> <span class='ocrx_word' id='word_1_215' title='bbox 1822 3496 2117 3561; x_wconf 82' lang='lat' dir='ltr'><strong>dativum</strong></span> <span class='ocrx_word' id='word_1_216' title='bbox 2163 3498 2258 3560; x_wconf 89' lang='lat' dir='ltr'><strong>rei</strong></span> <span class='ocrx_word' id='word_1_217' title='bbox 2303 3496 2606 3561; x_wconf 85' lang='lat' dir='ltr'><strong>admittat</strong></span> <span class='ocrx_word' id='word_1_218' title='bbox 2653 3500 2922 3564; x_wconf 83' lang='lat' dir='ltr'><strong>verbum</strong></span> 
     </span>
     <span class='ocr_line' id='line_1_30' title="bbox 533 3600 2922 3687; baseline 0 -18"><span class='ocrx_word' id='word_1_219' title='bbox 533 3604 935 3684; x_wconf 79' lang='grc' dir='ltr'><strong><em>μέμφεσθαι,</em></strong></span> <span class='ocrx_word' id='word_1_220' title='bbox 985 3600 1221 3687; x_wconf 86' lang='lat' dir='ltr'><strong>duplex</strong></span> <span class='ocrx_word' id='word_1_221' title='bbox 1270 3600 1525 3666; x_wconf 81' lang='lat' dir='ltr'><strong>dativus</strong></span> <span class='ocrx_word' id='word_1_222' title='bbox 1568 3604 1675 3666; x_wconf 89' lang='lat' dir='ltr'><strong>rei·</strong></span> <span class='ocrx_word' id='word_1_223' title='bbox 1710 3602 1908 3667; x_wconf 89' lang='lat' dir='ltr'><strong>simul</strong></span> <span class='ocrx_word' id='word_1_224' title='bbox 1947 3608 2010 3667; x_wconf 89' lang='lat' dir='ltr'><strong>et</strong></span> <span class='ocrx_word' id='word_1_225' title='bbox 2049 3622 2348 3687; x_wconf 89' lang='lat' dir='ltr'><strong>personae</strong></span> <span class='ocrx_word' id='word_1_226' title='bbox 2394 3621 2518 3667; x_wconf 86' lang='lat' dir='ltr'><strong>uon</strong></span> <span class='ocrx_word' id='word_1_227' title='bbox 2567 3609 2738 3669; x_wconf 90' lang='lat' dir='ltr'><strong>recte</strong></span> <span class='ocrx_word' id='word_1_228' title='bbox 2779 3626 2922 3669; x_wconf 90' lang='lat' dir='ltr'><strong>cum</strong></span> 
     </span>
     <span class='ocr_line' id='line_1_31' title="bbox 530 3708 2922 3797; baseline -0.001 -20"><span class='ocrx_word' id='word_1_229' title='bbox 530 3731 604 3777; x_wconf 87' lang='lat' dir='ltr'><strong>eo</strong></span> <span class='ocrx_word' id='word_1_230' title='bbox 653 3712 968 3797; x_wconf 86' lang='lat' dir='ltr'><strong>iungitur.</strong></span> <span class='ocrx_word' id='word_1_231' title='bbox 1016 3708 1431 3773; x_wconf 82' lang='lat' dir='ltr'><strong>Accusativos</strong></span> <span class='ocrx_word' id='word_1_232' title='bbox 1471 3709 1604 3772; x_wconf 91' lang='lat' dir='ltr'><strong>iam</strong></span> <span class='ocrx_word' id='word_1_233' title='bbox 1645 3708 2008 3792; x_wconf 87' lang='lat' dir='ltr'><strong>requirebat</strong></span> <span class='ocrx_word' id='word_1_234' title='bbox 2043 3708 2376 3774; x_wconf 86' lang='lat' dir='ltr'><strong>Heckerus</strong></span> <span class='ocrx_word' id='word_1_235' title='bbox 2394 3756 2410 3787; x_wconf 90' lang='lat'><strong>‚</strong></span> <span class='ocrx_word' id='word_1_236' title='bbox 2451 3708 2560 3775; x_wconf 86' lang='lat' dir='ltr'><strong>sed</strong></span> <span class='ocrx_word' id='word_1_237' title='bbox 2601 3708 2922 3777; x_wconf 88' lang='lat' dir='ltr'><strong>Duebneri</strong></span> 
     </span>
    </p>
   </div>
   <div class='ocr_carea' id='block_1_7' title="bbox 524 3814 1251 3887">
    <p class='ocr_par' dir='ltr' id='par_1_10' title="bbox 524 3814 1251 3887">
     <span class='ocr_line' id='line_1_32' title="bbox 524 3814 1251 3887; baseline -0.012 0"><span class='ocrx_word' id='word_1_238' title='bbox 524 3838 653 3887; x_wconf 89' lang='lat' dir='ltr'><strong>non</strong></span> <span class='ocrx_word' id='word_1_239' title='bbox 701 3814 857 3883; x_wconf 87' lang='lat' dir='ltr'><strong>tulit</strong></span> <span class='ocrx_word' id='word_1_240' title='bbox 902 3834 1251 3880; x_wconf 83' lang='lat' dir='ltr'><strong>assensum.</strong></span> 
     </span>
    </p>
   </div>
   <div class='ocr_carea' id='block_1_8' title="bbox 526 4025 2912 4429">
    <p class='ocr_par' dir='ltr' id='par_1_11' title="bbox 526 4025 2912 4429">
     <span class='ocr_line' id='line_1_33' title="bbox 618 4025 989 4097; baseline -0.016 0"><span class='ocrx_word' id='word_1_241' title='bbox 618 4028 674 4097; x_wconf 80' lang='lat' dir='ltr'><strong>E</strong></span> <span class='ocrx_word' id='word_1_242' title='bbox 723 4078 737 4095; x_wconf 92' lang='lat'><strong>.</strong></span> <span class='ocrx_word' id='word_1_243' title='bbox 790 4026 877 4093; x_wconf 88' lang='grc'><strong>18</strong></span> <span class='ocrx_word' id='word_1_244' title='bbox 947 4025 989 4092; x_wconf 85' lang='grc'><strong>3</strong></span> 
     </span>
     <span class='ocr_line' id='line_1_34' title="bbox 676 4050 2528 4216; baseline 0.001 -18"><span class='ocrx_word' id='word_1_245' title='bbox 676 4050 715 4115; x_wconf 77' lang='lat' dir='ltr'>p</span> <span class='ocrx_word' id='word_1_246' title='bbox 800 4078 1156 4213; x_wconf 71' lang='grc' dir='ltr'><strong><em>Ἢδυχαρῆς</em></strong></span> <span class='ocrx_word' id='word_1_247' title='bbox 1203 4133 1328 4213; x_wconf 71' lang='grc' dir='ltr'><strong>γὰρ</strong></span> <span class='ocrx_word' id='word_1_248' title='bbox 1378 4129 1478 4208; x_wconf 77' lang='grc' dir='ltr'><strong><em>ἔην</em></strong></span> <span class='ocrx_word' id='word_1_249' title='bbox 1526 4132 1708 4205; x_wconf 80' lang='grc' dir='ltr'><strong><em>κόπος</em></strong></span> <span class='ocrx_word' id='word_1_250' title='bbox 1757 4132 2008 4213; x_wconf 67' lang='grc' dir='ltr'><strong><em>ἀνδράσι</em></strong></span> <span class='ocrx_word' id='word_1_251' title='bbox 2056 4134 2269 4216; x_wconf 80' lang='grc' dir='ltr'><strong><em>χῶριος</em></strong></span> <span class='ocrx_word' id='word_1_252' title='bbox 2317 4132 2487 4208; x_wconf 78' lang='grc' dir='ltr'><strong><em>οὗτος</em></strong></span> <span class='ocrx_word' id='word_1_253' title='bbox 2513 4186 2528 4213; x_wconf 88' lang='grc'><strong>,</strong></span> 
     </span>
     <span class='ocr_line' id='line_1_35' title="bbox 799 4237 2355 4321; baseline 0.002 -17"><span class='ocrx_word' id='word_1_254' title='bbox 799 4240 1025 4320; x_wconf 78' lang='grc' dir='ltr'><strong><em>μητρὸς</em></strong></span> <span class='ocrx_word' id='word_1_255' title='bbox 1075 4237 1189 4303; x_wconf 76' lang='grc' dir='ltr'><strong>ἐπ’</strong></span> <span class='ocrx_word' id='word_1_256' title='bbox 1239 4238 1586 4321; x_wconf 64' lang='grc' dir='ltr'><strong><em>εὖσεβίῃ</em></strong></span> <span class='ocrx_word' id='word_1_257' title='bbox 1633 4241 1863 4305; x_wconf 84' lang='grc' dir='ltr'><strong><em>κλεινὸν</em></strong></span> <span class='ocrx_word' id='word_1_258' title='bbox 1909 4240 2107 4305; x_wconf 78' lang='grc' dir='ltr'><strong><em>ἔθεντο</em></strong></span> <span class='ocrx_word' id='word_1_259' title='bbox 2157 4239 2355 4307; x_wconf 75' lang='grc' dir='ltr'><strong><em>πόνον.</em></strong></span> 
     </span>
     <span class='ocr_line' id='line_1_36' title="bbox 526 4345 2912 4429; baseline -0.001 -13"><span class='ocrx_word' id='word_1_260' title='bbox 526 4350 968 4416; x_wconf 84' lang='lat' dir='ltr'><strong>Necessarium</strong></span> <span class='ocrx_word' id='word_1_261' title='bbox 1020 4346 1188 4410; x_wconf 82' lang='lat' dir='ltr'><strong>inter</strong></span> <span class='ocrx_word' id='word_1_262' title='bbox 1225 4350 1574 4429; x_wconf 82' lang='lat' dir='ltr'><strong>utrumque</strong></span> <span class='ocrx_word' id='word_1_263' title='bbox 1614 4366 1871 4411; x_wconf 80' lang='lat' dir='ltr'><strong>versum</strong></span> <span class='ocrx_word' id='word_1_264' title='bbox 1913 4345 2246 4412; x_wconf 76' lang='lat' dir='ltr'><strong>vinculum</strong></span> <span class='ocrx_word' id='word_1_265' title='bbox 2287 4346 2665 4413; x_wconf 82' lang='lat' dir='ltr'><strong>restituebat</strong></span> <span class='ocrx_word' id='word_1_266' title='bbox 2703 4346 2912 4413; x_wconf 87' lang='lat' dir='ltr'><strong>Iacob-</strong></span> 
     </span>
    </p>
   </div>
  </div>
 </body>
</html>
