3150 5000
541 268 676 335 414
1563 216 1887 339 nonanus.
1974 264 1979 286 ⁴

791 578 828 663 §
874 576 937 643 2.
1009 577 1106 643 De
1142 578 1394 660 qenitivi
1439 577 1746 664 dativique
1789 582 1854 643 in
1902 599 2142 641 numero
2187 577 2361 641 duali
2396 575 2635 663 formis.

623 792 893 858 Nonnisi
952 793 1342 878 paucissima
1403 792 1481 857 de
1527 792 1646 857 his
1706 792 1906 858 habeo
1954 791 2180 857 dicere.
2250 788 2416 855 Sunt
2462 792 2629 865 νῶϊν,
2675 784 2876 866 σφῶϊν,

531 898 762 980 σφωϊν,
827 903 892 963 et
951 896 1110 963 loeis
1162 898 1292 963 fere
1340 900 1805 986 quinquaginta
1848 897 2173 985 leguntur.
2244 895 2461 962 Tertia
2506 901 2718 960 autem
2760 910 2877 977 pos-

526 1006 614 1071 sit
659 1003 854 1070 alicui
899 1008 1190 1091 suspecta
1235 1004 1473 1082 videri,
1525 1025 1674 1070 cum
1722 1006 1878 1070 satis
1925 1003 2217 1069 mirabile
2258 1006 2339 1069 sit
2378 1022 2569 1067 unam
2611 998 2875 1067 eandem-

523 1130 646 1193 que
707 1110 979 1176 formam
1041 1111 1347 1176 inservire
1407 1110 1573 1175 binis
1632 1113 1912 1196 personis
1931 1156 1947 1187 ‚
2004 1116 2068 1175 et
2114 1113 2433 1194 praeterea
2480 1110 2676 1173 etiam
2722 1124 2875 1171 accu-

523 1218 716 1281 sativi
776 1214 979 1282 forma
1031 1215 1204 1295 σφωέ
1249 1236 1476 1302 parum
1523 1217 1819 1282 videatur
1862 1215 2223 1281 Homerica.
2273 1214 2605 1280 Immerito
2654 1220 2871 1284 tamen,

520 1327 598 1387 ut
659 1342 778 1409 ego
841 1323 1146 1406 arbitror,
1210 1323 1408 1403 σφωΐν
1469 1325 1779 1388 vitiosum
1827 1322 2131 1407 duxeris3⁸
2165 1342 2317 1387 nam
2363 1324 2530 1386 inter
2573 1319 2741 1386 locos
2781 1316 2876 1382 ubi

519 1427 634 1493 illa
681 1428 887 1494 forma
923 1428 1167 1516 legitur
1211 1428 1294 1513 (A
1323 1428 1486 1508 338,
1527 1440 1587 1495 A
1617 1428 1779 1511 628,
1822 1428 1854 1492 3
1878 1426 1997 1504 28,
2035 1442 2075 1492 λ
2101 1425 2271 1512 319,
2314 1451 2347 1490 υ
2373 1426 2534 1513 327)
2571 1446 2739 1492 unus
2760 1432 2877 1489 tan-

518 1536 852 1602 tummodo
899 1547 1232 1621 corruptus
1278 1539 1374 1602 est
1393 1584 1409 1614 ,
1456 1557 1687 1621 nempe
1731 1535 1766 1600 δ
1800 1534 1921 1601 28:

943 1639 1093 1706 ἀλλ’
1140 1641 1263 1707 εἴπ’
1309 1642 1343 1716 ἥ
1393 1647 1591 1724 σφωιν
1637 1640 2079 1717 καταλύσομεν
2127 1639 2316 1713 ὠκέας
2364 1637 2618 1719 ἵππους,

515 1748 630 1813 ubi
691 1753 804 1813 aut
863 1768 975 1832 pro
1029 1746 1162 1812 ἐἴπ’
1223 1753 1432 1834 potest
1478 1749 1712 1834 corrigi
1758 1746 1922 1831 ἔστ’,
1972 1755 2085 1813 aut
2132 1746 2349 1832 paullo
2396 1746 2706 1812 audacius
2724 1792 2739 1823 ‚
2784 1740 2879 1809 sed

514 1859 729 1920 tamen
777 1856 845 1919 ni
891 1853 1080 1920 fallor
1123 1857 1393 1922 rectius:

941 1963 1092 2027 ἀλλ’
1141 1958 1294 2038 ἄγε
1341 1960 1491 2027 νεῖτ’
1539 1960 1572 2036 ἥ
1622 1964 1773 2039 σφιν
1818 1957 2258 2037 καταλύσομεν
2305 1958 2496 2031 ὠκέας
2546 1953 2789 2030 ἵππους.

514 2067 720 2148 Quam
769 2067 955 2134 facile
1001 2068 1288 2133 excidere
1334 2068 1615 2153 potuerit
1658 2064 1783 2143 ἄγε
1830 2066 1950 2131 hoc
1990 2084 2175 2131 versu
2195 2115 2214 2149 ,
2256 2066 2469 2150 quivis
2493 2066 2692 2131 videt.
2741 2062 2879 2130 an-

507 2180 675 2240 teros
734 2179 950 2239 autem
1012 2172 1183 2239 locos
1228 2180 1533 2258 quatuor,
1585 2174 1817 2258 quibus
1861 2174 2059 2252 σφωιν
2104 2174 2413 2249 occurrit,
2464 2191 2648 2238 sanos
2695 2173 2874 2245 duco,

507 2286 572 2346 et
618 2280 777 2345 bene
821 2278 1232 2345 Homericam
1279 2286 1436 2365 puto
1482 2277 1663 2344 illam
1716 2300 1850 2344 esse
1896 2278 2190 2343 formam.

595 2386 823 2452 Restat
881 2391 958 2451 ut
1019 2391 1313 2461 notemus
1373 2406 1629 2452 versum
1649 2432 1666 2463 ‚
1730 2404 1919 2470 quem
1984 2390 2353 2469 corruptum
2418 2404 2553 2450 esse
2612 2384 2874 2451 certissi-

503 2515 689 2560 mum
768 2500 864 2560 est
882 2544 899 2578 ,
979 2514 1127 2559 cum
1199 2494 1267 2558 in
1327 2515 1404 2560 eo
1463 2498 1749 2559 occurrat
1813 2513 1937 2558 vox
1999 2496 2319 2558 contracta
2378 2493 2550 2574 σφῷν
2606 2491 2877 2558 Homero

504 2601 822 2679 inaudita,
874 2600 909 2665 δ
957 2598 1080 2665 62:

932 2707 997 2772 οὔ
1045 2705 1172 2786 γὰρ
1217 2708 1396 2786 σφῷν
1441 2729 1520 2783 γε
1564 2705 1737 2782 γένος
1786 2702 2078 2769 ἀπόλωλε
2121 2703 2367 2778 τοκήων.

497 2816 626 2881 Hic
669 2815 934 2880 fortasse
981 2813 1106 2891 γὰρ
1155 2811 1466 2880 abundatt
1517 2812 1585 2875 οὗ
1631 2811 1829 2891 σφῶίν
1877 2833 1956 2886 γε
1978 2859 1995 2894 ,
2036 2809 2146 2875 sed
2188 2831 2335 2875 cum
2375 2811 2649 2876 minime
2674 2829 2878 2896 super-

495 2940 768 2988 vacanea
815 2921 901 2984 sit
947 2916 1063 2985 illa
1107 2917 1457 3004 particula,
1512 2919 1645 2983 veri
1690 2915 1967 2982 similius
2013 2915 2174 2981 duco
2213 2915 2409 2981 altius
2433 2915 2634 2982 latere
2660 2917 2875 2998 ulcus,

493 3026 766 3093 necdum
814 3027 875 3090 ei
921 3023 1238 3092 medelam
1286 3044 1420 3090 esse
1465 3029 1798 3108 repertam.

740 3354 866 3421 111.
934 3371 1020 3419 ns
1063 3369 1482 3424 mosomum
1525 3369 1973 3418 russonum
2016 3368 2276 3418 amno
2320 3368 2619 3417 pamm.

1181 3557 1218 3642 §
1271 3557 1326 3622 l.
1399 3557 1496 3622 De
1537 3555 1890 3622 nominativi
1922 3557 2163 3644 formis.

574 3756 963 3823 Tractandae
1008 3757 1192 3822 nobis
1239 3761 1576 3840 supersunt
1624 3755 1864 3823 formae
1913 3757 2164 3820 numeri
2212 3753 2479 3839 pluralis
2498 3802 2516 3838 ,
2554 3757 2621 3820 et
2662 3758 2876 3840 primo

485 3863 744 3949 quidem
806 3862 942 3928 loco
1004 3883 1185 3928 casus
1243 3863 1648 3930 nominativi.
1723 3858 2024 3927 Carmina
2088 3859 2408 3925 homerica
2453 3861 2680 3926 tertiae
2729 3882 2873 3948 per-

485 3989 670 4034 sonae
715 3971 1184 4034 nominativum
1231 3970 1298 4034 in
1343 3967 1581 4053 plurali
1626 3987 1751 4032 non
1799 3966 2101 4032 exhibent
2116 3985 2134 4044 3
2184 3966 2292 4031 sed
2329 3969 2397 4030 in
2436 3967 2651 4050 prima
2690 3974 2758 4033 et
2782 3987 2873 4032 se·

484 4075 689 4140 cunda
733 4095 995 4160 persona
1043 4081 1408 4159 comparent
1468 4075 1651 4140 binae
1693 4074 1935 4139 formae
1982 4092 2143 4158 quae
2188 4073 2581 4137 nominativo
2627 4071 2873 4158 plurali

478 4183 765 4266 propriae
813 4201 974 4245 -esse
1035 4179 1366 4265 dicuntur,
1430 4200 1659 4264 nempe
1724 4181 1902 4257 ἡμεῖς
1968 4181 2141 4256 ὑμεῖς
2207 4183 2271 4243 et
2334 4175 2547 4255 ἄμμες
2618 4177 2868 4259 ὔμμες;

481 4287 718 4372 priores
779 4291 994 4352 autem
1053 4289 1296 4352 ionicae
1314 4339 1331 4370 ‚
1394 4285 1631 4352 alterae
1692 4285 1968 4352 aeolicae
2029 4289 2353 4351 vocantur.
2444 4286 2645 4370 Atqui
2710 4285 2871 4352 tales

480 4389 1020 4458 denominationes
1073 4392 1240 4458 nihil
1299 4392 1554 4458 dicunt.
1618 4391 1783 4458 nihil
1846 4389 2198 4476 explicant,
2266 4390 2376 4457 sed
2428 4389 2505 4456 ad
2548 4410 2671 4456 nos
2720 4395 2869 4456 sunt
