3150 5000
1165 223 1632 278 mnommmvs.
1739 273 1759 292 ,
2461 206 2594 274 295

1164 509 1363 600 Iunas
1411 507 1654 574 XXIX.

302 724 373 790 1.
426 723 487 788 9.
563 723 728 804 „His
788 725 1059 792 addebat
1120 725 1449 790 Fidustius
1492 773 1515 814 .·
1550 775 1563 788 .
1596 772 1613 788 .
1661 725 1876 790 omnia
1925 745 2084 808 quae
2133 724 2484 810 praedixit,
2535 745 2602 789 se
2734 733 2738 738 '

197 829 538 896 indicante
600 829 1001 898 Theodorum
1049 853 1159 917 per
1205 830 1542 896 Euserium
1594 827 1677 914 [i]
1725 830 2019 897 didicisse
2037 881 2054 914 ‚
2107 834 2322 897 uirum
2381 852 2422 917 p
2442 852 2473 895 r
2488 851 2526 896 a
2540 851 2603 898 e-

197 959 231 1001 s
250 943 283 1000 t
300 957 343 1001 a
358 937 529 1002 bili
576 940 841 1004 scientia
884 938 1247 1028 litterarum
1296 937 1669 1023 abundeque
1715 937 2161 1003 honoratum.”

299 1041 523 1110 Immo
570 1048 781 1130 potius
826 1043 1467 1131 praestabilem.

303 1247 371 1311 1.
430 1245 533 1312 13.
587 1247 923 1332 „Cumque
966 1269 1081 1314 nec
1122 1267 1398 1319 carceres
1444 1245 1689 1332 publici
1733 1248 1862 1312 iam
1915 1247 2175 1314 distenti
2216 1244 2608 1312 inclusorum

201 1354 343 1418 iam
424 1364 741 1429 cateruas,
814 1375 930 1420 nec
992 1355 1242 1440 privata
1304 1353 1634 1420 domicilia
1697 1355 2080 1418 sustinerent
2151 1354 2610 1438 constipatione

202 1444 631 1546 uaporata
701 1462 1043 1538 confertas,
1115 1462 1414 1546 quoniam
1487 1458 1764 1524 uinculis
1833 1461 2119 1524 maxima
2179 1479 2326 1544 pars
2387 1479 2607 1524 eorum

203 1566 647 1644 attinebatur,
708 1573 772 1632 et
834 1587 1015 1634 suam
1082 1573 1146 1631 et
1206 1569 1483 1651 proximi
1546 1568 1856 1650 cuiusque
1921 1568 2130 1631 uicem
2191 1586 2409 1632 omnes
2458 1566 2609 1631 hor-

205 1672 514 1738 rebant.”
2589 1741 2610 1766 κ

304 1780 459 1845 Νοιι
481 1778 786 1868 intellego
813 1782 1311 1865 „constipatione
1350 1779 1816 1865 uaporata.''
1856 1774 2114 1844 Gonicio
2149 1778 2610 1858 elaborata,

209 1906 343 1971 qua
393 1884 664 1952 lectione
709 1894 994 1972 recepta,
1045 1907 1215 1972 seqq.
1278 1889 1618 1971 „quoniam
1669 1884 1946 1950 uinculis
1994 1905 2080 1949 m.
2110 1904 2170 1969 p.
2199 1905 2250 1950 e.
2302 1884 2612 1949 attineba-

213 1992 375 2057 tur”
426 1992 688 2059 demum
735 1996 859 2058 rite
900 1991 1202 2078 explicari
1250 2013 1427 2078 posse
1475 1992 1641 2057 mihi
1685 1991 2005 2056 uidentur.

314 2197 375 2261 1.
448 2195 556 2264 27.
629 2197 859 2264 Valens
927 2205 1101 2265 totus
1166 2199 1391 2264 deuius
1462 2198 1541 2264 ab
1609 2201 1925 2285 aequitate
1987 2197 2305 2284 dilapsus,
2351 2200 2611 2283 iamque

216 2302 533 2369 eruditior
578 2304 657 2370 ad
702 2304 1081 2370 laedendum
1128 2307 1197 2370 in
1245 2304 1508 2370 modum
1557 2304 1923 2371 harenariae
1968 2305 2170 2388 ferae,
2217 2307 2272 2370 si
2318 2303 2613 2369 admotus

217 2412 627 2495 quisquam
673 2410 1055 2478 fabricae
1103 2411 1496 2498 diffugisset,
1541 2409 1621 2477 ad
1661 2410 1962 2477 ultimam
2005 2412 2245 2477 rabiem
2273 2407 2614 2476 saeuibat.”

313 2515 487 2597 Quin
551 2518 925 2584 fabricae
988 2538 1114 2583 uox
1181 2522 1267 2583 sit
1315 2524 1609 2604 corrupta
1655 2538 1845 2584 nemo
1893 2524 2062 2585 certe
2108 2516 2450 2583 dubitabit.
2521 2512 2617 2580 De

219 2623 667 2690 emendatione
728 2624 974 2690 haereo.
1046 2624 1338 2690 Fortasse
1397 2624 1552 2690 olim
1602 2624 1728 2689 fuit
1777 2626 1875 2703 „si
1921 2624 2217 2690 admotus
2266 2625 2408 2709 quis
2453 2643 2490 2687 c
2509 2642 2546 2686 a
2561 2643 2619 2685 r-

221 2730 305 2791 ni
325 2728 715 2796 sicinae.”

324 2944 386 3009 l.
439 2943 548 3009 31.
610 2940 719 3022 „H
733 2964 769 3009 a
786 2965 819 3009 c
864 2942 1083 3010 linteis
1127 2964 1168 3028 q
1184 2964 1229 3007 ιι
1246 2946 1270 3008 i
1286 2942 1327 3009 d
1344 2962 1384 3009 a
1398 2962 1467 3007 m
1512 2941 1910 3008 indumentis
1955 2944 2232 3009 amictus
2278 2991 2294 3008 .
2326 2993 2340 3008 .
2370 2991 2386 3007 .
2433 2940 2618 3008 litato

228 3053 551 3137 conceptis
611 3052 999 3117 carminibus
1054 3051 1321 3114 numine
1368 3069 1408 3133 p
1422 3070 1456 3112 r
1469 3069 1506 3113 a
1521 3068 1554 3113 e
1568 3068 1600 3113 s
1616 3070 1649 3115 c
1667 3049 1691 3113 i
1709 3051 1775 3113 ti
1794 3069 1831 3114 o
1845 3072 1890 3114 n
1905 3070 1950 3113 ιι
1963 3070 2032 3113 ιιι
2081 3055 2335 3115 auctore
2354 3097 2370 3127 ‚
2417 3051 2619 3115 caeri-

227 3156 500 3223 moniali
560 3160 824 3224 scientia
886 3158 1277 3243 supersistit:
1337 3177 1371 3221 c
1389 3175 1425 3220 o
1442 3176 1473 3219 r
1490 3160 1518 3219 t
1533 3158 1557 3219 i
1574 3178 1616 3219 n
1636 3174 1679 3219 ιι
1697 3154 1762 3221 li
1783 3176 1813 3219 s
1859 3154 2171 3241 pensilem
2220 3153 2485 3220 anulum
2533 3154 2618 3219 li-

228 3264 419 3329 brans
437 3311 455 3343 ‚
523 3270 769 3329 sartum
832 3282 913 3330 ex
975 3262 1265 3328 carbaseo
1329 3258 1437 3326 filo
1500 3281 1806 3347 perquam
1868 3260 2001 3327 leui
2018 3311 2038 3345 ,
2085 3263 2380 3348 mysticis
2428 3261 2618 3326 disci-

233 3370 431 3454 plinis
477 3363 988 3436 i'nitiatumss'

321 3477 841 3544 Emendatiorem
906 3476 1076 3541 hunc
1134 3474 1347 3540 locum
1418 3474 1622 3540 edidit
1685 3472 2132 3543 Gardthausen
2154 3524 2171 3559 ,
2217 3476 2325 3559 qui
2374 3475 2619 3540 abiecto

234 3603 267 3647 c
284 3604 320 3648 o
336 3606 368 3648 r
384 3590 413 3649 t
427 3586 451 3647 i
466 3606 509 3648 n
528 3583 649 3649 uli
668 3605 698 3647 s
717 3630 733 3660 ‚
804 3582 971 3667 quod
1044 3580 1293 3646 Valesio
1366 3580 1654 3657 debetur,
1717 3581 2119 3646 scribendum
2183 3582 2441 3665 putauit
2505 3601 2622 3658 „ao

234 3686 449 3755 linteis
500 3688 761 3775 quidam
808 3688 1201 3753 indumentis
1249 3688 1526 3751 amictus
1574 3733 1591 3749 .
1620 3734 1635 3750 .
1665 3734 1682 3751 .
1724 3689 2084 3771 supersistit
2133 3708 2167 3751 c
2185 3706 2220 3751 o
2239 3706 2270 3750 r
2285 3688 2414 3750 tin
2431 3685 2516 3752 nl
2535 3708 2572 3751 a
2590 3708 2624 3751 e

237 3814 267 3857 s
280 3815 316 3859 a
332 3817 365 3861 c
382 3818 462 3861 er
478 3795 517 3860 d
536 3816 571 3861 o
590 3793 685 3860 s.”
756 3794 1034 3859 Inseruit
1096 3814 1126 3856 s
1148 3813 1184 3857 a
1200 3814 1235 3856 c
1253 3814 1287 3857 e
1303 3814 1335 3857 ι·
1354 3791 1395 3856 d
1411 3812 1449 3855 o
1466 3812 1495 3855 s
1514 3839 1531 3869 ‚
1594 3797 1669 3856 ut
1716 3790 2012 3856 lacunam
2061 3790 2342 3876 expleret
2389 3812 2624 3881 nouem
2664 3864 2668 3870 ,

240 3898 629 3979 litterarum,
699 3920 861 3986 quae
922 3906 1017 3964 est
1078 3901 1147 3963 in
1205 3896 1281 3963 V.
1344 3901 1412 3961 in
1475 3918 1600 3983 quo
1648 3898 1802 3963 haec
1847 3896 2187 3984 leguntur:
2240 3897 2626 3975 „cortinulae

244 4053 618 4073 .........
659 4004 899 4093 pensile
938 4003 1343 4069 manulum.”
1393 4003 1619 4069 Potius
1657 4023 1770 4088 pro
1812 4003 1961 4068 hac
2005 4052 2020 4066 .
2048 4051 2064 4067 .
2095 4051 2112 4068 .
2151 4004 2490 4088 quidam
2528 4003 2622 4071 le-

243 4117 447 4198 gerim
509 4135 597 4180 ac
646 4163 661 4177 .
690 4162 707 4178 .
732 4162 748 4178 .
798 4112 996 4198 quid
1013 4132 1153 4176 em.
1223 4110 1469 4176 Deinde
1513 4130 1686 4195 seqq.
1733 4113 1824 4175 ita
1871 4112 2253 4177 constituere
2301 4111 2498 4177 velim
2546 4116 2623 4177 ut

244 4216 492 4307 legatur
540 4221 940 4306 „supersistit
980 4240 1013 4285 c
1028 4238 1064 4283 o
1083 4239 1114 4283 r
1130 4225 1158 4281 t
1174 4218 1197 4281 i
1213 4239 1254 4280 n
1276 4238 1313 4282 a
1328 4238 1363 4283 e
1405 4238 1435 4281 ι·
1452 4238 1485 4283 e
1500 4224 1988 4302 s<ponsurus>
2015 4216 2323 4303 pensilem
2351 4216 2620 4283 anulum

246 4322 479 4394 librans
526 4376 542 4391 .
571 4374 588 4393 .
617 4376 632 4393 .
684 4327 977 4415 mysticis
1022 4322 1377 4411 disciplinis
1423 4322 1926 4391 initiatus..”
1967 4322 2266 4390 Ridicule
2313 4325 2488 4390 enim
2525 4322 2623 4392 le-
