3150 5000
494 271 628 338 328
1466 287 1726 338 osssms
1772 288 1900 338 mo.

488 453 532 520 2
594 459 776 520 τοῦτο
833 455 903 518 iu
961 455 1175 520 verbis
1236 452 1386 518 δοκῶ
1449 453 1499 517 δ’
1559 450 1653 518 ὅτι
1702 452 1808 520 καὶ
1859 454 1922 518 ἐν
1965 461 2096 525 τοῖς
2142 449 2256 530 ἔξω
2308 454 2550 535 χωρίοις
2596 453 2673 518 τὸ
2728 450 2883 517 αὐτὸ

491 566 670 628 τοῦτο
731 559 1080 639 συνενέχθη.
1142 560 1285 625 Lib.
1353 557 1474 640 55,
1541 558 1606 645 7,
1674 560 1709 624 l
1762 559 1991 627 codex:
2034 568 2144 635 τῆς
2186 583 2256 624 τε
2297 561 2425 640 γὰρ
2464 560 2649 639 ὀργῆς
2698 557 2889 624 αὐτὸν

495 667 918 755 (Augustum)
981 666 1252 747 παρέλυε
1314 666 1419 731 καὶ
1482 667 1542 736 ἐς
1603 667 1674 730 τὸ
1738 667 2063 747 ἠπιώτερον
2125 668 2385 743 μεθίστη
2450 665 2887 752 (macconem

492 781 804 843 corrector
862 777 1131 840 inseruit
1194 775 1290 838 ἀεὶ
1353 773 1522 860 quod
1568 778 1712 858 post
1758 772 1946 837 αὐτὸν
1990 776 2371 859 requiritur,
2420 779 2486 840 et
2530 772 2786 839 ibidem
2834 791 2889 835 c.

493 881 578 948 21
601 927 620 961 ,
683 881 725 950 2
787 879 864 947 ἂν
924 880 1306 967 particulam
1369 901 1530 965 quae
1590 881 1822 945 vitiosa
1885 881 2100 946 aberat
2154 881 2221 944 in
2269 881 2480 947 verbis
2522 878 2708 958 μέγα
2758 876 2891 956 γὰρ

493 983 562 1061 ἦν
609 985 686 1053 ἂν
732 988 994 1066 ἀγαθόν.
1061 986 1260 1054 Recte
1306 1006 1554 1072 quoque
1600 988 1671 1052 in
1716 985 1937 1051 eodem
1984 984 2150 1052 libro
2196 1007 2251 1051 c.
2302 985 2424 1061 24,
2477 985 2519 1050 2
2566 981 2603 1050 δ’
2636 1009 2711 1050 τε
2756 983 2887 1062 γὰρ

493 1093 698 1174 Νέρων
743 1093 813 1158 τὸ
859 1100 1090 1174 πρῶτον
1112 1141 1311 1159 .....
1362 1094 1465 1158 καὶ
1525 1093 1554 1158 ὃ
1618 1091 1885 1170 Γάλβας
1949 1093 2021 1158 τό
2082 1116 2153 1158 τε
2215 1099 2443 1172 πρῶτον
2502 1093 2574 1160 τὸ
2634 1092 2887 1157 ἐπικου-

486 1199 646 1282 ρικὸν
691 1200 760 1265 τὸ
811 1200 872 1264 ἐν
919 1201 1222 1283 Παννονίᾳ
1267 1209 1344 1282 τῇ
1396 1199 1564 1265 κάτω
1613 1198 1720 1264 καὶ
1768 1198 1838 1263 τὸ
1887 1195 2147 1277 ἕβδομον
2196 1201 2265 1266 τὸ
2314 1199 2375 1264 ἐν
2422 1197 2665 1282 Ἰβηρίᾳ
2710 1194 2889 1262 συνέ-

489 1305 692 1383 ταξαν
756 1305 862 1393 (de
918 1306 1282 1393 legionibus
1339 1326 1547 1372 sermo
1613 1305 1735 1391 est)
1749 1351 1766 1383 ‚
1817 1308 1959 1390 post
2006 1306 2076 1371 τὸ
2124 1302 2386 1383 ἕβδομον
2432 1304 2767 1391 supplevit
2814 1301 2884 1366 τὸ

491 1411 770 1496 δίδυμον,
834 1411 1004 1496 quod
1057 1412 1295 1477 iniuria
1340 1417 1716 1496 spreverunt
1762 1410 2067 1490 editores,
2114 1432 2265 1477 nam
2311 1410 2633 1499 legionem
2682 1408 2883 1496 septi-

490 1539 698 1595 mam,
750 1517 830 1593 ab
876 1519 1257 1604 imperatore
1309 1515 1517 1585 Galba
1562 1519 1632 1582 in
1679 1516 1991 1604 Hispania
2038 1520 2461 1605 conscriptam
2480 1565 2497 1596 ‚
2545 1520 2879 1607 geminam

491 1624 1007 1712 cognominatam
1067 1623 1264 1690 fuisse
1324 1630 1551 1690 notum
1616 1627 1734 1690 est.
1823 1621 2005 1705 Quod
2068 1630 2285 1690 autem
2353 1624 2491 1690 dixi
2565 1627 2735 1692 viam
2798 1620 2879 1687 ad

490 1752 708 1797 veram
769 1729 1108 1796 lectionem
1169 1730 1683 1818 investigandam
1703 1779 1722 1816 ,
1785 1729 2101 1816 adscripta
2160 1731 2433 1798 lectione
2492 1733 2873 1802 vetustiore.

491 1839 905 1904 correctorem
943 1835 1263 1903 interdum
1309 1841 1692 1902 monstrasse
1712 1883 1729 1915 ‚
1768 1837 1888 1902 hoc
1922 1857 2172 1922 quoque
2211 1856 2340 1903 uno
2362 1836 2643 1904 alterove
2664 1856 2872 1903 exem-

491 1942 598 2030 plo
648 1943 973 2010 ostendere
1019 1943 1220 2010 iuvat.
1293 1941 1368 2008 L.
1419 1942 1504 2009 52
1525 1991 1540 2017 ,
1590 1942 1678 2008 34
1696 1990 1713 2022 ‚
1761 1942 1803 2009 2
1850 1943 2075 2010 Liviae
2118 1943 2309 2012 verba
2346 1945 2427 2010 ad
2466 1946 2869 2032 Augustum:

492 2048 772 2131 καθάπερ
834 2049 961 2128 γὰρ
1013 2049 1073 2114 ἔν
1134 2072 1252 2115 τινι
1298 2056 1409 2124 τῆς
1458 2048 1604 2125 ὂλῆς
1654 2048 1999 2127 οἰκουμένης
2047 2048 2275 2131 θεάτρῳ
2324 2048 2478 2130 ζήσῃ
2522 2051 2589 2115 in
2635 2048 2869 2114 Veneto

495 2155 834 2222 traduntur
892 2153 1170 2236 καθάπερ
1215 2155 1343 2236 γὰρ
1392 2154 1478 2221 ἑνί
1524 2178 1640 2221 τινι
1687 2178 1745 2220 ιι.
1770 2179 1830 2220 τ.
1856 2171 1922 2221 Α.
1992 2155 2262 2222 Addidit
2310 2154 2422 2221 ille
2468 2155 2635 2222 inter
2677 2153 2873 2220 lineae

494 2261 589 2345 ἐν,
651 2259 930 2338 καθάπερ
986 2261 1114 2340 γὰρ
1174 2261 1235 2324 ἐν
1297 2260 1385 2327 ἑνί
1445 2284 1601 2346 τινι,
1663 2262 1828 2345 quod
1895 2261 1965 2327 in
2007 2261 2301 2348 margine
2346 2263 2449 2327 sui
2496 2259 2869 2347 exemplaris

490 2367 854 2451 invenerat,
901 2386 1016 2432 nec
1062 2374 1278 2432 tamen
1324 2387 1448 2432 non
1495 2367 1904 2433 inserendum
1950 2367 2060 2433 sed
2106 2371 2174 2432 in
2214 2366 2429 2434 locum
2468 2366 2763 2435 vocabuli
2786 2365 2876 2431 ἐνί

489 2473 1006 2540 substituendum
1055 2495 1190 2540 esse
1230 2472 1657 2541 intellexerat.
1728 2473 2025 2540 Eundem
2070 2477 2138 2539 in
2179 2474 2444 2541 modum
2483 2473 2560 2541 L.
2604 2473 2717 2551 56,
2762 2469 2865 2549 1¹7,

491 2580 532 2647 3
579 2584 662 2663 τῷ
713 2581 960 2663 Δρούσῳ
1007 2618 1093 2631 --
1142 2580 1391 2646 ἐπειδὰν
1437 2582 1751 2662 ταμιεύσῃ
1799 2578 2051 2659 γνώμην
2102 2582 2274 2661 παρὰ
2322 2589 2439 2647 τῶν
2486 2584 2865 2662 ἐστρατηγη-

489 2687 679 2755 κότων
741 2688 1041 2753 ποιεῖσθαι
1103 2687 1418 2768 ἐψηφίσθη
1440 2736 1458 2771 ,
1516 2704 1631 2772 pro
1692 2686 1864 2766 παρὰ
1925 2689 1994 2752 in
2056 2687 2347 2775 margine
2407 2688 2553 2769 πρὸς
2622 2685 2869 2773 scripsit

488 2814 638 2861 cum
685 2795 797 2873 πρὸ
847 2794 1118 2861 scribere
1165 2793 1510 2860 debuisset.

579 2900 697 2969 V-el
759 2901 836 2968 ad
899 2900 1363 2965 minutissimas
1429 2919 1528 2965 res
1590 2899 1659 2964 in
1722 2900 1842 2965 hoc
1899 2902 2445 2986 praestantissimo
2502 2901 2713 2968 codice
2729 2950 2747 2986 ,
2794 2903 2870 2964 ut

489 3008 558 3072 in
620 3005 905 3073 Mediceo
967 3016 1022 3071 A
1080 3025 1362 3090 quoque,
1433 3004 1726 3071 animum
1797 3004 2259 3072 advertendum
2323 3027 2459 3073 esse
2506 3010 2723 3092 paucis
2764 3005 2865 3071 de-

489 3113 872 3177 monstrabo.
950 3110 1024 3176 L.
1091 3111 1214 3189 45,
1272 3109 1399 3195 28,
1464 3111 1504 3175 3
1566 3112 1761 3178 verba
1822 3112 2053 3196 quibus
2113 3109 2333 3180 Cicero
2395 3114 2461 3177 in
2519 3115 2871 3179 Antonium

487 3217 848 3283 invehitur:
916 3217 980 3280 τί
1033 3217 1086 3282 δ’
1149 3214 1239 3285 ὅτι
1302 3218 1412 3293 τὴν
1474 3220 1581 3282 τοῦ
1647 3218 1969 3293 Πομπηίου
2038 3219 2251 3284 οὖσίοιν
2316 3217 2495 3297 μόνος
2560 3219 2873 3299 inope-‘mm

487 3322 799 3403 ὦγοροὶσαι
861 3323 1204 3404 ἐτόλμησε,
1265 3326 1429 3401 μήτε
1493 3322 1563 3387 τὸ
1631 3324 1852 3389 ἑαυτοῦ
1924 3322 2178 3402 ἆξίωμα
2244 3326 2409 3401 μήτε
2472 3326 2585 3399 τὴν
2652 3326 2875 3389 ἐκείνου

483 3430 734 3507 μνήμην
791 3429 1124 3506 αἰδεσθείς,
1183 3428 1333 3495 ἁλλ’
1396 3430 1497 3511 ἐφ’
1565 3424 1651 3501 οἷς
1713 3429 1948 3502 πάντες
2008 3428 2097 3495 ἔτι
2165 3430 2269 3496 καὶ
2330 3429 2475 3495 τότε
2524 3432 2877 3509 ἐθρηνοῦμεν

484 3540 696 3601 ταῦτα
735 3534 876 3613 μεθ’
920 3536 1124 3611 ἡδονῆς
1166 3532 1495 3613 &proteram
1539 3534 1778 3601 vitium
1821 3535 1989 3601 alere
2029 3556 2216 3603 nemo
2256 3544 2505 3621 praeter
2526 3536 2873 3604 Reiskium

485 3641 684 3725 vidit,
744 3643 856 3726 qui
917 3639 1332 3726 probabiliter
1397 3640 1502 3720 ἐφ’
1565 3634 1649 3712 οἷς
1716 3639 1949 3715 πάντες
2004 3639 2092 3707 ἔτι
2144 3642 2247 3707 καὶ
2298 3646 2401 3708 νῦν
2446 3644 2523 3714 ὥς
2574 3641 2681 3708 καὶ
2728 3638 2875 3706 τότε

484 3746 773 3813 coniecit.
843 3746 1106 3813 Reiskio
1166 3767 1355 3812 nemo
1409 3747 1911 3832 obtemperavit,
1978 3747 2089 3813 sed
2149 3746 2286 3833 ipse
2332 3747 2532 3815 codex
2574 3746 2873 3815 lacunam

483 3853 724 3918 indicat
769 3852 984 3917 addito
1033 3852 1101 3916 in
1149 3851 1440 3938 margine
1489 3851 1674 3939 signo
1727 3861 1833 3926 Cn.

575 3958 651 4023 L.
696 3958 810 4032 4¹7,
863 3956 904 4021 6
924 4008 940 4033 ,
990 3956 1031 4023 3
1076 3958 1145 4023 in
1190 3964 1461 4042 utroque
1508 3958 1721 4023 codice
1768 3956 2011 4045 legitur
2058 3958 2284 4037 ἀμέλει
2330 3962 2417 4040 τῷ
2458 3982 2529 4023 τε
2572 3956 2871 4039 Ἀντωνίῳ

489 4064 595 4131 καὶ
644 4066 672 4127 ὁ
721 4064 871 4135 θεῖος
920 4063 1172 4134 Λούκιος
1223 4064 1533 4137 Ἀντώνιος
1587 4072 1827 4147 Καῖσαρ
1877 4064 1985 4131 καί
2032 4067 2118 4147 τῷ
2168 4066 2419 4147 Λεπίδῳ
2468 4065 2573 4130 καὶ
2626 4067 2655 4131 ὅ
2695 4064 2871 4131 ἀδελ·

488 4171 608 4248 φὸς
672 4169 924 4243 Λούκιος
991 4175 1240 4244 Παῦλος
1304 4170 1815 4249 ἐπεπολέμωντο,
1872 4172 2076 4258 quod,
2125 4182 2443 4259 expuncto
2489 4171 2871 4239 emblemate

489 4274 836 4345 Ἀντώνιος·
870 4295 905 4340 e
965 4275 1364 4361 praecedenti
1427 4276 1728 4357 Ἀντωνίῳ
1790 4283 1978 4357 nato,
2043 4278 2172 4344 iam
2236 4279 2482 4345 dudum
2528 4279 2655 4345 viri
2703 4276 2865 4345 docti

485 4395 787 4450 sanarunt
801 4402 820 4461 ;
863 4380 1076 4448 locum
1117 4382 1402 4451 laborare
1441 4388 1709 4468 uterque
1747 4383 1943 4451 codex
1981 4383 2205 4453 eodem
2245 4384 2363 4459 illo
2406 4387 2589 4473 signo
2630 4382 2863 4453 ostendi
