3150 5000
558 211 695 277 296
1434 273 1445 286 ,
1590 227 1923 277 aummvs

557 397 737 482 gitur
806 395 1115 472 „anulum
1168 447 1183 462 .
1214 442 1226 457 .
1258 445 1273 460 .
1324 393 1724 461 initiatum.’'
1796 394 1992 460 Porro
2051 393 2232 460 nullo
2293 394 2482 463 modo
2543 394 2676 460 fero
2727 416 2775 480 p
2791 417 2826 458 r
2839 415 2874 460 a
2888 416 2948 460 e·

558 521 589 567 s
605 502 816 566 citio
832 523 872 564 n
891 521 935 565 u
952 522 1043 566 m.
1094 501 1237 566 Non
1280 507 1454 568 extat
1490 521 1616 566 uox
1655 522 1696 585 p
1713 519 1938 566 raesc
1956 501 1980 564 i
2000 502 2064 564 ti
2081 519 2152 566 o.·
2187 500 2533 566 Ammiano
2556 501 2948 566 reddendum

558 613 655 672 est
699 627 740 692 p
759 609 1230 695 rassagitio
1249 630 1288 673 n
1308 627 1454 672 um.
1504 603 1604 672 Cf.
1645 602 1774 672 Gic.
1819 607 1897 671 de
1937 605 2080 671 Diu.
2135 603 2183 670 Ῑ.
2233 603 2317 670 66
2360 611 2425 671 et
2469 605 2619 671 123.
2663 603 2948 673 Cassiod.

559 711 705 779 Ver.
760 711 863 778 12.
916 711 1023 779 19.
1079 750 1161 763 —-
1544 757 1559 772 .

648 818 703 883 P
719 840 750 884 r
767 839 802 884 a
820 840 853 885 e
870 839 901 884 s
917 840 954 884 a
970 841 1017 907 g
1032 819 1055 883 i
1068 821 1133 884 ti
1152 839 1188 884 o
1203 841 1241 884 n
1260 839 1295 884 e
1313 839 1343 884 s
1404 818 1749 907 legendum
1816 839 2066 904 quoque
2128 819 2387 885 uidetur
2451 817 2688 884 XVIII.
2763 819 2829 884 4.
2883 817 2946 893 1,

558 926 671 991 nbi
732 946 839 991 rex
902 923 1243 992 Persarum
1305 931 1599 992 narratur
1664 946 1746 1011 „p
1765 946 1795 988 r
1813 946 1851 991 a
1866 945 1900 991 e
1913 946 1943 989 s
1962 928 2029 990 ti
2046 946 2082 991 o
2098 948 2140 989 n
2157 946 2192 991 e
2209 946 2238 990 s
2287 945 2506 990 omnes
2553 924 2952 992 consuluisse

558 1032 637 1097 de
686 1030 971 1110 futuris'',
1020 1037 1096 1098 ut
1142 1038 1238 1098 est
1282 1034 1349 1098 in
1400 1031 1480 1097 V.
1501 1052 1517 1109 ;
1579 1030 1944 1099 Gronouius
1989 1031 2166 1097 dedit
2211 1053 2254 1117 p
2269 1051 2349 1097 ra
2366 1051 2400 1097 e
2417 1053 2448 1096 s
2465 1051 2499 1097 c
2515 1034 2539 1096 i
2555 1052 2593 1097 o
2609 1054 2654 1096 n
2668 1051 2706 1098 e
2723 1051 2759 1096 s
2775 1080 2796 1116 ,
2847 1050 2953 1096 no-

557 1159 715 1204 uum
762 1139 1236 1204 substantiuum
1259 1189 1278 1225 ,
1324 1138 1494 1224 quod
1542 1141 1679 1204 sine
1726 1137 2019 1223 exemplo
2066 1143 2180 1203 est.

524 1426 533 1436 ι
648 1382 707 1448 1.
756 1381 863 1448 43.
916 1379 1353 1460 „Constrictus
1400 1383 1595 1448 etiam
1645 1381 1962 1469 Diogenes
2011 1381 2256 1467 laqueis
2317 1383 2558 1467 impiae
2605 1379 2954 1456 falsitatis,

555 1491 657 1553 uir
701 1487 901 1553 nobili
946 1489 1237 1573 prosapia
1283 1487 1528 1565 editus,
1575 1491 1833 1575 ingenio
1881 1488 2174 1554 facundia
2219 1487 2552 1554 forensi
2599 1490 2956 1554 suauitate-

555 1615 678 1680 que
725 1599 1059 1680 praestans.
1074 1594 1112 1623 ”

647 1702 998 1768 Forensi
1058 1701 1233 1768 dedit
1294 1699 1622 1768 Gelenius.
1687 1699 1759 1767 In
1809 1700 1886 1767 V.
1935 1708 2030 1768 est
2075 1702 2352 1768 fortis.
2425 1700 2814 1788 Legendum
2867 1705 2958 1764 est

559 1809 897 1886 „facundia
943 1806 1194 1874 oris.”.

646 2037 710 2103 2.
761 2036 819 2102 3.
899 2033 1255 2113 „Indefensi
1318 2035 1498 2100 bonis
1560 2033 1827 2112 amatia,
1891 2032 2069 2099 nullo
2133 2035 2408 2100 contacti
2471 2034 2750 2117 delicto,
2819 2053 2957 2120 pro·

556 2144 752 2209 misce
820 2144 1085 2207 iuuenes
1154 2140 1430 2226 aliiqu
1449 2161 1482 2205 e
1551 2141 1861 2207 membris
1925 2141 2220 2206 omnibus
2285 2143 2456 2225 capti
2503 2140 2583 2205 ad
2630 2137 2956 2226 supplicia

556 2247 730 2314 sellis
776 2248 1142 2336 gestatoriis
1188 2245 1649 2311 ducebantur.”

648 2352 908 2422 Conicio
958 2357 1263 2432 „iuuenes
1313 2354 1594 2426 <inu>a
1609 2351 1635 2417 1
1653 2353 1676 2417 i
1695 2352 1734 2417 d
1750 2355 1775 2417 i
1792 2373 1831 2438 q
1851 2375 1893 2418 u
1911 2352 2013 2418 e.''

646 2575 709 2640 2.
763 2575 868 2641 11.
922 2572 1255 2660 „Cumque
1302 2574 1555 2640 nodosis
1596 2576 2092 2641 coartationibus
2129 2576 2448 2659 aequitate
2487 2573 2598 2638 diu
2647 2576 2726 2639 ia
2739 2596 2774 2640 c
2787 2580 2816 2639 t
2829 2578 2952 2639 ata

552 2690 617 2751 et
684 2707 725 2748 n
744 2682 871 2749 exi
894 2684 929 2747 b
944 2681 1010 2747 il
1030 2684 1049 2745 ἰ
1118 2681 1593 2749 adseueratione
1656 2681 1890 2767 perditi
1951 2680 2284 2747 nebulonis
2343 2679 2608 2745 durante
2627 2726 2642 2755 ‚
2698 2678 2948 2745 nullam

552 2790 1005 2856 confessionem
1054 2788 1407 2871 exprimere
1455 2792 1773 2852 tormenta
1816 2788 2045 2874 grauia
2093 2785 2512 2871 potuissent”,
2561 2792 2718 2852 cett.

643 2895 767 2961 Pro
812 2898 837 2960 i
856 2916 893 2960 a
909 2916 941 2960 c
962 2902 986 2959 t
1005 2914 1040 2959 a
1058 2900 1086 2957 t
1100 2914 1138 2959 a
1184 2891 1592 2977 praetulerim
1640 2892 1666 2957 1
1683 2912 1720 2957 a
1737 2914 1776 2978 q
1789 2915 1831 2958 u
1848 2914 1881 2959 e
1897 2912 1934 2957 a
1954 2900 2047 2958 ta.
2096 2892 2239 2958 Non
2279 2883 2487 2959 exstat
2528 2912 2714 2977 porro
2739 2892 2951 2959 adiec-

552 3003 765 3067 tiuum
812 3001 1003 3066 nexi
1024 2998 1251 3066 bilis.
1302 2996 1570 3085 Scripsit
1618 3002 1695 3065 A.
1746 2999 1965 3064 infle
1989 2997 2275 3063 xibili.

642 3220 704 3288 2.
758 3220 861 3287 15.
932 3218 1280 3304 Postquam
1345 3221 1631 3284 narrauit
1693 3219 2028 3284 honoratos
2090 3218 2449 3305 complures
2473 3266 2490 3297 ‚
2553 3220 2724 3285 inter
2791 3240 2944 3306 quos

550 3336 617 3395 et
661 3326 1049 3403 consulares,
1098 3322 1385 3390 Valentis
1432 3326 1612 3390 iussu
1648 3327 2060 3411 praecessisse
2102 3326 2293 3391 funus
2315 3324 2681 3405 Heliodori‚
2719 3327 2942 3394 nefarii

550 3434 858 3508 hominis,
932 3432 1022 3496 sic
1091 3432 1334 3519 pergit:
1390 3431 1644 3514 „horret
1690 3451 1857 3496 nunc
1905 3434 2231 3498 reminisci
2273 3452 2398 3518 quo
2441 3432 2782 3501 iustitio
2829 3435 2940 3499 hu·

550 3537 821 3603 militati
868 3542 963 3602 tot
1009 3557 1223 3601 rerum
1274 3538 1481 3621 apices
1530 3537 1970 3602 uisebantur.”

645 3641 1105 3731 Corrigendum
1156 3650 1253 3708 est
1300 3664 1443 3729 qua
1488 3643 1854 3708 tristitia.
1904 3642 2147 3732 Magna
2194 3646 2462 3711 tristitia
2506 3645 2803 3713 homines
2847 3645 2940 3713 af-

550 3749 944 3826 ficiebantur,
992 3769 1137 3815 eum
1188 3754 1285 3815 tot
1331 3748 1575 3816 nobiles
1624 3749 1912 3815 homines
1958 3750 2366 3816 humilitatos
2412 3751 2729 3817 uiderent.

646 3983 710 4051 2.
757 3981 866 4048 22.
919 3982 1187 4059 „Festus
1233 3982 1676 4048 administrata
1723 3979 1910 4068 Syria
1956 3967 2455 4071 magisterioque
2501 4003 2760 4049 morum
2810 4003 2938 4070 per-

554 4097 723 4169 acto,
773 4091 935 4155 bona
978 4088 1353 4153 lenitudinis
1399 4094 1464 4154 et
1508 4089 1921 4154 ruerentia
1967 4088 2229 4173 reliquit
2275 4087 2628 4173 exempla.”

645 4196 907 4285 Con-rige
956 4195 1159 4273 „bona
1205 4194 1579 4261 lenitudinis
1627 4200 1692 4261 et
1739 4194 2201 4260 clementiae
2247 4216 2298 4259 r.
2348 4190 2704 4281 exempls.'’
