3150 5000
1285 284 1607 335 nonanus.
2502 264 2633 331 419

352 445 592 513 Formis
649 450 856 536 igitur
916 449 1124 519 dualis
1187 454 1438 516 numeri
1486 449 1668 529 ἄμμε
1720 449 1894 527 ὔμμε
1940 449 2110 536 apud
2154 448 2514 515 Homerum
2564 451 2633 515 in

268 550 489 637 plurali
546 575 809 623 numero
869 558 1246 645 respondent
1305 559 1691 625 nominativi
1752 553 1966 635 ἄμμες
2029 562 2095 622 et
2156 554 2363 635 ὔμμες
2381 606 2401 640 ,
2447 555 2635 643 plane

265 666 335 723 ut
379 658 548 739 ἄνδρε
593 661 868 728 dicimus
913 664 991 730 de
1037 664 1315 744 duobus,
1365 663 1573 745 ἄνδρες
1623 664 1701 731 de
1738 663 2052 749 pluribus.
2101 662 2284 743 Quod
2321 684 2443 748 quo
2480 666 2636 729 sim-

261 764 483 851 plicius
529 772 593 833 et
638 776 970 857 perspectu
1017 770 1272 837 facilius
1288 818 1306 850 ‚
1355 792 1428 838 eo
1475 768 1869 859 probabilius
1915 776 2012 839 est
2056 758 2423 837 dicendum.

813 1017 852 1101 ἓ
891 1013 960 1082 2.
1025 1020 1124 1081 De
1166 1017 1492 1083 accusativo·
1519 1018 1795 1101 pluralis
1828 1018 2073 1104 sormi-9.

275 1259 288 1272 ·
340 1228 624 1298 Homero
668 1231 868 1320 vulgo
913 1232 1288 1299 tribuuntur
1329 1234 1450 1300 hae
1494 1234 1767 1300 formaet

685 1337 920 1417 ἡμέας,
972 1338 1165 1417 ὑμέας
1192 1389 1209 1417 ,
1260 1338 1462 1420 σφέας
1483 1390 1499 1417 ,

253 1443 374 1507 nisi
417 1444 588 1529 quod
633 1444 832 1511 semel
875 1448 1226 1531 reperimus
1272 1444 1438 1524 ἧμας
1487 1470 1538 1511 σι·
1586 1444 1717 1511 372
1765 1442 1957 1529 (ἧμας
2004 1444 2385 1528 ὑπεκφύγοι)
2416 1442 2493 1529 ¹),
2538 1464 2637 1509 se-

253 1548 382 1614 mel
425 1544 601 1629 σφῖις
649 1559 699 1616 Ε
753 1550 882 1616 567
930 1552 1130 1637 (σφας
1180 1553 1636 1637 αποσφήλειε);
1682 1552 1800 1618 hoc
1848 1558 2063 1617 tamen
2111 1553 2306 1615 etiam
2354 1550 2395 1632 ζ
2430 1548 2471 1613 6
2520 1568 2635 1634 po-

252 1660 376 1721 test
434 1656 687 1735 reduci,
749 1660 806 1722 si
865 1678 978 1744 pro
1039 1668 1242 1749 omega,-
1303 1658 1638 1724 σινέσκοντο
1702 1658 1982 1746 legimus
2044 1666 2216 1736 σφας
2270 1656 2636 1721 &tuamve

252 1762 776 1849 (ΕΛΣ-ΛΣΕ),
826 1764 1042 1831 addito
1088 1786 1212 1851 quo
1261 1785 1448 1853 aegre
1498 1785 1788 1830 caremus
1836 1768 2198 1851 augmento.

338 1865 796 1959 Compluribus
839 1878 1056 1937 autem
1104 1870 1259 1937 locis
1303 1871 1546 1937 formae
1593 1872 1792 1947 ἡμέας
1843 1870 2041 1948 ὑμέας
2088 1868 2293 1950 σφέας
2332 1867 2638 1955 leguntur

251 1981 397 2041 ante
441 1974 701 2041 literam
749 1976 1035 2044 vocalem
1080 1980 1176 2044 ita
1220 1977 1562 2044 collocatae
1602 1986 1676 2043 ut
1713 1976 1999 2064 syllabae
2040 1999 2183 2049 -εας
2222 1976 2431 2040 thesin
2456 1974 2637 2059 pedis

247 2080 548 2147 efficiant.
597 2080 944 2168 Utramque
987 2086 1194 2171 igitur
1230 2083 1544 2171 syllabam
1571 2102 1707 2149 esse
1730 2082 2187 2149 enunciandam
2213 2092 2277 2146 et
2302 2086 2638 2166 utramque

247 2187 512 2257 brevem
572 2210 708 2255 esse
765 2197 972 2276 patet,
1035 2212 1239 2276 neque
1285 2194 1626 2277 quisquam
1671 2188 1868 2256 semel
1916 2190 2279 2255 admonitus
2329 2188 2407 2252 de
2450 2206 2525 2251 ea
2567 2207 2635 2252 re

249 2293 597 2361 dubitabit.
666 2295 864 2363 Locos
911 2298 1239 2364 indicabo:

339 2400 547 2480 ἡμέας
595 2403 822 2489 (Luc)
869 2403 1111 2492 legitur
1160 2414 1213 2470 Θ
1267 2402 1436 2482 529,
1485 2413 1538 2468 Κ
1577 2401 1750 2487 211,
1800 2414 1861 2469 Λ
1905 2400 2071 2479 695,
2122 2408 2179 2466 0
2224 2397 2387 2477 136,
2436 2396 2637 2477 β86,

433 2508 604 2588 244,
655 2511 689 2576 δ
735 2508 904 2588 294,
955 2535 1006 2576 π·
1051 2509 1219 2591 381,
1266 2536 1306 2576 τ
1353 2509 1524 2596 384,
1569 2534 1624 2592 χ
1672 2509 1843 2595 264,
1888 2515 1943 2589 ψ
1995 2508 2164 2594 138,
2207 2506 2362 2574 224.

340 2614 544 2693 ὑμέας
589 2616 817 2703 (Lo-2)
863 2617 915 2695 β
961 2617 1069 2684 75.

339 2721 551 2802 σφέας
600 2722 763 2810 (νυ)
810 2731 871 2789 Ν
925 2722 1082 2802 152,
1140 2735 1183 2790 Ρ
1224 2723 1396 2810 278,
1443 2751 1476 2801 n
1519 2724 1645 2804 40,
1692 2746 1745 2802 μ
1785 2721 1911 2807 40,
1961 2720 2129 2801 225,
2185 2745 2237 2786 π·
2274 2717 2636 2799 228,4“75,

435 2855 467 2911 ρ
515 2825 683 2907 261,
733 2853 767 2894 υ
821 2829 985 2910 188,
1029 2854 1083 2912 χ
1129 2829 1298 2910 415,
1346 2839 1398 2912 ψ
1450 2829 1567 2910 66,
1620 2855 1663 2895 ω
1712 2829 1800 2896 43
1851 2880 1865 2895 .
1942 2831 1969 2900 ‚²

339 2936 474 3003 Sed
534 2956 659 3002 non
722 2939 938 3002 minus
998 2937 1356 3023 frequenter
1416 2938 1657 3005 formae
1719 2935 1918 3015 ἡμέας
1968 2935 2164 3010 ὑμέας
2214 2934 2419 3014 σφέας
2464 2954 2640 3020 repe-

243 3044 510 3108 riuntur
571 3049 871 3126 sequente
933 3041 1121 3108 litera
1181 3063 1450 3110 consona
1467 3093 1486 3126 ,
1545 3046 1639 3108 ita
1685 3052 1759 3108 ut
1806 3062 1918 3128 per
1962 3043 2279 3130 synizesin
2323 3043 2453 3106 sint
2499 3060 2640 3126 pro-

241 3147 666 3215 nunciandae.
738 3151 940 3235 Atqui
1001 3151 1304 3239 synizesis
1367 3156 1431 3216 et
1491 3151 1837 3216 contractio
1882 3150 2139 3214 nomine
2187 3149 2400 3234 magis
2446 3167 2638 3232 quam

242 3277 314 3322 re
353 3253 694 3339 differunt,
735 3262 799 3322 et
835 3261 1173 3342 utramque
1220 3259 1426 3344 igitur
1471 3260 1539 3322 in
1586 3255 1869 3323 Homero
1915 3274 2043 3321 non
2086 3256 2210 3320 nisi
2255 3252 2641 3320 reluctanter

244 3363 665 3429 admittimus
681 3382 697 3438 ;
762 3368 947 3446 poeta
1013 3366 1185 3428 enim
1241 3366 1308 3428 in
1371 3367 1453 3429 iis
1514 3363 1781 3430 demum
1827 3359 2155 3428 vocabulis
2199 3361 2280 3425 ad
2326 3361 2642 3446 synizesin

245 3469 595 3556 confugere
633 3467 828 3547 solet,
876 3477 941 3533 et
988 3488 1103 3534 suo
1149 3469 1428 3556 profecto
1476 3472 1617 3536 iure
1664 3467 1957 3556 confugit
1976 3515 1992 3546 ,
2040 3487 2199 3552 quae
2247 3472 2454 3531 metro
2499 3465 2641 3530 dao-

243 3575 455 3662 tylico
495 3573 782 3662 alioquin
818 3577 1010 3640 inseri
1045 3597 1167 3642 non
1205 3583 1480 3662 possent.
1526 3577 1601 3642 Id
1624 3595 1776 3642 vero
1796 3595 1921 3642 non
1945 3573 2118 3642 valet
2142 3574 2219 3640 de
2241 3573 2463 3639 formis
2486 3591 2643 3658 quas

244 3687 606 3749 tractamus
624 3730 643 3764 ,
690 3687 754 3746 et
803 3701 1028 3766 parum
1075 3685 1278 3770 igitur
1324 3681 1649 3767 probabile
1688 3687 1785 3747 est
1810 3701 1914 3747 eas
1940 3699 2222 3765 unquam
2247 3683 2642 3766 repugnante

242 3793 460 3853 metro
505 3786 702 3852 fuisse
751 3785 1070 3852 adhibitas
1087 3834 1102 3863 ,
1157 3809 1305 3852 cum
1345 3790 1621 3874 aptiores
1664 3789 1904 3854 formae
1944 3791 2149 3853 essent
2192 3786 2258 3850 in
2296 3807 2417 3850 usu
2443 3783 2641 3863 ἧμας,

247 3889 554 3972 <dae-4>
572 3942 589 3977 ,
638 3885 834 3973 σφᾶς.
884 3891 1059 3972 Quae
1107 3896 1164 3959 si
1205 3914 1521 3980 nusquam
1561 3899 2031 3979 comparerent,
2076 3897 2219 3958 tuto
2242 3898 2457 3958 tamen
2484 3889 2644 3978 fingi

321 4169 377 4234 1)
410 4166 544 4217 Libri
572 4169 714 4219 MSS.
748 4167 960 4218 stultos
933 4183 1097 4218 errore
1130 4167 1325 4229 ἧμᾶςν
1327 4169 1372 4219 el
1410 4167 1544 4232 ὑμᾶς
1575 4168 1799 4220 exhibent
1831 4169 2076 4236 plerique,
2110 4183 2259 4234 pravo
2293 4170 2487 4218 accentu
2498 4183 2643 4232 ‚uqo

247 4251 513 4302 metrumi
497 4251 754 4316 mam-gult.
717 4251 904 4300 ruNa
903 4250 1039 4300 ckius
1073 4247 1216 4312 ἄμμε
1248 4251 1424 4312 edidit,
1463 4251 1588 4302 murel
1621 4255 1810 4310 tamem
1845 4267 1959 4301 nam
1992 4266 2082 4317 pro
2051 4249 2291 4310 o‚forma
2327 4250 2643 4315 quamunin-

243 4333 1172 4394 dmmeoeedmmnetrareconbor
1207 4331 1455 4385 substituit
1488 4335 1636 4385 lm
1673 4333 1857 4384 abhoc
1891 4333 1995 4384 loco
2033 4333 2264 4392 alie,nam
2302 4333 2503 4386 cumde
2536 4332 2643 4397 plu-

248 4416 388 4467 ribus
425 4415 650 4484 loquatur
683 4419 842 4482 poeta.
