3150 5000
1194 294 1565 344 ansronffl.
2453 277 2584 344 313

290 456 400 524 89.
467 458 609 524 kuic
666 465 735 522 ut
795 459 1042 524 Mucius
1099 459 1231 524 ille.
1292 459 1369 524 P.
1435 478 1547 545 pro
1593 465 1662 524 ut
1708 461 1981 526 coniecit
2026 460 2139 527 ita.
2192 460 2280 526 Ut
2326 461 2433 527 hic
2478 461 2583 528 illi

194 565 358 630 foret
404 563 731 632 Gracchus
749 611 766 643 ‚
816 567 911 630 ita
955 565 1069 631 ille
1113 565 1291 664 huic*
1313 566 1475 631 foret
1521 565 1802 631 Mucius.

286 669 397 736 96.
445 671 595 757 quid
623 672 819 757 ferat.
867 670 1033 756 quod
1080 674 1441 756 praemium
1488 672 1638 738 inde
1681 679 1950 758 uterque
1997 673 2266 739 auferat.
2335 673 2582 739 Neuter

192 777 473 845 alterum
532 777 966 864 reprehendit;
1028 798 1179 844 nam
1226 797 1445 844 rursus
1489 787 1556 844 et
1601 781 1737 864 ipse
1782 779 2360 865 reprehenderetur.
2409 780 2582 869 Ergo

192 883 538 950 laudamus
583 905 695 950 nos
740 885 1036 950 invicem.

290 989 443 1056 127.
504 989 664 1055 Dum
728 1011 854 1054 mea
898 991 1185 1055 delectent
1230 991 1391 1054 mala
1435 1013 1541 1056 me.
1592 990 1666 1057 L.
1714 992 1855 1055 dum
1901 992 2062 1056 mala
2111 993 2400 1058 delectent
2451 1017 2578 1060 mea

192 1121 315 1175 me,
370 1095 475 1163 vel
520 1097 680 1160 Dum
726 1119 854 1161 mea
898 1119 987 1161 me
1031 1097 1193 1161 mala
1235 1097 1541 1162 delectent.

290 1201 444 1269 176.
512 1203 817 1267 haeredem
860 1203 1134 1268 alterius.
1197 1201 1525 1268 Bentleius
1572 1203 1828 1269 alternis
1872 1224 1996 1270 non
2046 1209 2234 1272 recte.
2281 1205 2451 1272 Nam
2492 1209 2584 1272 sic

192 1310 370 1375 unda
414 1309 666 1375 rediret.
721 1307 911 1374 Recte
956 1307 1273 1376 Gesnerus
1316 1310 1551 1395 (‚,quae
1588 1309 1760 1375 unda
1797 1310 2040 1375 undam
2077 1313 2304 1394 trusit,
2345 1333 2420 1378 ea
2457 1333 2584 1378 non

195 1417 275 1482 ab
324 1417 476 1492 hac,
526 1415 635 1481 sed
682 1435 719 1480 a
764 1417 956 1480 tertia
1000 1416 1482 1500 superveniente
1526 1414 1977 1502 impellitur”).
2026 1414 2271 1484 Verum
2313 1422 2411 1483 est
2446 1419 2585 1483 kae-

192 1523 395 1586 redem
452 1521 741 1585 haeredis.
816 1519 983 1586 Sunt
1045 1530 1172 1586 tres
1216 1517 1534 1586 haeredes.
1586 1518 1678 1586 Ut
1725 1523 1860 1586 nati
1905 1530 2179 1587 natorum
2224 1523 2330 1609 (cf.
2380 1523 2456 1589 P.
2505 1524 2586 1589 ad

196 1629 359 1694 Aen.
408 1625 549 1694 Vol.
590 1625 672 1692 11.
714 1647 777 1711 p.
832 1625 1013 1712 434).

290 1732 447 1800 188.
509 1741 763 1798 naturae
824 1734 969 1797 deus
1024 1734 1337 1798 humanae.
1401 1729 1646 1803 Genius
1694 1743 1940 1821 praeest
1979 1738 2240 1824 ingenio
2259 1785 2276 1816 ‚
2324 1742 2588 1804 naturae

196 1840 537 1905 humanae.
585 1837 715 1904 Hic
761 1836 956 1904 talem
1007 1836 1289 1906 Genium
1332 1842 1632 1920 sortitur,
1685 1841 1790 1908 hic
1840 1841 2064 1909 alium.
2113 1842 2318 1910 Prout
2363 1850 2588 1911 nactus

199 1953 297 2012 est
344 1943 629 2013 Genium
644 1993 663 2024 ‚
712 1943 859 2010 talis
906 1951 1000 2010 est
1044 1945 1257 2012 homo.

1172 2249 1559 2258 ——a

993 2500 1081 2550 AD
1126 2502 1457 2551 monomm
1502 2500 1801 2553 81015121111.

290 2698 438 2764 Lib.
488 2698 728 2763 XXIX.
780 2698 842 2765 3.
891 2698 1061 2785 (Vol.
1100 2697 1163 2763 11
1209 2720 1269 2784 p.
1321 2697 1453 2763 443
1500 2699 1594 2763 ed.
1647 2698 1917 2784 Didot.).

291 2809 537 2872 Auctor
598 2814 693 2871 est
751 2804 1065 2871 Diodorus
1121 2802 1676 2891 Carthaginienses
1725 2812 1790 2869 et
1835 2804 2156 2873 Romanos
2174 2854 2191 2885 ‚
2242 2827 2440 2893 quum
2489 2807 2593 2873 illi

200 2912 718 3001 magnitudinem
782 2910 937 2977 belli
998 2912 1301 2996 propositi
1363 2916 1720 2976 metuentes
1778 2911 1856 2976 ad
1905 2913 2189 2997 Appium
2243 2912 2592 2981 Claudium

204 3018 531 3083 consulem
589 3018 835 3106 legatos
898 3014 975 3083 de
1037 3036 1189 3103 pace
1252 3019 1604 3093 misissent,
1659 3019 1888 3083 acriter
1933 3018 2378 3104 disputavisse.
2429 3023 2479 3086 οἱ
2529 3020 2592 3087 δὲ

204 3125 493 3201 Ῥωμαῖοι
559 3126 1006 3203 συμβουλεύειν
1066 3131 1188 3196 τοῖς
1240 3122 1668 3204 Καρχηδονίοις
1721 3121 1974 3204 ἔφασαν
2021 3128 2110 3203 μὴ
2154 3125 2461 3194 διδάσκειν
2505 3128 2593 3193 τοὶ

205 3232 375 3296 aar&
424 3232 532 3303 τὴν
584 3231 907 3295 θάλατταν
954 3236 1493 3309 πολυπραγμονεῖν
1516 3251 1531 3266 ·
1575 3231 1866 3305 μαθητὰς
1908 3232 2038 3312 γὰρ
2077 3232 2218 3305 τοὺς
2258 3234 2592 3313 Ῥωμαίους

205 3338 301 3402 ἀεὶ
349 3337 533 3410 ὄντας
580 3338 859 3415 γίνεσθαι
908 3338 1212 3417 κρείττους
1263 3343 1381 3401 τῶν
1428 3336 1847 3403 διδασκάλων.

292 3444 628 3511 Proferunt
690 3444 1084 3520 testimonia,
1140 3443 1371 3528 quibus
1417 3446 1804 3509 enumeratis
1853 3445 2274 3515 concludunt:
2341 3447 2447 3513 καὶ
2493 3454 2594 3515 νῦν

208 3547 281 3613 ἂν
318 3550 481 3635 (ἐὰν)
518 3550 914 3630 Καρχηδόνιοι
956 3549 1083 3614 διὰ.
1132 3552 1402 3614 ταῦτα
1448 3550 1672 3625 μαθεῖν
1713 3551 1936 3623 αὐτοὺς
1985 3562 2365 3636 ναυμαχεῖν,
2415 3556 2595 3636 ταχὺ

208 3656 344 3730 τοὺς
393 3658 682 3733 μαθητὰς
733 3664 850 3721 τῶν
898 3655 1281 3721 διδασκάλων
1326 3653 1579 3733 ὄψονται
1628 3656 2147 3734 περιγενομένους.

296 3765 577 3850 Apparet
634 3762 845 3829 deesse
905 3764 1174 3829 verbum
1224 3780 1347 3846 quo
1395 3768 1532 3826 tum
1586 3762 2028 3829 conditionalis
2073 3766 2408 3851 expleatur
2459 3789 2597 3834 sen-

210 3871 408 3935 tentia
424 3918 443 3953 ,
506 3875 646 3933 tum
704 3869 1079 3953 praebeatur
1122 3867 1291 3933 unde
1335 3865 1694 3934 infinitivus
1739 3870 1963 3943 μαθεῖν
2001 3871 2292 3957 pendeat.
2365 3872 2437 3939 Si
2484 3895 2597 3960 pro

212 3971 311 4038 διὰ
380 3980 626 4051 ταῦτα,
699 3996 859 4061 quae
928 3976 1297 4059 importuna
1360 3982 1545 4052 sunt,
1621 3978 2018 4061 rescripseris
2084 3978 2597 4061 βιάσωνται,

211 4078 469 4147 habebis
515 4080 684 4168 quod
737 4081 1071 4147 desideras.

1815 4202 1904 4270 Η.
1952 4204 2054 4273 W.
2101 4224 2164 4274 V.
2213 4225 2276 4275 n.
2323 4206 2413 4274 M.

1202 4324 1410 4332 a—---·--
1490 4324 1605 4331 ..ι-

2337 4456 2401 4509 21
