3150 5000
1007 401 1010 404 ,
1046 354 1320 402 smnus
1365 353 1702 404 sosarnus.
2430 336 2558 402 281

287 513 561 582 Ulterius
619 518 916 604 progredi
977 521 1350 604 poterimus.
1439 517 1675 584 Docuit
1740 517 1779 584 J
1782 519 2057 584 ohannes
2075 568 2090 597 ‚
2173 521 2389 605 Antiq.
2458 516 2562 585 18.

208 621 261 686 5.
308 621 382 694 2,
427 625 535 697 τὴν
582 623 889 700 βάπτισιν
935 624 1278 701 άποδεκτὴν
1328 627 1410 706 τῷ
1461 627 1568 705 θεῷ
1616 627 1981 706 Φανεῒσθαι,
2026 627 2124 703 μῆ
2166 627 2291 692 ἐπί
2329 648 2562 691 τινων

206 728 688 808 ἁμαρτάδων
749 735 1250 810 παραιτήσει
1323 731 1685 811 χρωμένων,
1754 731 1905 796 om!
1982 731 2085 811 ἐφ’
2158 732 2383 814 άγνείςι
2452 737 2561 797 τοῦ

205 839 508 915 σώματος,
566 834 682 903 ὅτε
732 838 800 912 δὴ
859 840 961 902 καὶ
1013 845 1122 910 τῆς
1169 844 1385 920 ψυχῆς
1434 838 1778 919 δικαιοσύνῃ
1824 840 2413 917 προεκκαθαρμένης.
2460 838 2566 905 Jo-

205 942 406 1007 hannis
468 943 756 1010 doctrina
823 945 859 1010 J
865 945 1098 1029 osepho
1157 945 1404 1029 placere
1449 945 1707 1018 debuit,
1756 964 1905 1008 nam
1956 944 2169 1009 Banus
2215 943 2360 1017 ille.
2410 965 2562 1029 quo-

205 1067 330 1112 cum
391 1069 504 1134 per
569 1053 913 1115 triennium
979 1072 1106 1116 una
1167 1052 1330 1134 fuit,
1392 1051 1621 1116 itidem
1678 1051 1901 1130 ψυχρῷ
1949 1047 2125 1114 ὕδατι
2176 1052 2284 1121 τὴν
2333 1051 2563 1129 ἡμέραν

203 1157 292 1216 καὶ
351 1156 458 1229 τῆν
516 1156 718 1220 νύκτα
780 1158 1084 1226 πολλάκις
1147 1157 1446 1221 ἐλούσατο
1509 1159 1703 1234 πρὸς
1752 1157 2124 1230 άγνείαν.
2198 1154 2558 1220 Secundum

201 1257 524 1344 Josephum
569 1263 846 1347 corporis
883 1261 1274 1338 ablutiones,
1317 1283 1473 1346 quas
1510 1261 1829 1326 Johannes
1872 1261 2391 1343 commendabat,
2427 1282 2561 1344 per·

203 1367 464 1430 tinebant
530 1367 606 1432 ad
677 1368 1024 1445 άγνεΙαν
1091 1375 1226 1432 τοῦ
1296 1377 1787 1444 ΣΩΜΛΤΟΣ,
1847 1387 1968 1432 11011
2039 1367 2115 1431 ad
2188 1367 2564 1441 ἁμαρτάδων

201 1472 574 1546 παραίτησιν.
651 1471 777 1554 Qui
821 1474 899 1538 de
945 1495 1073 1540 uno
1122 1475 1248 1556 ait,
1297 1474 1376 1538 de
1422 1472 1621 1538 altero
1666 1480 1897 1559 negat,
1946 1479 2011 1536 et
2046 1479 2281 1538 contra.
2331 1473 2563 1538 Fuitne

201 1596 482 1661 umquam
535 1581 915 1664 quisquam,
964 1583 1075 1665 qui
1124 1600 1348 1663 corpus
1395 1578 1567 1644 ablui
1610 1579 1865 1663 juberet
1911 1580 2017 1659 ἐφ’
2066 1578 2563 1656 άμαρτάδων

201 1682 592 1759 repatriare?
664 1685 806 1749 Non
869 1693 968 1750 est
1028 1685 1299 1751 arduum
1348 1684 1738 1770 respondere.
1812 1684 2124 1768 Equidem
2172 1703 2297 1750 non
2344 1705 2563 1749 omnes

201 1784 341 1875 legi,
401 1794 512 1876 qui
577 1797 848 1877 egerunt
907 1792 986 1856 de
1051 1801 1466 1878 argumento,
1529 1791 1697 1875 quod
1763 1795 2031 1855 tractare
2098 1793 2380 1874 suscepi;
2452 1790 2562 1855 sed

201 1895 528 1961 multorum
597 1904 816 1962 tamen
879 1897 1340 1982 disputationes
1402 1899 1711 1984 cognovi,
1788 1917 2055 1981 quorum
2120 1899 2379 1961 nomina
2436 1917 2561 1961 non

202 1999 565 2079 adscribam,
653 2023 802 2067 nam
889 2002 1198 2088 Theologi
1269 2010 1501 2066 norunt
1571 1991 1680 2087 qui
1752 2005 2157 2086 potissimum
2228 2005 2561 2086 scriptores

201 2105 442 2172 adeundi
507 2111 646 2173 sint
705 2115 770 2173 et
831 2108 1116 2193 plerique
1175 2107 1488 2195 philologi
1535 2129 1659 2172 non
1708 2114 1931 2172 curant
1977 2109 2135 2172 scire
2183 2106 2347 2192 quod
2395 2106 2562 2172 nihil

201 2209 265 2274 ad
317 2233 380 2277 se
437 2235 757 2302 suamque
820 2215 1220 2299 disciplinam
1287 2217 1615 2298 pertineat.
1705 2213 1819 2278 Est
1879 2219 2095 2278 autem
2156 2235 2321 2278 unus
2366 2234 2556 2299 quem

201 2319 556 2383 nominatim
627 2318 1016 2384 laudandum
1079 2339 1218 2384 esse
1263 2320 1468 2384 video.
1539 2319 1711 2384 Inter
1758 2318 2114 2406 Theologos
2160 2318 2563 2384 Venerabilis

201 2421 490 2490 Hoekstra
561 2423 828 2513 Collega
891 2446 1072 2490 meus
1133 2427 1710 2490 aestumatissimus
1771 2427 1839 2489 in
1894 2424 2248 2490 Annalibus
2294 2423 2561 2490 Theolo-

201 2530 337 2613 gicis
379 2530 455 2596 de
503 2531 798 2597 Johanne
842 2532 1136 2616 Baptista
1181 2535 1275 2597 ita
1321 2534 1492 2619 egit,
1542 2537 1617 2595 ut
1662 2531 1870 2597 multa
1912 2552 2128 2597 eorum
2171 2551 2332 2617 quae
2370 2552 2559 2616 supra

204 2634 492 2719 disputavi
560 2637 743 2703 illinc
806 2637 1228 2703 illustrentur.
1315 2637 1535 2703 Veluti
1601 2640 1879 2723 suscepit
1928 2638 2190 2724 probare
2236 2639 2563 2702 Leviticam

203 2739 368 2809 fuisse
413 2746 696 2830 corporis
742 2745 1087 2829 puritatem
1109 2792 1124 2821 ,
1175 2764 1364 2829 quam
1413 2744 1682 2809 Essenos
1728 2750 1983 2809 secutus
2026 2742 2344 2809 Johannes
2391 2765 2559 2809 com-

205 2848 540 2933 mendaret,
605 2870 721 2915 nec
783 2850 1070 2926 dubitat,
1127 2853 1360 2937 pagina
1411 2863 1506 2915 est
1556 2849 1641 2914 37
1666 2898 1681 2925 ,
1732 2852 1884 2935 quin
1932 2852 2010 2916 de
2056 2851 2343 2915 Johanne
2386 2848 2559 2916 Jose-

205 2952 340 3036 phus
395 2959 650 3023 veriora
709 2956 918 3021 tradat
987 2976 1179 3041 quam
1251 2956 1701 3043 Evangelistae
1722 3004 1739 3028 ,
1812 2956 1978 3042 apud
2049 2976 2206 3040 quos
2276 2956 2558 3035 κηρύσσει

205 3058 522 3142 βάπτισμα
589 3064 924 3139 μετανοίας
989 3065 1073 3133 εἷς
1131 3062 1360 3137 ἄφεσιν
1427 3042 1764 3141 άμοιρτιῶν.
1858 3060 2365 3129 Christianorum
2439 3062 2559 3126 hoo

205 3174 646 3235 sacramentum
711 3175 807 3233 est
869 3170 972 3249 ἐφ’
1029 3168 1408 3248 ἁμαρτάδων
1472 3170 1844 3247 παραιτήσει
1893 3172 1957 3233 et
2001 3168 2187 3233 Jesus
2234 3169 2388 3233 adeo
2434 3188 2559 3234 non

205 3274 666 3341 commendabat
713 3275 1042 3339 leviticam
1087 3274 1268 3339 illam
1317 3277 1591 3359 corporis
1631 3277 1973 3358 puritatem
2018 3280 2090 3339 ut
2129 3280 2561 3339 contemneret

207 3379 401 3459 potius.
478 3378 717 3447 Contra
761 3400 886 3444 non
929 3378 1350 3445 intellexisset
1391 3378 1711 3445 ,lohannes
1758 3380 1926 3465 quod
1964 3380 2030 3442 in
2071 3380 2249 3443 Actis
2293 3381 2558 3463 Aposto-

205 3479 382 3549 lorum
445 3494 547 3551 est
607 3484 718 3551 22.
783 3486 902 3551 16:
957 3485 1277 3563 βάπτισαι
1342 3486 1447 3550 καὶ
1499 3484 1843 3549 ἀπόλουσαι
1891 3485 2007 3555 τὰς
2058 3483 2373 3563 άμαρτίας
2424 3506 2553 3550 σου.

207 3584 346 3652 lllud
405 3597 577 3657 certe
639 3598 898 3677 apparet
960 3594 1202 3657 ratione
1247 3591 1704 3676 propemodum
1756 3592 2213 3655 mathematica
2232 3636 2249 3666 ,
2299 3592 2557 3675 periisse

205 3689 388 3761 locum
448 3697 487 3764 J
495 3699 716 3783 osephi
773 3698 850 3763 de
913 3700 1266 3783 baptismo,
1327 3718 1515 3781 quem
1586 3696 1771 3761 Jesus
1840 3698 2243 3761 instituisset.
2338 3696 2558 3780 Neque

207 3795 293 3862 hie
347 3803 803 3891 negligendum
851 3810 950 3869 est
999 3806 1439 3869 testimonium
1486 3800 1794 3867 Johannis
1840 3800 2288 3889 Evangelistae
2337 3799 2399 3867 3.
2449 3798 2557 3866 26.

281 3906 397 3986 Qui
439 3911 795 3994 probabunt
841 3930 948 3985 ea,
1001 3930 1162 3995 quas
1209 3929 1398 3994 supra
1445 3911 1749 3993 suspicati
1796 3928 2052 3983 sumus,
2102 3911 2297 3972 etiam
2360 3906 2555 3973 aliam

209 4016 601 4096 suspicionem
663 4016 1022 4080 examinare
1075 3998 1390 4104 poterunt.
1463 4014 1699 4079 Statim
1752 4019 1891 4099 post
1938 4016 2227 4098 spurium
2280 4014 2357 4077 de
2402 4013 2556 4079 Jesu

209 4111 434 4186 Christo
493 4122 974 4205 testimonium,
1037 4125 1326 4206 sequitur
1372 4120 1539 4205 apud
1586 4118 1931 4203 Josephum
1983 4118 2193 4204 lepida
2240 4122 2551 4198 narratio,

209 4226 493 4304 quomodo
551 4247 740 4311 eques
800 4224 1126 4292 Romanus
1191 4227 1421 4293 Decius
1482 4225 1767 4291 Mundus
1836 4228 2094 4290 nomine
2159 4226 2279 4290 sub
2348 4229 2556 4310 specie

213 4326 491 4397 Anubidis
549 4332 808 4397 latitans
871 4332 1148 4398 nobilem
1213 4342 1570 4398 matronam
1643 4339 1703 4398 in
1752 4331 1903 4397 aede
1950 4331 2143 4396 Isidis
2192 4338 2553 4417 constupra-

213 4435 374 4499 verit.
433 4438 644 4505 Multa
703 4438 895 4505 habet
949 4439 1025 4503 de
1069 4438 1506 4504 Romanorum
1553 4438 1741 4502 rebus
1786 4436 2131 4522 Josephus,
2181 4440 2549 4521 praesertim
