3150 5000
570 295 699 362 198
795 395 802 402 ·
875 345 880 352 ·
1365 371 1370 378 .
1604 311 1925 361 nomene.

561 478 700 562 bet,
747 476 977 544 fefellit
1021 498 1167 543 eum
1216 480 1416 555 rati03
1467 497 1591 542 non
1640 479 1850 565 magis
1900 480 2071 543 enim
2124 475 2543 544 Homericum
2588 487 2681 546 est
2724 480 2930 561 ἄγχόθι

563 604 755 669 quam
803 587 1043 665 ἀγχοῦ.

651 690 819 771 Quid
885 693 1088 778 igitur
1145 695 1241 755 ost
1307 687 1441 756 rei?
1511 689 1686 754 Illud
1736 691 1953 770 ἄγχοῦ
2002 711 2316 777 nusquam
2364 696 2677 778 reperitur
2718 696 2836 758 nisi
2876 696 2933 758 in

558 818 777 863 versus
822 799 1091 863 introitu
1113 845 1130 874 ,
1179 803 1242 862 et
1295 817 1546 881 semper
1594 796 1724 861 fere
1776 798 1842 860 in
1895 797 2249 863 locutione:

1104 905 1322 981 ἀγχοῦ
1370 902 1421 965 δ’
1471 901 1802 978 ἱστάμενος
1852 901 1958 968 vel
2007 903 2334 982 ἱσταμένη.

557 1005 723 1075 Cum
792 1029 940 1075 vero
1001 1011 1092 1074 sic
1153 1009 1318 1074 desit
1378 1007 1683 1073 indicatio
1746 1027 2046 1094 personae
2109 1011 2213 1075 cui
2288 1013 2431 1096 quis
2477 1031 2671 1098 prope
2714 1013 2931 1086 adstet,

557 1125 802 1182 certum
850 1115 1048 1192 duem
1097 1113 1252 1182 olim
1299 1118 1638 1179 recitatum
1690 1114 1920 1180 fuisse:

1111 1221 1276 1300 ἄγχι
1325 1219 1390 1284 δέ
1437 1219 1484 1284 τ’
1534 1218 1865 1296 ἱστάμενος
1918 1219 2021 1286 vel
2063 1221 2389 1300 ἱσταμένη.

559 1327 990 1394 Evanescente
1050 1327 1237 1392 litera
1297 1326 1534 1392 aeolica
1559 1375 1576 1404 ‚
1644 1323 1880 1391 hiatus'
1906 1327 2229 1393 oriebatur
2274 1348 2398 1393 non
2448 1329 2835 1406 tolerandus,
2878 1335 2933 1392 et

563 1432 731 1515 ἄγχι
797 1433 846 1498 δ’
911 1435 1234 1510 ἱστάμενος
1299 1433 1715 1518 pronunciare
1776 1439 2151 1518 coeperunt3
2226 1439 2369 1500 tum
2445 1456 2593 1500 vero
2674 1439 2933 1502 vetustae

559 1542 801 1606 formae
860 1539 1063 1621 ἄγχι,
1134 1560 1295 1624 quae
1356 1544 1635 1603 metrum
1710 1538 1945 1603 violare
2007 1527 2382 1625 videbatur,
2448 1542 2799 1607 substituta
2852 1547 2934 1606 est

560 1647 813 1734 longior
857 1653 922 1712 et
969 1647 1277 1714 recentior
1324 1650 1536 1724 ἀγχοῦ
1567 1641 1643 1728 ¹).

655 1753 1054 1821 Correctione
1113 1752 1391 1817 indicata
1451 1756 1644 1837 egent
1704 1771 1923 1816 versus
1990 1761 2033 1814 Β
2105 1749 2274 1836 172,
2346 1750 2515 1830 790,
2574 1763 2619 1817 Γ
2678 1753 2837 1830 129,
2882 1762 2929 1816 Δ

567 1859 684 1938 92,
736 1858 906 1936 203,
955 1867 1004 1923 Ε
1063 1857 1218 1934 123,
1274 1867 1330 1923 Λ
1388 1855 1552 1939 199,
1602 1865 1663 1920 Ν
1714 1853 1882 1937 462,
1934 1855 2099 1933 768,
2154 1867 2196 1924 Ξ
2248 1857 2417 1936 356,
2473 1869 2527 1924 Ο
2578 1859 2742 1937 173,
2782 1858 2931 1934 243,

565 1979 618 2033 Π
691 1965 842 2043 537,
909 1975 950 2030 Ρ
1019 1962 1186 2039 684,
1254 1973 1304 2027 Σ
1373 1959 1537 2044 169,
1606 1973 1655 2026 Χ
1722 1959 1890 2040 215,
1940 1961 2110 2046 228,
2166 1973 2235 2028 Ω.
2287 1963 2396 2041 87,
2450 1965 2484 2028 δ
2530 1964 2655 2049 25,
2705 1992 2734 2030 ε
2784 1964 2928 2040 159,

563 2098 592 2139 ο
657 2073 733 2149 9,
801 2097 830 2151 ρ
875 2071 1061 2148 ·349,
1131 2069 1299 2145 552,
1361 2093 1414 2149 χ
1487 2067 1650 2151 100,
1700 2066 1945 2154 Hymn.
1998 2065 2206 2134 Oerer.
2259 2068 2411 2135 347.
2484 2071 2689 2136 Miror
2734 2081 2930 2138 autem

564 2179 1030 2254 Duentzerum‚
1094 2198 1239 2241 cum
1305 2181 1593 2240 moneret
1656 2177 1869 2253 ἄγχοῦ
1920 2175 2249 2249 ἱστάμενος
2300 2177 2427 2242 dici
2474 2179 2539 2240 in
2586 2177 2931 2242 Homericis

564 2291 629 2353 et
676 2283 844 2364 ἄγχι
885 2283 1077 2366 στᾶς,
1119 2282 1185 2346 id
1227 2290 1323 2346 est
1349 2329 1365 2356 ‚
1405 2301 1554 2346 cum
1579 2282 1925 2365 praesentis
1950 2283 2286 2366 participio
2309 2284 2495 2370 iungi
2519 2283 2758 2364 ἀγχοῦ,
2798 2303 2929 2348 cum

564 2395 783 2460 aorieti
831 2389 1031 2471 ἄγχι,
1091 2389 1190 2474 (ut
1236 2407 1317 2452 ex
1363 2386 1665 2473 Ebelingi
1707 2384 1940 2451 Lexico
1989 2385 2333 2454 Homerico
2380 2389 2636 2474 didici),
2687 2411 2809 2456 non
2840 2410 2929 2454 su·

563 2502 876 2587 spicatum
920 2496 1114 2561 fuisse
1151 2514 1327 2559 mero
1369 2495 1560 2558 errori
1604 2491 1817 2557 deberi
1858 2491 2195 2557 ridiculam
2219 2494 2405 2559 illam
2432 2495 2925 2582 discrepantiam.

649 2604 805 2671 Tres
864 2604 1070 2670 adhuc
1133 2606 1370 2668 restant
1430 2603 1497 2663 in
1557 2597 1759 2662 Iliade
1822 2618 2072 2684 versus,
2136 2602 2202 2663 in
2266 2603 2497 2686 quibus
2560 2602 2777 2683 ἄγχοῦ
2836 2598 2929 2667 vel

558 2712 788 2795 ἄγχόθι
836 2710 1145 2777 occurrit:

656 2830 726 2885 Ω
777 2816 945 2885 ¹709:
995 2816 1210 2895 ἄγχοῦ
1273 2812 1338 2876 δὲ
1405 2809 1771 2888 ξύμβληντο
1842 2810 2099 2875 πυλᾶων
2168 2815 2366 2892 νεκρὸν
2440 2812 2675 2893 ἄγοντι.
2772 2814 2931 2899 Lege

1057 2919 1228 3000 ἄγχι
1276 2917 1340 2982 δέ
1387 2940 1485 2982 τοι.

661 3043 720 3097 Ψ
773 3028 938 3098 762:
989 3028 1196 3099 πηνίον
1245 3024 1581 3100 ἐξέλκουσα
1625 3022 1819 3103 παρὲκ
1866 3022 2077 3099 μίτον,
2126 3024 2361 3105 ἄγχόθι
2410 3026 2463 3090 δ’
2512 3023 2707 3108 ἴσχει.
2771 3026 2931 3112 Lego

1055 3130 1225 3212 ἄγχι
1290 3129 1354 3193 δέ
1419 3132 1462 3193 r'
1525 3127 1717 3208 ἴσχει.
1803 3126 2155 3193 Videantur
2216 3130 2341 3197 duo
2402 3152 2621 3198 versus
2694 3146 2931 3218 praeced

1058 3237 1296 3301 dentes.
2312 3224 2317 3229 ’

669 3356 711 3416 Ξ
761 3342 928 3409 412:
981 3342 1193 3414 στῆθος
1258 3339 1599 3418 βεβλήκειν
1668 3338 1812 3415 ὑπὲρ
1876 3337 2173 3417 ἄντυγος,
2230 3342 2461 3421 ἄγχόθι
2516 3344 2733 3422 δειρῆς.
2799 3342 2929 3407 Hoc

552 3475 699 3523 vero
747 3451 883 3517 loco
931 3451 1214 3533 suspicor
1257 3446 1602 3534 legendum
1654 3465 1785 3509 esse
1828 3444 2231 3528 ἐγγύθι,οηὶ
2272 3449 2572 3514 adverbio
2613 3452 2930 3538 genitivus

545 3565 670 3630 loci
727 3560 964 3646 passim
1029 3556 1364 3620 adiunctus
1415 3554 1741 3616 invenitur
1787 3551 1952 3636 apud
2004 3551 2400 3631 Homerum,
2454 3578 2601 3621 cum
2652 3556 2821 3636 ἄγχι
2866 3556 2929 3619 in

547 3667 749 3735 Iliade
795 3668 1152 3729 constanter
1197 3676 1496 3743 personae
1542 3656 1835 3720 dativum
1884 3656 2226 3735 adsciscat,
2276 3668 2351 3724 ut
2402 3662 2707 3727 vidimus.

637 3774 710 3837 ln
757 3768 1039 3853 Odyssea
1085 3764 1354 3848 denique
1402 3768 1673 3846 quatuor
1717 3761 1873 3826 locis
1922 3762 2152 3843 ἀγχόθι
2206 3766 2570 3832 invenitur:

637 3878 677 3957 ζ
722 3876 798 3939 5:
939 3871 1171 3951 ἄγχόθι
1213 3868 1595 3951 Κυκλώπων,
1635 3867 1854 3947 ἀνδρῶν
1896 3869 2398 3948 ὑπερηνορεόντων
2426 3873 2642 3959 (Libri
2667 3875 2926 3956 ἀγχοῦ).

621 4006 678 4138 ,ξ
723 3976 858 4137 gg?
943 4021 1174 4102 ἀγχόθι
1227 4024 1603 4097 Θεσπρωτῶν
1650 4019 1869 4097 ἄνδρῶν
1913 4019 1993 4083 ἐν)
2039 4020 2193 4085 πίονι
2232 4022 2404 4103 δήμῳ
2430 4024 2635 4109 (Libri
2664 4025 2926 4109 ἀγχοῦ).

617 4280 670 4341 1)
709 4278 1002 4338 magnopere
1038 4271 1162 4319 favet
1195 4285 1326 4319 meae
1355 4268 1567 4333 opinioni
1604 4268 1757 4317 Schol.
1793 4284 1822 4315 κ
1858 4268 1978 4322 377:

619 4358 793 4428 ἇνκοῧ
841 4356 885 4410 δ’
935 4354 1197 4421 ἶπῢμθη]
1250 4354 1359 4406 ’3⁹1⁰‘
1409 4355 1460 4404 δῖ
1515 4354 1685 4420 ”372¹
1730 4353 2119 4419 ”O‘PW‘fass-‘JW'2
2169 4360 2291 4409 unde
2341 4366 2543 4429 apparet
2594 4365 2729 4414 varia
2774 4362 2927 4413 fulcra

545 4452 702 4501 metro
735 4444 896 4517 ruenti
929 4459 957 4492 a
991 4438 1332 4507 posterioribus
1366 4440 1508 4489 ruisse
1543 4441 1748 4489 admota.
