3150 5000
1200 295 1599 346 naono-rus.
2508 274 2595 342 65

337 457 462 525 Non
517 459 850 525 admodum
916 461 1228 526 dissimile
1275 461 1631 527 remedium
1682 466 1781 526 est
1826 481 1949 545 quo
1998 466 2142 525 utar
2188 458 2278 524 111
2329 457 2445 524 71:
2502 459 2591 525 ἵςε

265 563 382 642 ὑμῖν
435 563 514 630 ὅτι
569 568 638 642 ἡν
701 569 843 658 hyrc
861 592 893 647 ρ
917 569 1116 654 vien
1179 571 1213 644 ἡ
1281 573 1380 632 νῦν
1428 567 1657 648 ἡμέρη,
1702 570 1779 639 ὥς
1832 567 1936 632 οὐκ
1985 563 2175 640 ἄλλος
2224 566 2391 647 Φθὰς
2444 566 2595 644 ἐμεῦ

262 672 548 750 κατήγορος
609 671 767 741 ivai.
843 673 1050 739 Nemo
1098 674 1266 739 dicet
1311 673 1465 758 quid
1513 671 1831 762 significet
1878 677 1911 749 ἡ
1964 673 2152 751 ἡμέρη
2202 673 2593 753 ὑπερπίπτει.

261 775 570 844 Sententiae
615 782 859 865 optime
905 783 1200 846 convenit
1247 780 1315 856 ἡν
1366 778 1820 861 ὖπέσπερος
1864 777 1898 861 ᾖ
1937 782 1972 856 ἡ
2014 784 2114 844 νῦν
2154 780 2361 860 ἡμέρη.
2406 779 2598 845 Secu-

261 887 346 948 tus
383 889 467 950 est
507 887 774 972 scriptor
817 885 1082 952 eandem
1129 885 1493 973 analogiam
1533 907 1694 972 quae
1732 891 1829 952 est
1866 889 1935 952 in
1978 887 2290 972 adjectivo
2332 887 2595 961 ὑπηοῖος.

329 1095 489 1178 Quod
546 1098 792 1188 legitur
843 1100 948 1178 III
1013 1097 1132 1166 74:
1202 1101 1671 1181 ὑπισχνεύμενοι
1733 1099 1949 1166 πάντα
2011 1101 2062 1165 οἱ
2111 1099 2304 1180 μυρία
2353 1099 2595 1179 δώσειν,

255 1202 349 1270 hoc
376 1206 516 1290 quid
555 1208 642 1271 sit
681 1227 716 1272 e
755 1205 1112 1272 multorum
1149 1206 1435 1276 locorum
1477 1205 1813 1274 collatione
1852 1208 2009 1273 satis
2046 1207 2392 1272 ostendisse
2432 1206 2599 1270 mihi

255 1310 438 1377 videor
480 1312 558 1378 ad
603 1311 885 1398 Ephippi
931 1315 1160 1379 comici
1204 1315 1640 1402 fragmentum
1692 1315 1915 1382 Muem,
1965 1313 2123 1379 XIX
2170 1310 2326 1378 250.
2402 1313 2596 1390 Post,

253 1419 328 1481 nti
367 1415 464 1494 fit,
511 1420 710 1484 etiam
758 1418 871 1483 alii
915 1416 1039 1484 loci
1087 1439 1220 1484 sese
1256 1420 1422 1484 mihi
1461 1419 1851 1486 obtulerunt.
1897 1418 2144 1499 Quanto
2184 1439 2371 1504 opere
2396 1417 2597 1483 delec-

253 1527 498 1589 tarentur
555 1530 802 1590 veteres
863 1545 939 1590 ea
999 1527 1290 1590 omnium
1337 1547 1751 1592 numerorum
1799 1529 2073 1611 paritate
2092 1573 2109 1602 ,
2162 1527 2449 1610 primum
2497 1544 2599 1589 co-

253 1637 478 1714 gnoscat
523 1631 691 1694 mihi
736 1633 879 1715 quis
925 1651 1003 1696 ex
1041 1630 1413 1717 Lampridio
1449 1635 1516 1698 in
1558 1632 1716 1698 Vita
1758 1629 2171 1719 Heliogabali
2210 1652 2264 1698 c.
2293 1631 2416 1695 22:
2458 1629 2597 1695 Sor-

254 1739 332 1800 tes
360 1757 496 1802 sane
540 1735 904 1803 convivales
951 1739 1218 1823 scriptas
1262 1723 1333 1802 in
1374 1735 1803 1804 cochlearibus
1836 1737 2067 1802 habuit
2108 1736 2268 1802 tales
2289 1785 2304 1814 ,
2328 1742 2406 1802 ut
2428 1735 2596 1802 alius

253 1843 444 1908 exierit
488 1842 706 1908 decem
755 1842 1060 1920 camelos,
1108 1842 1276 1910 alius
1322 1844 1540 1909 decem
1585 1864 1872 1923 muscas,
1933 1843 2098 1909 alius
2146 1843 2361 1908 decem
2401 1842 2598 1908 libras

247 1950 396 2031 auri,
441 1947 606 2014 alius
651 1948 866 2015 decem
910 1949 1199 2035 plumbi,
1250 1948 1414 2015 alius
1450 1950 1668 2016 decem
1708 1952 2097 2016 struthiones
2117 1995 2134 2028 ‚
2174 1949 2337 2015 alius
2377 1949 2593 2014 decem

251 2072 348 2120 ova
399 2054 642 2139 pullina
659 2104 678 2140 ,
741 2065 816 2120 ut
877 2076 1022 2120 vere
1083 2062 1284 2121 sortes
1347 2063 1554 2122 essent
1615 2064 1680 2122 et
1742 2057 1872 2122 fata
1934 2059 2365 2123 tentarentur:
2429 2054 2597 2140 quod

249 2159 474 2243 quidem
535 2168 602 2226 et
665 2160 837 2226 ludis
898 2163 1032 2226 suis
1089 2162 1419 2248 exhibuit,
1467 2184 1615 2227 cum
1666 2169 1731 2228 et
1776 2181 1955 2227 ursos
2002 2163 2223 2227 decem
2269 2165 2334 2226 et
2380 2159 2596 2226 decem

249 2263 417 2352 glires
469 2273 537 2332 et
597 2267 814 2332 decem
880 2265 1161 2334 lactucas
1213 2275 1278 2332 et
1324 2268 1542 2333 decem
1591 2269 1731 2334 auri
1776 2267 1973 2333 libras
2017 2269 2086 2333 in
2134 2272 2301 2333 sorte
2345 2265 2596 2332 habuit.

248 2372 586 2458 primusque
643 2369 818 2440 hunc
864 2394 1106 2438 morem
1157 2375 1347 2439 sortis
1391 2375 1681 2439 instituit
1724 2397 1893 2459 quem
1938 2396 2097 2440 nunc
2147 2373 2431 2438 videmus.
2503 2371 2598 2437 De

251 2477 440 2543 eodem
500 2477 889 2566 Imperatore
947 2478 1230 2567 legimus
1291 2502 1343 2545 c.
1409 2478 1527 2545 29:
1582 2478 1830 2546 Habuit
1876 2485 1943 2547 et
1986 2481 2149 2547 hane
2199 2479 2598 2546 consuetudi-

249 2602 374 2649 nem
415 2593 488 2651 nt
529 2590 671 2652 octo
717 2585 930 2652 calvos
975 2592 1228 2673 rogaret
1265 2586 1346 2651 ad
1386 2607 1645 2652 coenam
1664 2637 1683 2671 ,
1724 2590 1883 2652 item
1918 2594 2059 2653 octo
2095 2586 2303 2653 luscos
2343 2598 2407 2651 et
2432 2587 2593 2652 item

250 2698 368 2755 octo
419 2691 824 2779 podagrosos,
893 2698 1032 2757 octo
1083 2692 1304 2757 surdos
1326 2741 1343 2776 ,
1395 2698 1536 2757 octo
1585 2695 1837 2782 nigros,
1887 2699 2027 2758 octo
2072 2692 2296 2781 longos
2343 2698 2409 2758 et
2457 2698 2597 2758 octo
2689 2720 2697 2728 ·

249 2797 504 2885 pingues.
548 2798 636 2862 Et
679 2797 834 2862 haec
872 2797 1130 2882 quidem
1171 2795 1284 2862 ille
1321 2797 1488 2863 risus
1535 2799 1829 2883 captandi
1869 2818 2076 2863 causa.
2126 2796 2343 2863 Julius
2380 2804 2597 2863 autem

251 2896 614 2987 Capitolinus
660 2905 755 2987 in,
783 2901 942 2968 Vitis
1002 2904 1263 2969 Maximi
1302 2908 1366 2969 et
1403 2902 1663 2969 Balbini
1703 2925 1757 2969 c.
1804 2900 1881 2968 11
1928 2905 2089 2970 serio
2118 2904 2373 2982 scribit,
2400 2924 2594 2989 quam

249 3004 632 3075 hecatomben
669 3006 946 3075 Romani
971 3014 1122 3074 tunc
1145 3011 1450 3095 temporis
1477 3008 1875 3096 appellarint.
1923 3009 2321 3076 Hecatombe
2342 3015 2595 3093 autem,

248 3114 462 3200 inquit,
511 3115 639 3181 tale
685 3115 1066 3182 sacrificium
1113 3116 1271 3181 fuit:
1313 3124 1571 3182 centum
1619 3137 1761 3183 arae
1801 3138 1925 3183 uno
1965 3118 2032 3181 in
2070 3116 2208 3182 loco
2246 3115 2601 3201 cespititiae

250 3226 599 3288 extruuntur
643 3230 710 3288 et
757 3222 837 3289 ad
885 3242 990 3289 eas
1030 3229 1290 3288 eentum
1334 3244 1513 3301 sues,
1552 3230 1811 3289 centum
1841 3244 2020 3299 oves,
2050 3222 2316 3306 (suppleo
2341 3226 2601 3287 centum

249 3324 442 3413 boves,
500 3337 569 3393 ut
629 3329 1062 3393 suovetaurilia
1105 3331 1301 3415 fiant)
1363 3336 1725 3396 mactantur
1742 3351 1758 3408 ;
1814 3332 1949 3416 jam
2013 3331 2069 3394 si
2115 3328 2600 3413 imperatorium

247 3432 595 3500 sacrificium
646 3435 766 3511 sit,
817 3442 1074 3500 centum
1121 3436 1368 3514 leones,
1419 3441 1676 3501 centum
1727 3434 1977 3520 aquilae
2026 3441 2093 3500 et
2138 3440 2344 3499 cetera
2381 3433 2600 3518 hujus-

247 3540 400 3605 modi
460 3540 765 3607 animalia
822 3550 1083 3606 centena
1143 3542 1476 3606 feriuntur.
1567 3540 1749 3621 Quod
1805 3541 2064 3627 quidem
2127 3542 2323 3604 etiam
2372 3536 2599 3604 Graeci

250 3647 533 3727 quondam
574 3648 798 3713 fecisse
837 3649 1172 3723 dicuntur,
1215 3668 1362 3712 cum
1401 3645 1769 3731 pestilentia
1805 3646 2165 3713 laborarent
2205 3654 2267 3711 et
2306 3666 2345 3711 a
2374 3644 2601 3710 multis

249 3746 718 3838 Imperatoribus
780 3752 847 3818 id
913 3753 1296 3819 celebratum
1360 3759 1626 3819 constat.
1712 3753 1959 3838 Nempe
2022 3774 2100 3817 ex
2164 3750 2421 3816 Oriente
2489 3748 2602 3815 ille

249 3875 366 3923 mos
413 3862 482 3925 in
543 3858 876 3926 Graeciam
941 3860 1221 3945 perlatus
1280 3860 1406 3924 fuit
1466 3859 1736 3943 indeque
1798 3860 1995 3923 etiam
2058 3857 2404 3922 Pausanias
2460 3863 2602 3941 post

249 3981 499 4052 pugnam
563 3966 736 4051 apud
797 3964 1089 4031 Plataeas
1151 3968 1394 4050 accepit
1457 3965 1674 4029 decem
1740 3963 2032 4039 ancillae,
2103 3964 2321 4028 decem
2368 3981 2598 4047 equos,

249 4066 434 4137 decem
495 4071 772 4149 talenta,
836 4071 1053 4136 decem
1119 4070 1428 4149 camelos,
1497 4060 1727 4135 cetera.
1837 4070 2048 4135 Etiam
2120 4068 2351 4133 Darius
2418 4066 2599 4131 Man-

249 4170 526 4257 droclem,
592 4180 704 4263 qui
769 4182 1028 4261 pontem
1093 4177 1358 4254 fecerat,
1425 4174 1768 4255 ἐδωρήσατο
1829 4178 1984 4241 πᾶσι
2048 4173 2219 4239 δέκα.
2293 4171 2601 4241 Chosroes

251 4274 556 4348 Persarum
614 4303 728 4348 rex
789 4281 868 4347 ab
934 4280 1323 4369 Imperatore
1390 4279 1689 4346 Heraclio
1761 4282 1993 4346 tributi
2058 4284 2312 4345 nomine
2384 4282 2600 4365 exegit

253 4385 405 4455 mille
465 4386 705 4456 talenta
769 4390 908 4455 auri
925 4436 944 4469 ,
1003 4386 1188 4455 mille
1249 4390 1532 4475 argenti,
1596 4386 1777 4453 mille
1838 4394 2046 4454 vestes
2107 4390 2370 4464 sericas,
2418 4384 2601 4452 mille

2284 4508 2313 4561 ὕ
