3150 5000
580 271 711 340 130
1500 290 1590 341 m
1634 289 2038 342 nomem.

658 456 877 524 EPIS'P.
937 458 1000 538 2,
1047 476 1104 524 P.
1161 455 1292 524 164
1344 481 1532 546 neque
1578 461 1743 524 enim
1789 457 1898 524 hoc
1943 459 2362 536 committam,
2409 467 2482 522 ut
2525 469 2582 522 te
2625 455 2974 522 uastissima
3104 445 3105 468 ¹

569 565 765 629 laude
799 565 1224 651 fraudem,
1267 567 1419 630 dum
1462 577 1700 641 metuo,
1741 587 1816 629 ne
1853 564 2182 630 insolenter
2205 563 2976 628 laudesmeaslaudem.

662 669 859 736 Recte
918 670 1155 736 dicitur
1217 669 1515 737 laudibus
1578 670 1859 754 aliquem
1925 670 2184 736 laudare
2202 716 2221 749 ‚
2267 670 2380 735 sed
2425 668 2648 734 laudes
2694 667 2976 734 alicuius

568 775 830 842 laudare
891 797 1112 844 vereor
1164 783 1241 841 ut
1287 776 1439 842 ferri
1485 779 1706 862 possit.
1777 774 2197 842 Scribendum
2247 776 2505 842 videtur
2545 797 2620 840 ne
2664 777 2708 840 i.
2761 775 2977 840 laudes

571 905 740 950 meae
796 890 1126 949 cantem.
1214 881 1340 948 Pro
1402 884 1584 948 laude
1627 883 1932 970 fraudem
1977 881 2205 948 malim
2251 882 2430 947 laude
2473 881 2975 968 defraudem
3104 907 3105 966 3

572 987 681 1057 vel
725 991 941 1076 potius
985 989 1444 1076 defrudem.

659 1199 882 1266 EPlsw.
950 1202 1015 1278 3,
1074 1218 1135 1266 P.
1203 1199 1333 1266 165
1395 1211 1534 1265 tuae
1593 1199 1938 1265 clementiae
1980 1211 2105 1277 eet,
2153 1197 2358 1288 Imp.,
2405 1201 2651 1265 unicam
2697 1199 2972 1266 hominis
3101 1269 3106 1292 ,

569 1306 893 1370 verborum
938 1306 1184 1395 culpam
1230 1330 1367 1372 cum
1413 1308 1713 1371 ceteris
1756 1309 1884 1370 eius
1930 1318 2083 1371 recte
2115 1305 2314 1392 factis
2350 1309 2720 1395 ponderare.
3104 1318 3105 1334 ¹

662 1410 871 1477 Immo
918 1413 1132 1499 potius
1182 1413 1407 1478 crebris
1425 1458 1442 1490 ‚
1489 1417 1564 1476 ut
1610 1414 1856 1477 unicam
1901 1432 2091 1476 suum
2137 1411 2370 1478 habeat
2414 1413 2837 1478 antithetum.

660 1624 822 1692 Inm.
883 1643 943 1691 P.
1010 1624 1139 1692 165
1202 1625 1374 1691 haud
1431 1628 1622 1692 eciam
1676 1651 1762 1691 an
1804 1627 1916 1714 qui
1957 1627 2124 1692 dicat
2167 1626 2438 1692 debuisse
2478 1649 2574 1692 me
2615 1628 2968 1692 amicitiam

569 1755 707 1797 cum
750 1753 818 1797 eo
862 1734 1092 1797 desin
1108 1753 1191 1798 er
1207 1755 1238 1798 e
1255 1780 1271 1811 ,
1314 1745 1653 1821 postquam
1699 1755 2094 1818 coynoveram
2130 1735 2409 1818 qratiam
2443 1734 2572 1798 eius
2608 1735 2786 1820 apud
2821 1735 2965 1798 ani-

569 1860 743 1901 mum
789 1848 967 1901 tuum
1014 1840 1430 1904 imminutam.

664 1942 787 2007 Pro
832 1945 1126 2020 desinere,
1174 1945 1477 2010 inusitate
1523 1946 1794 2030 scripto,
1841 1943 2070 2010 malim
2120 1947 2519 2010 dirimere
2563 1947 2612 2013 i.
2661 1966 2712 2011 e.
2758 1943 2964 2014 divel-

567 2047 697 2114 lere
714 2095 734 2127 ,
782 2048 1144 2134 dirumpere
1161 2096 1179 2128 ,
1228 2049 1598 2116 discindere.

654 2259 783 2326 Pro
816 2263 1194 2350 proximo
1242 2266 1555 2352 superiore
1605 2288 1804 2346 anno,
1848 2265 2015 2352 quod
2052 2265 2295 2355 legitur
2333 2265 2551 2334 EPIB'P.
2601 2265 2666 2346 9,
2706 2287 2774 2353 p.
2804 2265 2960 2351 170,

566 2364 793 2432 malim
838 2370 1123 2455 proxime
1166 2371 1479 2456 superiore
1522 2394 1705 2436 anno.

652 2576 873 2648 EPIS'P.
938 2598 1025 2645 AD
1080 2597 1334 2649 moos.
1398 2581 1453 2647 1.
1518 2582 1579 2661 4,
1639 2600 1700 2649 P.
1753 2583 1881 2650 1¹76
1919 2588 2254 2674 perspicies
2288 2609 2416 2675 pro
2459 2600 2571 2653 tua
2609 2588 2957 2675 prudentia

559 2685 1073 2772 intelliqentiaque
1116 2709 1416 2751 summa
1461 2690 1853 2755 maiorem
1889 2691 2159 2776 fama,
2207 2692 2758 2757 luculentasimum
2819 2713 2954 2757 ver-

558 2788 778 2855 borum
823 2804 1141 2877 apparatu
1158 2838 1174 2869 ‚
1222 2794 1501 2856 maxima
1533 2794 1896 2880 frequentia
1939 2800 2399 2862 sententiarum.

649 2892 773 2959 Illa
827 2918 1071 2961 memma
1129 2898 1427 2962 maiorem
1478 2899 1672 2984 fama
1727 2900 2082 2967 Heindorfii
2145 2904 2543 2969 coniecturae
2603 2904 2918 2970 debentur
2933 2950 2951 2981 ,

560 3019 685 3083 qua
742 2998 1052 3067 infelicior
1097 3003 1207 3066 vix
1256 3023 1606 3088 quaequam
1656 3007 2005 3094 excogitari
2051 3010 2270 3093 possit.
2342 3009 2686 3076 Manifesto
2734 3016 2950 3077 autem

556 3104 750 3171 verba
796 3104 1260 3184 desiderantur,
1308 3127 1470 3191 quae
1504 3108 1584 3175 ad
1624 3114 1960 3178 oratoriam
2002 3112 2295 3197 Aquilini
2335 3114 2710 3181 facultatem
2749 3117 2948 3204 signi-

556 3206 871 3274 ficandam
925 3212 1262 3294 pertinent.
1350 3210 1563 3279 Codex
1625 3215 1819 3282 habet
1863 3242 2104 3283 summa
2151 3220 2454 3285 minorem
2489 3220 2706 3307 fama.
2779 3220 2951 3297 Quid

555 3314 626 3379 in
672 3314 865 3399 fama
925 3312 1122 3380 lateat
1184 3336 1308 3382 non
1355 3324 1609 3404 exputo.
1661 3320 1949 3389 Maxime
1994 3323 2227 3390 arridet
2263 3326 2668 3411 facilitatem.
2741 3325 2951 3412 Scrip-

557 3419 748 3484 serim
815 3420 1022 3507 igitur
1082 3444 1461 3488 summam
1521 3428 1604 3490 in
1663 3448 1793 3492 ore
1843 3429 2222 3514 facilitatem
2275 3428 2422 3497 coll.
2471 3430 2696 3511 Quint.
2745 3432 2838 3499 X.
2886 3431 2946 3498 7.

556 3522 676 3608 262:
744 3525 871 3589 oris
930 3524 1207 3591 facilitas
1262 3533 1327 3593 et
1387 3528 1449 3607 Ι,
1522 3531 1553 3594 1
1576 3577 1594 3607 ,
1662 3530 1746 3599 37
1767 3554 1784 3596 :
1833 3552 1902 3597 os
1951 3533 2153 3598 facile.
2225 3533 2572 3620 Sequentia
2613 3540 2706 3603 ita
2751 3541 2948 3605 corri-

546 3628 757 3716 genda
816 3636 967 3695 sunt
1021 3636 1095 3695 ut
1146 3630 1402 3719 leg-atur
1448 3635 1994 3702 luctdenticsimum
2039 3664 2095 3703 v.
2138 3653 2526 3729 apparatum
2541 3688 2560 3721 ‚
2599 3646 2947 3709 maximam

536 3733 964 3821 frequentiam
1006 3760 1058 3802 s.
1109 3773 1193 3785 —-
1242 3734 1459 3805 Codex
1502 3740 1696 3806 habet
1728 3742 2171 3829 frequentiam.

638 3942 859 4013 EPIS'P.
920 3946 984 4026 6,
1044 3966 1103 4013 Ρ.
1165 3946 1297 4015 178
1357 3974 1697 4039 numquam
1748 3957 1998 4020 cessavit
2019 4004 2034 4023 .
2063 4002 2079 4019 .
2109 4002 2124 4021 .
2168 3958 2433 4043 fabulas
2483 3974 2718 4029 nectere
2760 3964 2944 4031 itine-

551 4074 697 4117 rum
743 4062 991 4117 tuorum
1038 4064 1099 4117 et
1139 4054 1499 4141 disciplinae
1536 4059 1625 4122 ad
1649 4060 1930 4143 priscum
1971 4083 2204 4127 morem
2237 4065 2564 4133 institutae
2616 4092 2689 4134 ac
2743 4082 2944 4135 reten-

549 4168 824 4235 tae...‚
876 4179 1145 4245 prorsus
1202 4170 1273 4223 ut
1329 4160 1610 4225 nullus
1668 4162 1842 4226 miles
1903 4164 2244 4231 Plautinus
2303 4172 2378 4235 de
2434 4175 2564 4237 cuis
2611 4196 2808 4259 quam
2853 4174 2946 4239 hic

547 4262 622 4327 de
680 4264 802 4325 tuis
860 4264 1189 4327 virtutibus
1234 4264 1495 4347 yloriose
1531 4268 1923 4353 praedicaret
1936 4290 1962 4334 .·
2007 4273 2132 4335 ηἰεί
2173 4277 2346 4358 quod
2389 4276 2668 4343 Plautus
2717 4282 2794 4345 de
2839 4302 2948 4347 cuo

550 4365 745 4431 milite
788 4389 929 4432 cum
972 4368 1200 4456 kpore,
1254 4369 1349 4433 hic
1394 4371 1468 4434 de
1520 4383 1576 4435 te
1620 4394 1756 4435 cum
1800 4396 2010 4439 amore
2053 4389 2112 4441 et
2153 4401 2292 4442 cum
2339 4405 2588 4447 summa
2621 4388 2783 4474 fide.
