3150 5000
1282 259 1749 316 morumve.
1935 281 1942 288 ·
1983 275 1990 284 ·
2568 243 2700 311 2¹75

310 430 721 518 licenter,
795 452 919 519 quo
988 434 1239 521 saepius
1300 434 1519 500 Amm.
1582 451 1736 500 usus
1795 438 1894 501 est
1939 431 2148 500 ueluti
2195 429 2461 500 XXVII.
2511 429 2573 498 8.
2623 429 2702 518 33

314 537 613 605 XXVIII.
664 537 726 605 4.
776 537 887 606 25.

412 733 473 802 6.
522 733 631 801 26.
709 736 967 820 „Fluuii
1030 758 1183 804 uero
1242 737 1437 804 multi
1483 759 1596 824 per
1639 739 1794 804 haec
1837 737 1978 804 loca
2023 737 2416 814 discurrunt,
2471 735 2705 822 quibus

312 847 638 929 praestant
700 841 889 908 Oates
953 848 1017 909 et
1075 843 1296 910 Harax
1343 850 1408 910 et
1453 844 1713 910 Meseus
1728 891 1744 922 ,
1795 864 1908 930 per
1952 844 2290 910 harenosas
2338 844 2668 930 angustias
2683 888 2700 919 ,

314 971 478 1038 quae
524 970 560 1014 a
608 949 825 1016 Rubro
873 949 1210 1035 prohibent
1244 947 1551 1037 Caspium
1593 971 1769 1017 mare
1787 997 1804 1030 ,
1853 972 1892 1016 a
1906 971 1941 1016 e
1960 973 1996 1038 q
2017 971 2062 1015 u
2079 971 2116 1016 o
2131 971 2164 1015 r
2179 970 2215 1016 e
2229 971 2268 1017 a
2284 971 2351 1015 m
2400 947 2704 1015 multitu-

314 1057 532 1124 dinem
579 1056 834 1122 inund
854 1057 1153 1123 antes.”

411 1161 675 1252 Corrige
727 1183 919 1250 „aqu
937 1183 974 1230 a
992 1184 1168 1229 rum
1215 1163 1705 1230 multitudinem
1751 1164 1834 1230 fu
1853 1187 1896 1229 n
1913 1163 2065 1229 den
2082 1163 2271 1230 tes.'’

411 1375 473 1442 6.
524 1373 632 1442 33.
683 1375 1083 1464 „Hystaspes
1130 1426 1145 1442 .
1174 1426 1189 1442 .
1216 1426 1230 1443 .
1284 1379 1363 1444 ad
1409 1399 1808 1446 nemorosam
1859 1379 2180 1465 quandam
2202 1385 2463 1448 uenerat
2485 1380 2709 1446 solitu-

314 1483 532 1550 dinem
551 1531 567 1562 ,
617 1485 798 1549 cuius
838 1483 1202 1570 tranquillis
1242 1484 1515 1555 silentiis
1553 1485 1872 1572 praecelsa
1906 1483 2409 1554 Bracmanorum
2437 1483 2705 1575 'ingenia

312 1591 834 1676 potiuntur.''

409 1695 641 1771 Quiuis
659 1741 675 1772 ,
747 1697 1001 1781 opinor,
1075 1695 1403 1784 intellegit
1470 1717 1689 1763 ueram
1755 1696 2095 1764 lectionem
2157 1718 2293 1764 esse
2357 1700 2479 1777 „in
2525 1699 2711 1766 cuius

314 1801 682 1888 tranquillis
727 1801 1000 1868 silentiis
1049 1803 1367 1888 praecelsa
1412 1803 1911 1870 Bracmanorum
1955 1804 2212 1892 ingenia
2255 1826 2292 1870 o
2313 1807 2488 1870 tian
2507 1809 2534 1870 t
2551 1827 2594 1872 u
2611 1807 2709 1870 r.”

410 2015 473 2082 6.
527 2015 614 2082 40
679 2017 910 2082 Amnis
957 2013 1168 2104 Cyrus
1216 2023 1775 2095 commemoratur,
1829 2019 1974 2096 „cui
2023 2066 2039 2082 .
2068 2065 2083 2081 .
2112 2066 2128 2083 .
2179 2015 2396 2106 Cyrus
2442 2017 2554 2084 ille
2601 2039 2710 2084 sn-

318 2125 533 2209 perior
578 2143 687 2189 rex
736 2143 852 2190 am
871 2123 1141 2190 abilis
1188 2122 1427 2191 abolito
1474 2129 1690 2192 uetere
1735 2125 1803 2191 id
1851 2123 2238 2191 uocabulum
2284 2125 2526 2192 dedit.”

414 2229 632 2297 Immo
680 2231 893 2317 potius
942 2230 1507 2300 admirabilis.

414 2442 477 2510 6.
527 2441 636 2511 67.
686 2443 842 2523 „Est
890 2444 1060 2532 apud
1106 2443 1289 2511 Seres
1341 2495 1356 2512 .
1385 2495 1400 2512 .
1428 2495 1443 2513 .
1494 2443 1745 2513 abunde
1783 2444 1986 2513 siluae
2026 2444 2430 2524 sublucidae,
2470 2464 2507 2512 a
2545 2446 2713 2531 qui-

316 2552 363 2618 b
382 2572 427 2615 ιι
444 2572 475 2617 s
535 2552 833 2618 arborum
880 2552 915 2616 f
923 2572 958 2617 e
979 2557 1063 2617 tu
1080 2572 1111 2617 s
1156 2571 1465 2637 aquarum
1516 2553 1963 2640 asperginibus
2010 2554 2244 2619 crebris
2289 2552 2473 2619 uelut
2521 2572 2711 2637 quae-

316 2658 470 2723 dam
516 2657 757 2724 uellera
801 2657 1139 2724 molientes
1185 2680 1264 2724 ex
1310 2657 1618 2747 lanugine
1663 2664 1727 2725 et
1773 2658 2020 2744 liquore
2065 2661 2353 2725 mixtum
2395 2656 2716 2725 subtilita-

316 2770 455 2830 tem
506 2768 911 2831 tenerrimam
958 2767 1289 2850 pectunt.”

416 2870 645 2957 Opinio
705 2873 830 2938 fuit
886 2892 1086 2958 usque
1142 2872 1223 2938 ad
1284 2872 1631 2937 Iustiniani
1678 2878 1997 2958 tempora,
2047 2871 2280 2957 quibus
2298 2918 2314 2951 ‚
2365 2877 2440 2937 ut
2485 2876 2712 2937 notum

318 2984 420 3046 est
479 2980 761 3064 primum
826 2978 1171 3066 bombyces
1235 2977 1828 3063 Constantinopolin
1891 2977 2074 3043 allati
2137 2984 2285 3043 sunt
2312 3026 2329 3057 ,
2395 2976 2578 3065 Seres
2623 2980 2717 3044 ita

317 3104 544 3173 parare
588 3087 862 3151 sericum
908 3090 983 3149 ut
1029 3084 1403 3173 lanuginem
1452 3106 1489 3151 a
1540 3083 1962 3171 bombycibus
2010 3089 2253 3150 textam
2295 3104 2375 3149 ex
2414 3083 2713 3151 arborum

318 3190 495 3259 foliis
559 3212 724 3277 aqua
783 3191 995 3257 infusa
1038 3174 1374 3258 ’soluerent
1433 3198 1499 3257 et
1560 3191 1980 3276 depecterent.
2031 3188 2130 3257 cf.
2179 3190 2371 3279 Verg.
2420 3188 2576 3257 Geo.
2632 3188 2718 3255 11.

324 3297 490 3365 121:
566 3297 969 3383 „uelleraque
1037 3298 1117 3363 ut‘
1180 3296 1352 3365 foliis
1412 3297 1748 3383 depectant
1807 3300 2024 3363 tenuia
2072 3296 2255 3363 Seres
2275 3298 2336 3374 ;”
2387 3294 2553 3363 Plin.
2608 3295 2719 3361 VI.

326 3404 435 3474 17.
485 3405 607 3471 20:
660 3404 882 3482 „Seres
928 3402 1205 3471 lanificio
1252 3404 1567 3470 siluarum
1618 3403 1862 3469 nobiles
1908 3405 2229 3490 perfusam
2281 3422 2441 3489 aqua
2491 3403 2721 3489 depec-

320 3515 531 3579 tentes
572 3510 895 3577 frondium
946 3512 1315 3576 canitiem.’'
1364 3508 1624 3576 Similia
1671 3516 1885 3576 narrat
1925 3510 2183 3575 Solinus
2224 3508 2364 3595 (50.
2395 3509 2483 3595 1),
2523 3530 2713 3595 quem
2783 3551 2789 3568 .

320 3620 707 3686 Ammianus
754 3618 934 3703 sequi
980 3616 1177 3683 solet:
1234 3636 1582 3701 „aquarum
1634 3619 1967 3703 aspergine
2011 3616 2336 3681 inundatis
2383 3614 2712 3681 frondibus

320 3724 563 3791 uellera
646 3724 941 3790 arborum
1034 3722 1423 3789 adminiculo
1507 3723 1849 3809 depectunt
1916 3719 2183 3807 liquoris
2253 3727 2318 3787 et
2387 3720 2714 3808 lanuginis

322 3838 608 3897 teneram
678 3830 1102 3896 subtilitatem
1169 3829 1441 3895 humore
1500 3829 1761 3895 domant
1822 3827 1901 3895 ad
1949 3826 2395 3913 obsequium.”
2467 3826 2566 3891 Ex
2613 3827 2720 3891 his

320 3938 482 4004 locis
542 3939 697 4003 satis
752 3941 1012 4023 apparet
1070 3954 1196 4002 non
1256 3938 1291 4002 f
1300 3958 1333 4003 e
1353 3942 1486 4001 tus
1534 3936 1857 4021 scripsisse
1905 3936 2323 3999 Ammianum
2346 3981 2362 4011 ‚
2411 3932 2520 3998 sed
2569 3932 2719 3998 folia

323 4064 852 4111 commemorasse
922 4051 996 4110 ut
1064 4054 1323 4109 eeteros.
1395 4041 1561 4123 Quid
1634 4044 1700 4106 in
1771 4062 1808 4107 a
1870 4042 2178 4126 quibus
2236 4038 2435 4105 lateat
2480 4040 2712 4104 nescio.

322 4150 475 4217 Sine
538 4150 733 4216 dubio
795 4154 1125 4236 corruptae
1186 4156 1335 4213 sunt
1395 4166 1583 4213 uoces
1603 4196 1619 4225 ,
1670 4149 1820 4233 quia
1865 4150 1935 4211 in
1979 4146 2503 4233 praecedentibus
2550 4142 2720 4208 nihil

320 4257 585 4344 legitur,
654 4257 732 4323 ad
783 4256 950 4342 quod
994 4272 1338 4341 pronomen
1384 4252 1733 4321 relatiuam
1784 4251 2021 4339 plurali
2067 4271 2334 4319 numero
2379 4250 2718 4316 referatur.

320 4362 615 4431 Fortasse
686 4363 841 4430 olim
914 4364 1219 4448 scriptum
1289 4367 1386 4427 est
1454 4380 1533 4440 „a
1597 4358 1913 4425 dilutis
1981 4358 2276 4426 arborum
2325 4354 2563 4423 foliis
2611 4402 2725 4428 ...
