3150 5000
590 258 680 331 84
1562 277 1986 333 meorumue.

585 450 898 529 cidandis,
953 470 1152 536 quum
1199 447 1611 517 intervallum
1659 450 1908 517 fecisset
1954 455 2028 517 ut
2074 452 2385 517 nescirent
2430 446 2649 535 pulsos
2688 448 2958 537 fugatos·

587 577 708 643 que
769 576 937 634 esse,
1001 557 1111 641 qui
1174 555 1469 622 dextrum
1533 577 1728 623 cornu
1789 558 2248 642 obtinuissent3
2310 557 2732 643 praestitisset
2802 556 2959 621 enim

582 661 1020 730 laborantibus
1065 664 1199 728 suis
1243 683 1424 748 opem
1472 662 1635 730 ferre
1675 669 1740 731 et
1776 665 1843 729 in
1885 666 2108 730 castris
2142 663 2513 729 incendium
2538 665 2961 751 restinguere,

583 790 700 836 nec
758 774 1011 835 tantum
1071 767 1355 835 crudeles
1405 776 1594 855 atque
1640 770 1977 836 inhumani
2022 770 2313 854 fuerunt,
2367 769 2479 835 sed
2524 772 2723 835 etiam
2772 767 2962 834 stulto

586 874 849 942 consilio
922 877 1025 940 usi
1095 882 1276 953 sunt,
1347 895 1544 960 quum
1610 876 2040 963 fugitantibus
2104 872 2471 961 Corcyraeis
2532 876 2845 941 instarent
2906 878 2965 939 et

585 981 1078 1049 Atheniensium
1137 1002 1330 1049 naves
1391 982 1805 1048 adorirentur.
1875 981 2175 1048 Potestne
2236 987 2449 1047 autem
2495 980 2615 1047 hoc
2662 1001 2855 1047 omne
2892 1000 2963 1047 ex

583 1085 982 1175 Thucydidis
1042 1088 1255 1153 verbis
1315 1084 1504 1153 elici?
1571 1087 1828 1172 Potest,
1886 1092 2077 1172 atque
2138 1087 2293 1153 adeo
2347 1084 2662 1153 facillima
2705 1085 2959 1153 ratione.

583 1192 972 1279 Interpolata
1032 1193 1222 1259 verba
1281 1198 1464 1259 sunt:
1528 1194 1578 1259 οἱ
1643 1194 1743 1258 ἐπὶ
1807 1194 1891 1274 τῷ
1954 1191 2125 1272 δεξιῷ
2188 1192 2336 1276 κέρᾳ
2359 1241 2373 1268 ,
2438 1192 2663 1258 deiude
2719 1196 2965 1257 mutata

581 1302 1089 1386 interpunctione
1134 1299 1601 1366 obtinebimus:
1653 1300 1793 1372 τούς
1842 1323 1911 1365 τε
1960 1300 2159 1364 αὐτῶν
2203 1299 2425 1378 φίλους
2474 1301 2579 1364 οὐκ
2630 1298 2966 1375 αἰσθόμενοι

583 1402 676 1471 ὅτι
725 1402 983 1481 ἥσσηντο
1009 1454 1024 1480 ,
1073 1406 1434 1483 ἀγνοοῦντες
1488 1404 1783 1483 ἔκτεινον,
1836 1404 1971 1471 scil.
2022 1426 2162 1489 eos,
2204 1407 2437 1491 quibus
2481 1407 2550 1470 in
2598 1408 2733 1471 acie
2776 1423 2965 1491 oppo-

579 1513 692 1577 siti
748 1511 1020 1577 stabant.
1091 1510 1608 1596 Interpolationis
1671 1533 1924 1579 causam
1994 1513 2173 1577 vides
2217 1511 2489 1597 indeque
2538 1519 2753 1578 ortum
2804 1530 2964 1577 erro-

579 1638 739 1683 rem.
801 1616 1148 1703 A‘liquanto
1209 1624 1350 1703 post
1415 1623 1634 1684 autem
1701 1619 1942 1706 fugatis
1998 1616 2374 1705 Corcyraeis
2392 1666 2410 1701 ,
2458 1615 2782 1685 Corinthii
2830 1617 2963 1697 πρὸς

583 1724 670 1791 τὰ
715 1722 994 1804 ναυάγια
1042 1725 1146 1790 καὶ
1196 1724 1336 1797 τοὺς
1384 1722 1619 1806 νεκροὺς
1669 1726 1809 1797 τοὺς
1859 1726 2191 1806 σφετέρους
2244 1723 2596 1803 ἐτράποντο.

675 1938 964 2005 Stultum
1029 1939 1346 2005 emblema
1409 1945 1504 2005 est
1551 1938 1597 2003 I.
1656 1938 1779 2005 52:
1830 1938 1980 2004 διότι
2029 1939 2089 2011 ἐς
2140 1922 2385 2020 χεῖραξ
2412 1933 2586 2007 1ἱίλθον
2630 1944 2777 2025 post
2822 1940 2965 2005 eatis

582 2051 799 2132 aperta
869 2045 1097 2112 verba:
1167 2045 1526 2124 νομίσαντες
1589 2044 1888 2109 λελύσθαι
1950 2042 2069 2117 τὰς
2132 2043 2422 2111 σπονδάς.
2501 2044 2716 2109 Etiam
2742 2088 2755 2098 ·
2784 2044 2963 2110 hodie

581 2150 791 2217 multa
865 2150 1022 2216 talia
1098 2158 1436 2235 supersunt
1512 2151 1965 2237 expungenda,
2033 2170 2302 2236 quorum
2369 2149 2559 2236 paulo
2618 2153 2963 2238 insigniora

583 2255 874 2341 exempla
945 2256 1318 2343 procedente
1377 2276 1561 2341 opere
1624 2258 1854 2323 notabo
1873 2305 1889 2334 ,
1951 2256 2153 2323 veluti
2214 2258 2284 2322 in
2332 2262 2615 2323 extremo
2662 2262 2875 2343 capite
2918 2255 2961 2321 1.

585 2363 670 2428 55
717 2362 886 2429 male
930 2362 1256 2428 abundant
1300 2363 1516 2428 verba:
1566 2358 1657 2427 ’ότι
1701 2365 1915 2440 σφίσιν
1966 2364 2025 2428 ἐν
2065 2364 2356 2435 σπονδαῖς
2399 2364 2567 2439 μετὰ
2595 2364 2963 2445 Κερκυραίων
3087 2368 3088 2443 j

582 2467 994 2550 ἐναυμάχουν.
1069 2467 1273 2534 Miror
1331 2490 1516 2534 usum
1587 2472 1976 2555 pronominis
2044 2469 2327 2536 reflexivi
2374 2470 2428 2536 I.
2482 2468 2565 2538 57
2588 2518 2606 2549 ,
2668 2472 2784 2537 ubi
2834 2471 2964 2537 Ma·

582 2576 889 2643 cedonum
971 2596 1079 2640 rex
1154 2575 1486 2641 Perdiccas
1547 2575 1783 2641 dicitur
1844 2576 2306 2660 πολεμωθῆναι,
2370 2575 2461 2642 ὅτι
2529 2577 2825 2660 Φιλίππῳ
2886 2577 2961 2654 τῷ
3087 2655 3088 2666 ἶ

584 2683 878 2747 ἑαυτοῦ
927 2681 1184 2762 ἀδελφῷ
1228 2681 1278 2746 οἱ
1327 2680 1629 2754 Ἀθηναῖοι
1679 2679 2059 2761 ξυμμαχίαν
2109 2682 2487 2756 ἐποιήσαντο.
2562 2681 2761 2748 Aliud
2820 2680 2962 2767 quid

582 2787 688 2853 hic
748 2785 945 2853 lateat
1004 2807 1255 2854 necesse
1313 2791 1410 2852 est
1470 2793 1536 2852 et
1596 2789 1896 2852 coniicio:
1959 2789 2045 2867 τῷ
2092 2787 2440 2868 νεωτέρῳ
2487 2788 2769 2868 ἀδελφῷ.
2846 2787 2962 2853 Hic

581 2899 797 2960 autem
861 2892 1230 2977 Perdiccas,
1295 2897 1485 2977 caput
1545 2905 1643 2958 est
1706 2889 1793 2956 58
1814 2941 1829 2969 ,
1880 2889 2398 2960 Chalcidensibus
2443 2899 2552 2968 τῆς
2602 2895 2960 2972 Μυγδονίοις

581 2999 758 3080 περὶ
805 2999 912 3071 τῆν
962 2996 1205 3076 Βόλβην
1249 2999 1471 3074 λίμνην
1520 2997 1702 3062 ἔδωκε
1750 2997 2068 3074 νέμεσθαι,
2114 3021 2229 3065 neo
2266 3005 2480 3066 tamen
2500 2999 2619 3066 hoo
2644 2997 2961 3066 Graecum

582 3107 739 3187 erit,
799 3106 923 3168 nisi
983 3107 1221 3170 inseras
1281 3103 1423 3190 (τὰ)
1484 3103 1619 3182 περὶ
1685 3106 1813 3178 τήν.
1888 3103 2256 3170 Plurimum
2321 3109 2518 3171 miror
2569 3105 2639 3170 id
2682 3106 2959 3170 nondum

578 3215 934 3276 correctum
997 3208 1210 3274 fuisse.
1286 3208 1528 3274 Deinde
1594 3229 1647 3274 c.
1702 3209 1781 3274 61
1835 3210 2253 3276 Athenienses
2297 3210 2591 3298 Pydnam
2640 3212 2961 3282 obsident.

579 3315 801 3382 ἔπειτα
870 3315 933 3381 δὲ
998 3313 1317 3392 ξύμβασιν
1379 3317 1777 3392 ποιησάμενοι
1840 3317 1976 3380 καὶ
2038 3316 2543 3398 ξυμμαχίαν
2604 3320 2961 3396 ἀναγκαίαν

582 3423 726 3503 πρὸς
786 3423 890 3486 τὸν
953 3421 1289 3500 Περδίκκαν
1330 3458 1412 3469 -
1453 3421 1876 3489 &savinum
1902 3471 1921 3495 .
1970 3422 2154 3488 credo
2201 3443 2347 3490 sane
2394 3423 2718 3500 ξύμβασιν
2762 3427 2959 3503 αναγ-

579 3528 766 3593 καίαν
818 3528 1012 3592 fuisse
1059 3527 1290 3592 factam
1311 3574 1328 3602 ,
1381 3527 1490 3592 sed
1537 3548 1661 3593 non
1710 3529 1873 3594 mihi
1920 3529 2263 3614 persuadeo
2310 3531 2508 3596 etiam
2558 3529 2831 3598 foederis
2870 3535 2959 3598 in-

578 3634 810 3700 iectam
871 3633 1066 3698 fuisse
1127 3636 1552 3712 mentionem3
1623 3639 1788 3700 certe
1833 3635 2007 3701 haud
2053 3635 2355 3702 diuturna
2401 3635 2556 3702 fides
2604 3638 2765 3724 fuit,
2816 3659 2959 3704 nam

579 3741 760 3807 brevi
808 3744 951 3825 post
993 3738 1274 3827 legimus
1321 3761 1374 3805 o.
1427 3739 1536 3803 62:
1600 3739 1803 3814 ἁπέςη
1853 3741 2022 3812 εὐθὺς
2073 3742 2265 3806 πάλιν
2308 3745 2427 3808 τῶν
2479 3743 2813 3816 Ἀθηναίων
2862 3745 2955 3809 καὶ

579 3845 923 3926 ξυνεμοὶχει
989 3853 1116 3917 τοῖς
1179 3845 1696 3916 noa-neandrum·
1763 3847 2035 3912 dixerim
2100 3849 2381 3914 insiticia
2439 3869 2573 3915 esse
2619 3852 2813 3917 verba
2862 3848 2959 3913 nal
3087 3865 3088 3930 g

576 3949 978 4033 ξυμμαχίαν.
1051 3951 1282 4018 Itidem
1346 3951 1589 4036 aliquid
1646 3951 2041 4040 ineleganter
2089 3953 2367 4019 abundat
2414 3975 2467 4018 e.
2520 3954 2641 4030 67.
2691 3956 2805 4020 ubi
2855 3957 2956 4020 de·
3087 4015 3088 4045 ἡ

573 4057 838 4126 lendum
901 4059 1310 4143 participium
1375 4057 1852 4136 πρεσβευόμενοι
1917 4061 1983 4124 in
2032 4059 2243 4126 hisce:
2303 4063 2633 4139 Αἰγινῆται
2682 4065 2955 4141 φανερῶς
3087 4059 3088 4128 l

575 4163 694 4247 μὲν
752 4166 852 4243 οὐ,
919 4163 1602 4244 πρεσβευόμενοι,
1667 4163 1926 4240 δεδιότες
1989 4165 2129 4237 τοὺς
2192 4165 2577 4246 ’Δθηναίους,
2640 4165 2853 4250 κρύφα
2898 4165 2954 4230 δὲ

575 4272 789 4354 ἐνῆγον
832 4270 938 4336 τὸν
983 4269 1274 4350 πόλεμον.
