3150 5000
1201 301 1518 350 nonnus,
1897 312 1904 320 ·
2421 283 2555 347 213

225 465 482 554 fingimus
541 469 724 532 bullis
775 449 1187 552 exornatum,
1246 471 1312 532 at
1358 468 1435 532 ab
1483 465 1796 532 eiusmodi
1842 465 2039 532 bullis
2085 465 2555 533 alienissimum

222 582 300 638 est
339 594 548 640 nomen
595 575 1034 658 umbilicorum,
1091 575 1274 638 cuius
1321 574 1599 638 nominis
1646 577 1922 657 potestas
1968 593 2089 638 non
2138 575 2260 638 nisi
2296 574 2364 637 in
2400 571 2561 638 tales

222 700 300 744 res
349 680 656 745 transferri
718 685 924 765 potest
987 700 1148 765 quae
1195 682 1262 744 iu
1311 679 1479 745 orbis
1526 678 1799 744 alicuius
1845 683 2073 758 centro·
2106 681 2233 743 sint
2282 681 2524 764 positae

222 787 712 870 quemadmodum
759 789 828 850 in
873 787 1084 852 medio
1131 792 1349 852 ventre
1403 784 1753 850 umbilicus
1801 787 2100 851 cernitur.
2149 783 2255 850 Sic
2306 783 2567 873 Ogygia

222 893 468 968 ὀμφαλὸς
533 893 852 966 θαλάσσης
918 895 987 978 (oe
1053 891 1169 978 50)
1233 890 1591 976 appellatur
1650 898 1715 956 et
1776 891 1993 977 Pytho
2038 911 2223 975 saepe
2269 891 2563 973 ὀμφαλὸς

221 1007 314 1074 γῆς
355 998 565 1074 audit3
613 1004 810 1078 iuqum
855 1019 1102 1084 quoque
1153 1007 1221 1062 Ω
1273 996 1402 1062 269
1445 997 1770 1078 ὀμφαλόεν
1810 997 2045 1062 dicitur
2084 999 2234 1082 quia
2274 997 2563 1062 medium

219 1103 374 1168 habet
417 1104 792 1182 umbonem;
845 1106 998 1168 item
1048 1105 1312 1168 volumen
1349 1125 1540 1168 suum
1585 1105 1777 1169 habet
1818 1103 2148 1182 ὀμφαλόν,
2192 1104 2563 1185 umbilicum,

219 1210 506 1292 aptissime
567 1213 659 1274 sic
718 1221 1017 1275 vocatum
1076 1213 1227 1294 quia
1290 1212 1568 1274 cernitur
1633 1211 1700 1274 in
1753 1210 1965 1274 medio
2032 1209 2231 1275 latere
2294 1209 2568 1298 cylindri

217 1336 370 1400 quem
433 1316 596 1382 liber
657 1316 984 1381 involutus
1046 1315 1269 1392 efficit3
1331 1315 1635 1401 quicquid
1684 1336 1847 1384 ‚vero
1896 1335 2019 1381 non
2069 1319 2137 1380 in
2188 1317 2401 1383 medio
2448 1319 2569 1382 cir-

218 1421 333 1487 culo
389 1421 765 1489 collocatum
828 1443 943 1488 nec
1006 1427 1266 1488 unicum
1336 1427 1464 1500 est,
1531 1443 1657 1487 non
1724 1424 1933 1510 magis
1996 1423 2292 1490 umbilici
2340 1445 2569 1516 nomen

215 1548 480 1613 usurpare
529 1535 738 1615 potest
784 1550 973 1615 quam
1027 1531 1232 1595 ventri
1281 1529 1494 1616 plures
1541 1536 1803 1614 possunt
1854 1550 1987 1595 esse
2035 1529 2363 1596 umbilici·

544 1637 652 1701 οὐκ
698 1636 932 1712 ἀγαθὸν
981 1636 1466 1716 πολυομφοιλίη,
1517 1629 1603 1707 εἷς
1654 1635 1944 1716 ὀμφαλὸς
1996 1632 2189 1700 ἔστωῐ

217 1739 314 1806 Vix
353 1744 554 1829 igitur
601 1742 867 1806 dubium
914 1743 1168 1807 videtur
1210 1745 1363 1826 quin
1405 1745 1691 1828 graviter
1728 1742 1835 1806 hic
1874 1741 2052 1808 locus
2095 1745 2179 1807 sit
2202 1705 2568 1830 corruptus;

213 1866 374 1930 quam
430 1849 852 1934 suspicionem
905 1853 1100 1936 auget
1146 1850 1412 1914 verbum
1463 1845 1556 1911 ἔεν
1602 1849 1887 1912 subiecto
1937 1848 2341 1914 destitutum.
2412 1848 2571 1914 Bar-

212 1956 398 2018 nesius
453 1976 567 2040 pro
625 1953 718 2019 ἔεν
779 1955 1208 2020 substituebat
1266 1951 1418 2032 ἕειςς
1469 1955 1559 2018 sic
1606 1953 1933 2019 lucramur
1980 1975 2127 2021 sane
2172 1957 2571 2036 subiectum,

213 2059 302 2124 sed
357 2060 652 2126 umbilici
699 2062 811 2125 isti
857 2065 1133 2148 pergunt
1180 2060 1427 2126 foedare
1475 2081 1665 2146 quem
1716 2079 1935 2126 ornare
1982 2060 2226 2128 scilicet
2274 2061 2574 2134 dicuntur

212 2165 480 2252 clypeum
509 2165 608 2253 ¹).'

285 2272 562 2341 Turbata
599 2295 734 2340 esse
772 2273 1076 2340 vocabula
1117 2273 1318 2340 efficio
1364 2297 1439 2340 ex
1481 2273 1857 2339 scholiastae
1898 2274 2141 2340 verbis:
2182 2273 2413 2358 λευκοί]
2440 2273 2595 2353 ὀξυ--

211 2381 486 2466 τονητέον,
553 2377 652 2446 ἵνα
716 2380 816 2444 ἐπὶ
877 2382 996 2444 τῶν
1054 2382 1394 2460 ὀφθαλμῶν
1427 2380 1625 2468 ·(lege
1682 2379 2011 2464 ὅμφαλῶν)
2061 2379 2297 2453 κέηται.
2343 2381 2459 2446 εἶσὶ
2509 2381 2571 2446 δὲ

211 2477 252 2549 οἳ
293 2493 698 2567 περισπῶσιν,
745 2483 844 2551 ἵνα
894 2489 1104 2565 γενικὴ
1153 2486 1452 2565 γένηται,
1504 2486 1774 2551 ἐπίθετον
1816 2490 1922 2552 τοῦ
1967 2487 2347 2569 κασσιτέρου.
2397 2487 2577 2555 Licet

211 2600 398 2660 autem
440 2598 780 2660 restituere
818 2600 1095 2660 veterem
1139 2596 1522 2679 scripturam
1563 2600 1840 2672 λευκοῖο,
1884 2615 2075 2679 quam
2119 2595 2273 2659 dum
2314 2598 2573 2683 impug-

209 2706 300 2763 nat
355 2701 739 2778 scholiasta,
804 2700 961 2766 olim
1025 2702 1310 2767 extitisse
1373 2705 1680 2777 testatum
1741 2700 1892 2766 licet
1950 2699 2041 2765 ἔεν
2060 2748 2077 2779 ,
2146 2702 2312 2787 quod
2360 2709 2572 2769 textus

207 2808 482 2893 praebet,-
527 2826 812 2880 servare‚
862 2809 916 2871 si
963 2808 1055 2871 sic
1103 2808 1501 2891 disponimus
1545 2807 1775 2872 verba:

835 2910 965 2990 πέρι
1014 2912 1122 2988 μὲν
1176 2913 1387 2977 κύκλοι
1438 2910 1585 2976 δέκα
1635 2911 1902 2991 χάλκεοι
1952 2911 2138 2989 ἦσαν,

551 3020 611 3083 ἐν
663 3018 724 3082 δέ
775 3016 822 3081 r’
875 3014 1064 3081 ἔσαν
1111 3028 1430 3083 λευκοῖο
1481 3018 1725 3083 §ninom
1774 3018 2183 3098 κασσιτέροιο,

558 3124 944 3205 ὀμφαλὸς
996 3126 1024 3187 ε’
1041 3151 1068 3189 ν
1117 3124 1430 3203 μέσσοισιν
1479 3122 1570 3189 ἔεν
1621 3126 1886 3202 μέλανος
1937 3126 2193 3193 κυάνοιο.

213 3228 398 3316 Clypea·
443 3256 610 3297 oram
661 3233 894 3295 obibant
943 3232 1133 3295 decem
1183 3235 1396 3297 circuti
1441 3254 1511 3295 ex
1557 3254 1695 3295 aere
1712 3278 1728 3309 ‚
1777 3240 1833 3296 et
1886 3233 2051 3297 intra
2094 3236 2197 3299 Ιιοε
2244 3233 2459 3317 viqinti
2505 3256 2577 3298 ea·

205 3341 436 3403 candido
485 3348 738 3415 stanna,
787 3341 850 3403 in
897 3343 1078 3401 medio
1127 3346 1255 3401 erat
1304 3339 1468 3401 umbo
1515 3362 1589 3401 ex
1636 3340 1807 3419 niqro
1854 3362 2053 3425 cyano·
2125 3339 2405 3426 clypeus
2450 3342 2573 3427 igi-

205 3450 297 3509 tur
351 3446 557 3512 simili
623 3452 848 3510 ornatu
901 3443 1186 3529 splendet
1235 3450 1422 3528 atque
1473 3445 1734 3523 thorax,
1785 3465 1973 3530 quem
2022 3446 2239 3530 paucis
2286 3446 2574 3513 versibus

203 3556 331 3618 ante
374 3559 576 3640 poeta,
616 3553 950 3635 descripsit
997 3551 1118 3634 (vs.
1171 3550 1256 3613 24
1305 3550 1504 3635 sqq.):

259 3872 306 3935 1)
359 3874 532 3937 Nuper
583 3870 658 3919 W.
703 3868 881 3934 Helbig
929 3869 980 3917 in
1019 3868 1208 3933 egregio
1244 3867 1369 3917 libro
1403 3869 1492 3916 dae
1531 3868 1831 3917 Homerische
1863 3870 1982 3931 Epor
2013 3884 2101 3917 aus
2134 3870 2223 3918 den
2256 3871 2577 3921 Donknutern

195 3954 416 4004 erliutert
462 3960 592 4018 (pag.
641 3952 764 4015 226)
814 3951 1086 4009 contendit,
1143 3950 1360 4015 clypeum
1412 3950 1679 4013 quendam,
1732 3952 2110 4014 Agumemnoneo
2161 3952 2487 4013 simillimum,
2524 3954 2575 4003 in

199 4036 496 4085 Scadinavia
541 4050 641 4083 ease
687 4038 956 4097 repertum,
1011 4033 1172 4081 ‚euius
1216 4036 1434 4081 centrum
1478 4032 1633 4081 maior
1676 4032 1927 4083 umbilicus
1968 4038 2213 4099 protegat,
2249 4036 2431 4086 cinctus
2465 4052 2581 4086 non-

199 4116 330 4166 nullis
379 4114 700 4168 minoribua’'.
773 4116 936 4165 Unum
987 4120 1148 4164 tumen
1199 4115 1368 4165 addere
1419 4114 1655 4178 neglexit,
1708 4116 1831 4163 unde
1878 4116 2107 4175 effecerit,
2160 4116 2313 4167 bullus
2356 4118 2463 4168 illas
2508 4118 2585 4168 vel
2678 4158 2685 4163 .

195 4196 407 4259 laminas,
457 4216 584 4265 quae
628 4198 807 4247 circum
843 4197 1094 4247 umbonem
1129 4200 1416 4255 cernuntur,
1460 4196 1587 4261 ipsas
1633 4212 1820 4261 quoque
1863 4198 2181 4249 umbilicorum
2214 4200 2407 4249 nomine
2440 4201 2585 4250 fuisse

199 4278 475 4345 designata„
528 4296 640 4330 nem
687 4280 776 4329 hoc
821 4279 976 4344 ipsum
1023 4295 1143 4344 nego
1189 4278 1414 4328 credibile
1459 4294 1585 4339 esse,
1633 4278 1797 4328 lubens
1840 4282 2145 4345 caeteroquin
2190 4282 2265 4331 vel
2311 4282 2412 4332 sine
2446 4284 2582 4333 testi-

199 4364 358 4413 moniis
401 4364 689 4422 concedens,
743 4362 941 4411 diversis
991 4361 1284 4412 ornamentis
1332 4360 1540 4427 potuisse
1592 4361 1825 4425 vai-iugari
1878 4364 1927 4411 et
1975 4362 2093 4413 olim
2142 4363 2385 4427 variegata
2436 4365 2579 4416 fuisse

199 4442 386 4497 heronm
419 4460 574 4497 arma.
