3150 5000
550 253 683 324 288
1615 273 1953 325 simum-s

548 459 695 506 rum
732 439 941 527 gloria
978 438 1355 506 illustrium.
1405 439 1561 506 Fere
1601 441 1826 536 eodem
1866 441 2054 507 modo
2093 439 2264 526 apud
2301 440 2519 505 Amm.
2559 435 2734 501 XIV.
2765 435 2871 500 11.
2895 432 2930 498 3

552 545 823 612 Vrsicini
891 545 1012 612 filii
1074 545 1373 612 dicuntur
1434 547 1829 614 subolescere
1875 549 2151 633 imperio
2196 549 2241 613 i.
2271 567 2326 613 e.
2373 565 2652 612 crescere
2697 535 2776 608 nt
2819 543 2932 606 im·

547 655 723 740 perio
770 651 1109 739 aliquando
1156 653 1340 741 digni
1386 651 1559 718 fiant.
1610 652 1716 718 Sic
1763 652 2248 720 Valentinianus
2291 651 2499 718 filium
2549 671 2746 716 suum
2793 669 2934 714 mox

547 759 902 843 potioribus
949 779 1028 824 ex
1074 759 1425 825 maioribus
1469 761 1604 825 suis
1650 759 1914 848 dignam
1959 762 2378 848 propaginem
2417 779 2484 824 se
2519 758 2932 844 probaturum

547 863 843 930 affirmat.
890 863 1070 931 Haec
1115 865 1334 931 omnia
1376 864 1750 952 intellegere
1795 867 1962 932 mihi
2007 866 2245 931 uideor.
2296 863 2424 931 Sed
2469 884 2598 931 non
2643 882 2936 947 assequor

546 970 662 1037 illa
702 972 1105 1050 „inuidiae
1141 978 1357 1038 metu
1394 972 1674 1040 dicitur’'
1716 979 1782 1038 et
1817 994 2040 1040 uereor
2063 979 2136 1038 ut
2159 974 2502 1058 quisquam
2523 970 2674 1036 inde
2695 973 2938 1036 senten·

547 1080 708 1144 tiam
758 1077 989 1145 efficiat
1034 1077 1452 1164 probabilem.
1498 1078 1644 1144 Non
1691 1079 1914 1145 dubito
1961 1082 2166 1167 igitur
2205 1080 2520 1165 corrig-ere
2561 1079 2686 1155 „in
2705 1074 2936 1142 uidia

547 1205 706 1250 rem
725 1205 763 1250 o
782 1189 863 1249 ta
910 1183 1205 1250 dicitur.”

643 1383 704 1452 7.
752 1385 812 1450 4.
880 1384 1324 1471 „Quamquam
1384 1383 1870 1452 Valentinianus
1919 1435 1935 1450 .
1965 1435 1980 1449 .
2007 1435 2025 1450 .
2079 1387 2362 1471 impetus
2410 1389 2622 1450 truces
2669 1384 2940 1450 retinere

546 1513 1025 1578 nonnumquam
1074 1495 1143 1557 in
1189 1497 1500 1577 potestate
1537 1495 1740 1558 animi
1775 1493 2120 1569 nitebatur,
2162 1512 2416 1578 serpens
2455 1497 2674 1558 tamen
2701 1492 2937 1555 uitium

547 1606 612 1667 et
658 1599 1017 1666 dilatum
1067 1598 1501 1684 aliquamdiu,
1548 1599 1848 1666 licentius
1895 1597 2164 1685 erupit.”

639 1705 873 1772 Malim
912 1703 1279 1771 celatum
1319 1705 1427 1771 vel
1464 1703 2168 1778 di<ssimu>latum.
2213 1703 2750 1789 „Aliquamdiu”,
2777 1700 2940 1788 quod

547 1813 856 1877 insertum
908 1817 1004 1877 est
1050 1832 1088 1877 a
1135 1809 1402 1878 Gelenio
1422 1858 1438 1888 ‚
1485 1832 1815 1896 perperam
1863 1813 2084 1878 omisit
2129 1811 2580 1898 Eyssenhardt.

637 1998 698 2064 8.
724 1981 815 2064 '8.
884 1999 1206 2076 „Adortus
1266 2004 1363 2063 est
1425 2005 1736 2086 uagantes
1795 2000 2079 2065 hostium
2129 2001 2506 2066 uastatorias
2552 2017 2789 2063 manus
2837 2044 2854 2060 .
2879 2044 2894 2059 .
2921 2041 2936 2059 .

546 2111 613 2171 et
655 2126 917 2191 propere
964 2104 1124 2170 fusis
1172 2155 1189 2172 .
1216 2153 1233 2169 .
1262 2155 1277 2171 .
1327 2105 1627 2189 praedam
1670 2108 1951 2171 excussit
1969 2155 1988 2190 ‚
2031 2127 2225 2192 quam
2263 2105 2587 2170 tributarii
2611 2102 2940 2189 perdidere

546 2213 896 2277 miserrimi
940 2261 955 2276 .
994 2211 1097 2276 his
1158 2210 1523 2296 denique
1585 2213 1884 2278 restituta
1944 2213 2122 2277 omni
2177 2210 2245 2299 [i.
2272 2233 2326 2278 e.
2375 2209 2634 2299 praeda]
2693 2213 2939 2296 praeter

546 2322 792 2401 partem
856 2318 1161 2404 exiguam
1180 2365 1197 2399 ‚
1260 2318 1594 2401 inpensam
1655 2316 1976 2383 militibus
2037 2315 2220 2383 fessis
2283 2367 2304 2383 .
2331 2365 2346 2381 .
2379 2362 2395 2380 .
2443 2318 2784 2381 ciuitatem
2837 2363 2852 2378 .
2877 2362 2892 2377 .
2919 2359 2936 2376 .

544 2421 935 2487 laetissimus
981 2420 1287 2487 introiit.”

634 2527 761 2594 Pro
807 2528 1172 2614 denique
1217 2528 1565 2615 legendum
1615 2534 1711 2595 est
1758 2528 2139 2616 benigne.

634 2714 698 2781 8.
768 2713 874 2781 10.
943 2714 1231 2794 „Edictis
1296 2717 1634 2801 propositis
1677 2715 2187 2802 impunitateque
2233 2718 2547 2800 promissa
2591 2716 2936 2783 desertores

542 2822 623 2891 ad
669 2825 1066 2908 procinctum
1115 2822 1384 2888 uocabat
1432 2869 1450 2887 .
1477 2869 1493 2884 .
1521 2869 1537 2885 .
1587 2841 1712 2906 quo
1759 2823 2012 2886 monitu
2059 2827 2134 2886 ut
2181 2821 2420 2887 rediere
2466 2822 2755 2908 plerique
2775 2868 2796 2900 ,
2833 2823 2936 2885 in·

542 2932 884 2996 centiuo
929 2931 1211 3014 percitus
1256 2934 1777 3013 retentusque
1825 2930 2033 2992 anxiis
2080 2930 2285 3010 curis,
2335 2926 2620 2995 Ciuilem
2661 2978 2675 2993 .
2706 2978 2724 2993 .
2755 2979 2772 2995 .
2807 2948 2933 2993 rec-

542 3044 765 3101 turum
813 3034 1203 3101 Brittannias
1252 3082 1265 3097 .
1300 3082 1313 3096 .
1345 3082 1360 3097 .
1412 3034 1493 3098 ad
1536 3054 1603 3100 se
1650 3042 2018 3119 poposcerat
2062 3033 2300 3099 mitti.'’

632 3142 776 3207 Non
836 3140 1145 3228 intellego
1204 3140 1358 3229 quid
1417 3141 1542 3204 sibi
1591 3139 1753 3205 uelit
1801 3142 2037 3205 incen
2060 3142 2244 3205 tiuo
2291 3142 2382 3206 sic
2430 3139 2718 3207 absolute
2766 3142 2928 3226 posi-

544 3254 707 3314 tum.
754 3245 1055 3331 Suspicor
1102 3243 1260 3311 olim
1306 3246 1614 3330 scriptum
1659 3245 1852 3311 fuisse
1891 3248 2314 3311 continuo,
2365 3245 2606 3313 Vitiose
2631 3244 2929 3315 Gelenius

543 3352 743 3419 edidit
803 3357 1370 3435 retentusque.
1436 3350 1511 3415 In
1569 3350 1735 3416 libro
1798 3348 1942 3416 Vat.
1993 3357 2091 3416 est
2139 3353 2526 3435 percitur
2571 3354 2646 3418 ei
2693 3358 2775 3417 et
2820 3370 2928 3416 us·

542 3478 713 3549 que.
776 3456 1070 3523 Restitue
1132 3459 1339 3545 igitur
1398 3460 1777 3541 percitus
1837 3476 2322 3542 exesasque.
2387 3454 2487 3523 Cf.
2549 3454 2684 3523 Cic.
2746 3456 2922 3523 Tusc-

540 3562 656 3629 111.
707 3562 817 3639 13;
872 3559 1111 3629 Catull.
1165 3560 1268 3627 66.
1322 3558 1409 3627 23
1463 3560 1600 3626 Val.
1647 3560 1820 3627 Flac.
1878 3561 1960 3626 II.
2018 3560 2181 3644 1363
2230 3560 2339 3627 IV.
2391 3562 2544 3628 4¹70.

636 3748 698 3814 9.
748 3749 807 3814 4.
864 3748 989 3827 „Et
1036 3750 1339 3835 quoniam
1388 3748 1565 3814 adest
1612 3746 1821 3813 liber
1864 3746 2042 3814 locus
2085 3748 2339 3815 dicendi
2381 3768 2542 3834 quae
2581 3751 2922 3830 sentimus,

544 3861 761 3941 aperte
813 3854 1202 3939 loquimur.”

633 3960 848 4026 Immo
893 3960 1105 4045 potius
1157 3959 1371 4043 „locus
1413 3958 1664 4025 libere
1709 3957 2027 4025 dicendi.”

636 4146 698 4211 9.
751 4144 813 4213 7.
891 4144 1074 4229 „Tali
1142 4166 1433 4211 successu
1501 4145 1778 4211 latrones
1847 4147 2282 4232 praetumidos
2349 4146 2761 4233 palantesque
2821 4164 2918 4234 per

544 4256 723 4319 uaria
761 4250 1211 4328 confidentius,
1253 4252 1606 4318 interfectis
1647 4250 1998 4337 aliquibus,
2045 4250 2124 4317 ad
2163 4252 2478 4319 latebrosa
2516 4256 2914 4347 montium

543 4380 739 4427 saxa
787 4378 992 4443 quae
1038 4356 1323 4423 incolunt
1370 4360 1615 4423 excitae
1663 4358 1918 4423 tandem
1967 4360 2184 4443 copiae
2231 4358 2741 4425 contruserunt.”
