3150 5000
1265 275 1587 327 nomos.
1738 341 1744 354 Ι
2489 251 2621 318 349

218 449 319 540 (=
363 447 405 528 ζ
454 446 609 528 134)
671 447 885 523 μήλων
932 446 1327 527 πειρήσοντα.
1402 443 1764 510 Fatendum
1819 447 2040 508 tamen
2084 446 2217 524 est,
2265 439 2428 506 hauc
2475 461 2622 506 con.

218 557 525 620 iecturam
604 553 929 639 aliquanto
1004 553 1411 618 incertiorem
1481 549 1618 616 fieri
1669 571 1858 615 versu
1905 549 2117 614 vicino
2165 557 2234 612 Ω.
2264 545 2415 624 433,
2467 569 2617 614 mox

218 661 528 728 afferendo
548 710 565 739 ,
617 662 731 726 ubi
777 661 950 726 idem
998 658 1163 725 illud
1214 665 1391 742 πειρᾷ
1444 657 1709 744 leg-itur,
1757 663 1822 720 et
1867 653 1983 722 illo
2031 655 2289 740 quidem
2338 653 2496 730 loco,
2544 665 2618 720 ut

219 767 499 852 videtur,
549 771 712 834 citra
762 788 940 852 spem
988 764 1275 831 sanandi.

308 997 346 1039 ο·
398 971 517 1060 10:
563 979 719 1038 εεῖκε
767 970 943 1052 γέρον
991 968 1313 1050 προθύρου,
1363 969 1454 1045 μὴ
1500 967 1571 1043 33,
1622 965 1807 1046 τοίχοο
1854 967 1960 1032 καὶ
2003 966 2180 1040 ποδὸς
2230 964 2451 1048 ἕλκῃ.

219 1081 361 1147 Hoc
426 1080 603 1158 loco,
664 1081 792 1144 nisi
855 1080 1072 1144 omnia
1133 1097 1237 1142 me
1299 1074 1572 1158 fallunt,
1640 1074 2022 1140 vocabulum
2073 1061 2236 1155 ’ἕλκῃ
2279 1091 2405 1140 non
2453 1093 2619 1139 cor-

219 1193 559 1274 ruptum
622 1192 753 1262 est,
818 1185 928 1250 sed
988 1204 1101 1270 per
1153 1171 1429 1248 errorem
1491 1181 1573 1247 ad
1635 1183 2066 1266 passivum
2129 1180 2417 1258 refertur,
2469 1201 2618 1245 cum

220 1315 439 1362 revera
503 1294 701 1360 activi
758 1294 845 1358 sit
893 1291 1117 1357 forma.
1195 1289 1320 1354 Pro
1369 1287 1440 1362 δή
1461 1335 1479 1368 ,
1525 1288 1696 1374 quod
1739 1307 1994 1373 prorsus
2040 1286 2322 1353 abundat
2337 1335 2356 1366 ‚
2404 1285 2620 1374 legen-

224 1402 381 1468 dum
430 1407 529 1467 est
574 1424 694 1471 τιςε

584 1506 674 1586 μή
723 1528 852 1577 τις
901 1503 1087 1585 τάχα
1136 1502 1242 1568 καὶ
1292 1499 1470 1572 ποδὸς
1518 1497 1734 1582 ἕλκῃ.

227 1615 605 1682 conferatur
648 1637 679 1694 ρ
718 1611 889 1679 4¹79:

585 1721 677 1798 μή
725 1744 796 1784 σε
850 1719 961 1784 νέοι
1014 1718 1114 1783 διὰ
1164 1717 1343 1794 δῶμα
1392 1714 1738 1795 εερύσσωσζ

223 1827 470 1894 Notum
518 1833 616 1893 est
660 1826 827 1892 illud
874 1850 1029 1902 τις,
1086 1844 1210 1911 quo
1258 1825 1401 1908 quis
1444 1843 1525 1888 se
1576 1821 1850 1906 ipsum
1899 1823 2064 1886 tecte
2104 1818 2208 1886 vel
2247 1823 2460 1906 potius
2499 1822 2622 1888 iro-

223 1939 362 2002 nice
410 1936 689 2012 indicat;
738 1955 787 1999 e.
818 1955 886 2021 g.
934 1943 991 1998 A
1040 1929 1209 1996 289:

588 2038 633 2107 οἳ
681 2043 795 2105 τιν’
843 2041 909 2104 οὖ
958 2037 1276 2104 πείσεσθαι
1324 2035 1422 2101 ὀΐω

220 2150 433 2236 quibus
480 2170 598 2212 non
646 2149 1172 2230 obtemperaturum
1218 2166 1341 2209 eece
1384 2141 1651 2206 arbitror
1698 2147 1918 2204 certum
1965 2141 2256 2226 quendam
2307 2141 2614 2220 hominem,

222 2279 389 2341 quem
437 2255 747 2320 nominare
793 2275 953 2318 nunc
998 2253 1155 2317 nolo.

309 2444 344 2509 δ
393 2440 557 2511 395;
614 2439 775 2516 αὐτή
806 2463 925 2505 νυν
968 2437 1290 2523 Φράζευ
1337 2437 1414 2502 σὺ
1464 2435 1652 2516 λόχον
1698 2433 1869 2501 oetaeo
1915 2433 2215 2515 γέροντος.

224 2547 470 2616 Immo:

613 2654 777 2729 αὐτή
826 2678 927 2721 νυν
973 2653 1063 2719 σὺ
1112 2648 1375 2733 Φράζε
1424 2647 1656 2730 λόχον,

224 2769 287 2825 iu
350 2762 541 2843 i9itur
600 2761 736 2843 ipsa
782 2760 951 2824 nobis
995 2760 1201 2822 indica
1247 2780 1359 2843 quo
1412 2758 1549 2821 dolo
1597 2757 1831 2839 captari
1871 2756 2064 2839 possit
2106 2780 2284 2822 senex
2331 2760 2619 2823 marinus,

223 2866 491 2935 Prorsus
540 2873 616 2931 ut
663 2880 730 2949 λ,
753 2864 841 2930 22
890 2864 1168 2952 legitur:
1685 2893 1714 2927 ο

609 2971 785 3046 ἤιμεν
830 2968 967 3053 ὄφρ’
1016 2972 1076 3043 ἐς
1124 2976 1319 3051 χῶρον
1368 2966 1704 3051 ἀφικόμεθ’
1755 2966 1818 3033 ὃν
1865 2968 2152 3049 ’Φράσε
2199 2971 2405 3049 Κίρκη.

225 3076 307 3141 Et
351 3077 601 3165 Hymn.
652 3076 875 3143 Vener.
931 3074 1099 3141 128:

613 3182 813 3262 αὐτὰρ
863 3184 995 3248 ἐπεὶ
1043 3185 1113 3258 δὴ
1172 3180 1363 3259 ἔδειξε
1416 3181 1521 3245 καὶ
1572 3180 1953 3260 ἔφρασεν.

228 3288 399 3367 Quae
462 3290 731 3377 vulgata
788 3290 1083 3365 exhibet,
1130 3296 1261 3373 ipsa
1311 3294 1686 3369 excoqita
1731 3288 1966 3367 dolum,
2016 3310 2270 3355 sensum
2319 3292 2626 3377 praebent

228 3414 263 3458 a
324 3402 627 3461 contextu
675 3394 980 3460 alienum.
1043 3394 1149 3461 Dii
1199 3396 1366 3459 enim
1420 3392 1636 3457 πάντα
1683 3394 1916 3473 flexae,
1966 3416 2170 3480 neque
2214 3398 2421 3484 igitur
2463 3418 2622 3483 opus

230 3508 320 3565 est
366 3510 441 3566 ut
488 3501 697 3565 multa
744 3506 879 3565 arte
926 3500 1262 3585 multoque
1307 3500 1522 3565 labore
1569 3502 1856 3566 inveniat
1903 3500 2198 3585 Idothea,
2249 3523 2442 3587 quam
2484 3504 2624 3569 Me-

229 3606 445 3672 nelaus
493 3608 554 3671 h.
584 3606 628 3670 1.
681 3605 1052 3691 alloquitur,
1101 3627 1229 3691 qua
1270 3608 1513 3671 ratione
1548 3612 1730 3690 pater
1767 3605 2036 3672 Proteus
2073 3611 2274 3694 possit
2308 3611 2620 3696 occupari.

230 3708 435 3779 Immo
484 3714 666 3779 heros
714 3712 981 3798 supplex
1030 3734 1169 3779 eam
1218 3718 1355 3777 orat
1402 3719 1477 3775 ut
1522 3714 1854 3777 scientiam
1873 3760 1890 3791 ,
1937 3734 2131 3799 quam
2177 3718 2347 3800 ipsa,
2399 3721 2620 3802 utpote

233 3816 376 3896 dea,
427 3825 791 3905 promptam
843 3817 1074 3884 habeat
1121 3824 1311 3903 atque
1358 3823 1687 3903 paratam,
1733 3820 1858 3904 ipsi
1903 3820 2029 3884 sibi
2073 3822 2425 3907 impertiat.

316 4173 599 4244 Tandem
662 4178 1069 4261 pervenimus
1130 4176 1209 4241 ad
1268 4174 1416 4241 illos
1478 4175 1651 4241 locos
1672 4223 1689 4254 ,
1739 4178 1894 4241 satis
1942 4176 2202 4261 quidem
2249 4198 2421 4245 raros
2438 4229 2456 4264 ,
2504 4178 2614 4245 sed

238 4284 441 4346 tamen
501 4302 697 4366 quam
755 4280 991 4347 vellem
1038 4282 1379 4347 crebriores
1396 4328 1413 4359 ,
1463 4300 1736 4366 quorum
1785 4292 1900 4348 aut
1945 4282 2192 4349 nullam
2239 4292 2352 4350 aut
2400 4287 2616 4351 minus

238 4396 463 4451 certam
513 4391 964 4454 correctionem
1015 4390 1085 4453 in
1129 4393 1431 4473 promptu
1479 4387 1702 4453 habeo.
