3150 5000
833 1055 979 1159 DE
1046 1055 1566 1161 PEOUNIIS
1635 1055 2017 1162 SACRIS

499 1224 623 1329 IN
688 1226 1472 1333 PARTHENONIS
1540 1226 2349 1334 OPISTHODOMO.

1271 1504 1572 1527 ἡ--

317 1797 656 1886 Adolphus
719 1798 1154 1865 Kirchhovius
1172 1846 1188 1876 ,
1255 1818 1379 1883 quo
1443 1817 1631 1863 nemo
1682 1798 1751 1863 in
1807 1796 2325 1883 inscriptionibus
2371 1797 2625 1866 Graecis

229 1911 292 1971 et
339 1905 804 1972 constituendis
865 1910 930 1969 et
975 1904 1466 1991 interpretandis
1513 1908 1578 1969 et
1624 1903 1704 1971 ad
1750 1900 2162 1969 illustrandas
2208 1906 2622 1990 antiquitates

230 2010 510 2079 Graecas
571 2011 945 2077 adhibendis
990 2016 1205 2077 nostra
1251 2016 1458 2077 aetate
1503 2016 1568 2075 et
1614 2009 1857 2076 doctior
1904 2015 1969 2075 et
2006 2012 2292 2097 sagacior
2310 2058 2327 2089 ,
2374 2012 2443 2077 in
2490 2011 2621 2076 dis-

228 2120 562 2205 putatione
609 2119 913 2203 inscripta
962 2138 1114 2195 „zur
1161 2114 1545 2183 Geschichte
1585 2115 1695 2181 des
1730 2115 2162 2182 Athenischen
2202 2114 2623 2183 Staatsschat-

229 2246 326 2291 zes
368 2227 462 2290 im
523 2224 775 2289 funften
817 2223 856 2289 J
861 2222 1315 2301 ahrhundert”,
1366 2244 1558 2309 quam
1608 2224 1877 2288 inseruit
1924 2225 1991 2287 in
2039 2221 2626 2290 Commentationes

229 2332 614 2398 Academiae
677 2330 924 2419 Regiae
984 2330 1356 2397 Borussicae
1409 2332 1558 2396 anni
1614 2326 1785 2398 1876
1804 2376 1820 2409 ,
1878 2332 2309 2416 copiosissime
2358 2334 2498 2419 agit
2546 2331 2624 2398 de

227 2438 748 2527 inscriptionibus
789 2444 854 2503 et
893 2436 1049 2503 locis
1088 2444 1419 2504 auctorum
1441 2484 1457 2516 ,
1499 2458 1577 2502 ex
1616 2436 1851 2524 quibus
1891 2438 2185 2503 certiores
2209 2435 2436 2517 fimus,
2463 2459 2623 2525 quae

230 2552 292 2611 et
353 2545 578 2633 quales
639 2545 944 2631 pecuniae
989 2544 1239 2612 saeculo
1286 2546 1507 2631 quinto
1553 2546 1628 2610 A.
1675 2541 1749 2610 O.
1791 2543 1875 2611 N.
1924 2547 1989 2608 in
2038 2565 2179 2611 arce
2224 2545 2621 2613 Athenarum

230 2651 600 2720 adservatae
661 2651 790 2716 sint
844 2657 910 2717 et
954 2651 1269 2737 quomodo
1316 2648 1618 2717 collectae
1664 2656 1730 2716 et
1778 2671 2106 2736 expensae.
2178 2651 2485 2719 Universa
2532 2655 2623 2719 sic

227 2761 316 2826 ibi
365 2761 689 2845 disputat:

315 2866 639 2934 Pecuniae
655 2913 672 2944 ,
722 2887 882 2952 quae
929 2864 1424 2932 adservabantur
1461 2866 1530 2929 in
1569 2883 1740 2943 arce,
1768 2882 2052 2951 quaeque
2076 2865 2426 2932 secundum
2452 2866 2623 2935 'rhu-

233 2973 530 3058 cydidem
597 2971 722 3059 (ΙΙ,
775 2971 888 3060 13)
949 2992 1112 3038 anno
1177 2972 1248 3035 2⁰
1298 2970 1559 3060 Olymp.
1610 2970 1697 3038 8¹7
1756 2977 1935 3037 erant
1991 2972 2071 3038 ad
2118 2971 2359 3039 talenta
2407 2972 2621 3055 6000,

234 3080 583 3146 secundum
631 3079 902 3145 eundem
952 3085 1275 3145 auctorem
1323 3076 1476 3164 (ΙΙΙ,
1532 3077 1644 3165 17)
1692 3078 1886 3142 tribus
1938 3081 2118 3144 annis
2163 3084 2339 3164 post,
2392 3078 2489 3147 01.
2534 3079 2621 3146 88

232 3205 389 3252 anno
443 3187 550 3270 1⁰,
613 3191 862 3270 praeter
920 3184 1094 3251 1000
1142 3184 1258 3250 illa
1303 3184 1581 3264 talenta,
1635 3206 1796 3270 quae
1844 3184 1923 3251 ad
1970 3185 2397 3252 defensionem
2448 3187 2625 3254 urbis

235 3292 538 3359 adversus
582 3292 866 3358 hostium
915 3291 1196 3374 classem,
1231 3299 1528 3377 exempta
1571 3299 1749 3357 erant
1797 3290 2023 3379 (Thuc.
2048 3292 2147 3377 11,
2172 3291 2327 3378 24),
2368 3297 2623 3380 penitus

235 3411 406 3465 erant
449 3400 862 3484 absumptae,
901 3406 977 3463 ut
1017 3399 1244 3464 deinde
1281 3397 1725 3477 Athenienses,
1757 3398 1935 3463 —id
1976 3400 2144 3484 quod
2169 3398 2389 3487 colligi
2415 3407 2625 3487 potest

236 3523 310 3567 ex
355 3506 714 3570 rationibus
758 3504 1138 3593 logistarum
1162 3551 1178 3582 ,
1225 3525 1382 3589 quas
1422 3504 1727 3570 exhibent
1764 3525 1983 3570 eorum
2026 3504 2281 3571 tabulae
2322 3506 2529 3574 editae
2554 3510 2624 3572 in

236 3606 416 3697 Corp.
461 3611 659 3678 Inscr.
700 3614 836 3677 Att.
864 3611 898 3676 I
923 3607 1016 3675 n0.
1044 3609 1214 3695 273,
1243 3648 1326 3659 —
1355 3616 1609 3676 tantum
1659 3610 1727 3675 id
1772 3609 1920 3676 inde
1951 3617 2198 3676 >mutuo
2237 3615 2621 3694 sumserint,

237 3717 396 3799 quod
439 3737 687 3804 quoque
728 3738 891 3783 anno
929 3739 1008 3782 ex
1045 3719 1243 3783 variis
1279 3716 1605 3782 redituum
1632 3718 1973 3804 generibus
1998 3717 2404 3785 conferretur.
2454 3717 2623 3787 Cum

235 3821 434 3907 igitur
481 3826 640 3889 item
693 3844 770 3891 ex
818 3823 1056 3889 tabulis
1101 3824 1483 3912 logistarum
1536 3829 1779 3889 constet
1825 3845 1896 3888 ex
1949 3826 2237 3909 pecuniis
2256 3872 2273 3902 ‚
2322 3846 2434 3912 pro
2481 3829 2622 3912 qui-

241 3924 350 3990 bus
413 3928 632 3994 foenus
696 3916 1236 4014 computaretur,
1263 3949 1378 4012 per
1422 3936 1634 4012 septem
1682 3949 1875 3996 annos
1923 3929 2001 3995 ab
2048 3951 2211 3996 anno
2260 3927 2334 3996 4⁰
2383 3930 2482 3998 Ol.
2533 3932 2621 3998 86

239 4050 435 4117 usque
499 4035 578 4101 ad
640 4054 878 4099 annum
941 4033 1068 4099 2um
1115 4033 1214 4100 Ol.
1263 4033 1350 4099 88
1412 4035 1582 4101 haud
1648 4034 1865 4122 plura,
1915 4056 2105 4121 quam
2156 4036 2333 4106 4750
2383 4038 2623 4106 talenta

243 4145 464 4207 mutuo
524 4148 781 4226 sumpta
845 4161 1014 4218 esse,
1079 4148 1371 4226 apertum
1433 4151 1530 4206 est
1590 4145 1783 4207 etiam
1832 4145 2132 4227 pecunias
2177 4142 2457 4230 aliquas,
2507 4165 2621 4230 pro

242 4245 467 4324 quibus
510 4246 691 4312 nulla
737 4268 928 4314 usura
976 4247 1344 4325 deberetur,
1397 4269 1476 4312 ex
1515 4268 1656 4312 arce
1696 4268 1831 4313 esse
1868 4248 2189 4315 deductas.
2239 4248 2383 4317 Hae
2408 4257 2621 4316 tamen

241 4355 536 4430 pecuniae
590 4374 703 4439 pro
756 4355 998 4419 minore
1053 4352 1243 4420 modo
1289 4359 1469 4438 parte
1488 4400 1504 4432 ,
1548 4359 1821 4439 quantae
1866 4355 1945 4422 ad
1992 4353 2488 4441 aedificandum,
2540 4358 2617 4424 ad
