3150 5000
1298 284 1620 334 nonnus.
2533 266 2666 332 363

266 454 448 514 textu
508 447 853 514 Homerico
912 470 1137 534 necne,
1200 471 1367 516 nunc
1430 471 1555 516 non
1617 471 1880 535 quaem,
1947 455 2010 515 et
2059 451 2326 516 verbum
2376 448 2604 516 ἔδνεισα
2628 503 2646 525 ,

263 555 529 620 δέδεοικα
570 555 673 644 vel
710 557 937 638 δέδεια,
980 557 1149 642 quod
1188 554 1425 622 ἔδδεισα
1451 609 1465 634 ,
1512 557 1807 641 δείδοικα,
1853 557 2050 622 δείδια
2091 557 2290 642 vulgo
2330 559 2649 624 scribitur.

262 661 335 728 Si
384 681 536 727 vero-
572 661 859 726 δνείδοικα
894 669 959 728 et
980 663 1219 728 ’δεείδια
1268 665 1541 748 scribas,
1591 663 1792 729 nihilo
1839 663 2216 748 prudentius
2263 681 2417 751 agas
2462 685 2657 750 quam

264 771 322 833 si
386 769 565 834 verbi
631 769 913 846 κρύπτειν
940 819 957 848 ,
1023 775 1098 834 ut
1155 771 1275 835 hoc
1338 775 1505 847 utar,
1551 770 1908 856 perfectum
1957 769 2258 836 formares
2306 769 2618 851 κρέκρυφα
2639 822 2656 856 ,

262 881 330 941 et
377 874 726 950 κτέκτημαι
774 875 1133 951 μνέμνηριαι
1182 897 1467 961 posceres
1516 897 1632 962 pro
1679 874 1987 952 κέκτημαι
2035 877 2385 953 μέμνημαι.
2439 877 2661 944 Prima

262 981 455 1047 litera
524 981 1008 1067 reduplicationi
1077 985 1377 1060 inservit,
1449 983 1725 1049 secunda
1785 1003 1910 1049 non
1971 986 2153 1048 item.
2227 983 2438 1048 Pudet
2501 983 2658 1072 talia

263 1089 581 1173 proferre,
646 1090 827 1173 quasi
889 1109 1115 1174 pueros
1182 1090 1477 1173 doceam,
1540 1111 1665 1155 non
1715 1110 1862 1155 vero
1910 1089 2108 1165 viros,
2159 1109 2316 1174 quos
2357 1091 2651 1154 'doctrina

264 1203 329 1280 et
394 1201 602 1261 aetate
664 1215 769 1260 me
826 1195 1016 1282 longe
1080 1196 1447 1262 antecedere
1494 1198 1687 1280 probe
1741 1199 1898 1272 scio,
1951 1199 2028 1261 ab
2078 1217 2284 1262 errore
2334 1196 2644 1260 dehortor.

260 1297 391 1366 Sed
436 1300 643 1378 vides,
698 1299 895 1366 lector
946 1304 1248 1388 benigne,
1298 1303 1448 1367 huic
1494 1303 1793 1367 metuendi
1836 1309 1900 1366 et
1947 1303 2212 1366 terrendi
2259 1303 2450 1367 verbo
2505 1322 2646 1366 vere

262 1405 607 1474 terrificam
655 1408 971 1492 quandam
1021 1412 1158 1473 vim
1208 1412 1449 1486 inesse,
1499 1429 1659 1493 quae

540 1514 797 1595 βλάψεν
847 1516 931 1578 ἑνὶ
976 1517 1262 1592 στήθεσσι
1314 1514 1439 1580 νόον
1486 1517 1662 1580 πύκα
1711 1539 1821 1595 περ
1870 1515 2270 1593 Φρονεόντων.

263 1620 625 1686 Praesentis
664 1628 881 1686 autem
926 1621 1131 1688 forma
1170 1622 1572 1706 δειδίσσσμαι,
1615 1643 1775 1707 quae
1814 1623 1969 1688 haec
2019 1623 2387 1707 disputandi
2435 1623 2658 1688 attulit

262 1727 431 1790 mihi
501 1731 889 1793 occasionem
911 1779 930 1803 ,
1002 1728 1501 1813 reduplicatione
1581 1729 1716 1794 sine
1792 1728 1986 1794 dubio
2056 1737 2150 1794 est
2217 1730 2525 1806 formata,
2587 1737 2659 1794 ut

262 1835 589 1915 μιμνήσκεο
634 1837 939 1915 κικλῄσκω
983 1841 1047 1899 et
1085 1855 1247 1919 quae
1285 1842 1435 1899 sunt
1474 1833 1622 1900 alia.
1675 1831 1838 1911 Cum
1881 1855 2031 1900 vero
2069 1835 2136 1898 in
2181 1835 2416 1900 talibus
2441 1837 2661 1901 formis

264 1951 489 2026 regnet
550 1940 786 2005 vocalis
850 1966 905 2018 ι,
969 1941 1500 2017 Rubrio-comosa
1567 1937 1782 2025 potius
1847 1941 2250 2007 scribendum
2300 1963 2656 2026 censerem,

264 2046 387 2110 nisi
436 2049 636 2111 etiam
684 2048 750 2110 in
796 2049 987 2112 verbo
1038 2048 1271 2111 εεείσκω
1320 2047 1551 2133 (ἐΐσκω)
1581 2047 1856 2112 literam
1898 2073 1923 2110 ε
1967 2047 2456 2130 reduplicationi
2496 2057 2658 2112 tem-

261 2154 433 2236 poris
494 2155 843 2239 praesentis
904 2156 1210 2219 inservire
1260 2154 1563 2220 viderem.
1617 2153 1838 2239 Itaque
1885 2154 2416 2228 δεδνίσσομαι
2469 2154 2656 2220 confi-

264 2257 486 2323 denter
548 2259 853 2324 hactenus
912 2262 1135 2344 scripsi
1180 2268 1244 2324 et
1288 2262 1561 2326 scribere
1609 2281 1906 2347 pergam,
1954 2281 2070 2326 nec
2115 2283 2241 2326 non
2288 2261 2658 2326 δέδεοικα

268 2373 329 2428 et
390 2363 807 2440 δεδνήμων.
880 2365 1005 2430 His
1068 2388 1219 2432 vero
1269 2365 1563 2451 perlectis
1612 2369 1666 2431 si
1713 2366 2014 2432 concedat
2061 2368 2226 2432 mihi
2271 2367 2654 2448 Mentadus,

266 2492 343 2536 ne
404 2473 675 2558 cogitari
735 2472 995 2557 quidem
1044 2494 1224 2558 posse
1272 2474 1348 2539 de
1394 2476 1666 2560 synizesi
1711 2477 1780 2539 in
1825 2474 2032 2539 forma
2079 2474 2395 2561 dactylica
2440 2475 2652 2541 νέλπεο

268 2575 423 2643 locis
472 2598 629 2663 quos
673 2578 983 2644 indicavit
1027 2580 1325 2667 gemellis
1370 2590 1423 2643 T
1476 2579 1606 2644 201
1658 2587 1722 2645 et
1771 2580 1938 2645 432:

539 2684 750 2748 νέλπεο
799 2684 1203 2770 δεδείξεσθαι,
1252 2688 1382 2751 ἐπεὶ
1434 2684 1622 2769 σάφα
1670 2686 1831 2751 εοῒδα
1881 2687 1986 2751 καὶ
2039 2686 2224 2758 αὐτός
2250 2738 2268 2771 ,

267 2808 491 2874 operae
529 2793 814 2875 pretium
863 2791 1086 2858 fecisse
1132 2814 1237 2859 me
1284 2792 1497 2859 dicam
1530 2792 1601 2878 1).

356 2992 797 3059 Nominum
882 2996 1193 3063 formae
1262 3003 1751 3063 contractae
1821 2997 2178 3083 complures
2247 3002 2655 3087 corrigendae

269 3100 433 3163 mihi
495 3100 795 3165 videntur
856 3106 1065 3185 potins
1114 3125 1305 3187 quam
1354 3125 1431 3169 ex
1476 3106 1843 3169 recentioris
1893 3107 2123 3169 aetatis
2171 3126 2292 3170 usu
2341 3107 2447 3172 vel
2492 3129 2648 3193 qua-

270 3224 516 3289 cunque
564 3206 639 3271 de
688 3228 877 3273 causa
924 3210 1337 3274 excusandae.

358 3310 445 3375 Et
488 3311 759 3375 formam
811 3316 1065 3393 ἀκραῆ
1113 3316 1164 3391 β
1213 3314 1368 3399 421,
1419 3322 1492 3380 ut
1538 3318 1618 3381 ab
1659 3317 1777 3381 hac
1818 3318 2079 3383 initium
2121 3318 2388 3397 faciam,
2431 3320 2658 3386 dissol-

174 3422 184 3431 ’
274 3419 543 3483 vendam
592 3440 815 3485 censeo
838 3439 851 3481 :

541 3524 780 3602 ἆκραέα
828 3524 1111 3607 ζέφυρον,
1163 3528 1489 3598 κελάδοντ’
1539 3530 1639 3593 ἐπὶ
1690 3531 1928 3594 νοίνοπα
1981 3530 2220 3596 πόντον.

362 3628 581 3714 Neque
628 3651 732 3696 me
781 3639 999 3699 movet
1046 3634 1283 3700 vocalis
1330 3662 1371 3699 α
1422 3640 1742 3721 correpta,
1791 3656 1950 3720 quae
1989 3638 2058 3701 in
2101 3637 2364 3722 ἑλιαῆς,
2407 3639 2656 3719 δυσαής,

280 3734 539 3815 ὑπεραής
564 3786 580 3813 ,
646 3738 715 3801 id
762 3746 859 3803 est
908 3742 973 3803 in
1021 3742 1183 3819 arsi,
1235 3742 1650 3826 producatur;
1703 3741 1917 3807 eadem
1974 3744 2146 3807 enim
2197 3749 2505 3831 correptio
2553 3769 2657 3812 ex·

276 3844 369 3905 tat
420 3843 587 3927 apud
638 3842 995 3909 Hesiodum
1044 3846 1231 3933 Oper.
1282 3847 1446 3912 594:

542 3948 744 4015 ἄντιον
792 3953 837 4015 οὶ
852 3978 889 4017 κ
906 3979 937 4031 ρ
956 3951 999 4017 ἃ
1020 3952 1047 4017 έ
1065 3979 1092 4018 ο
1110 3980 1139 4026 ς
1187 3955 1450 4035 ζεφύρου
1498 3956 1820 4035 τρέψαντα
1869 3954 2206 4042 πρόσωπον,

342 4238 394 4301 1)
444 4240 583 4290 Nihil
632 4239 783 4304 igitur
827 4238 1002 4287 attinet
1048 4252 1243 4300 rogare,
1290 4254 1385 4303 quo
1431 4254 1569 4286 sensu
1606 4238 1656 4285 in
1690 4236 1845 4285 verbis
1880 4237 2040 4287 allatis
2073 4240 2328 4287 contendat
2363 4240 2655 4301 Mammas,

282 4316 399 4368 hunc
448 4338 637 4371 versum
688 4322 847 4387 priore
895 4322 999 4370 loco
1052 4320 1328 4369 recentioris
1376 4320 1545 4369 aetatis
1593 4336 1690 4369 ease
1736 4336 1880 4383 quam
1932 4322 2100 4371 altero.
2153 4322 2340 4371 Dixeris
2378 4327 2540 4372 tamen
2594 4324 2652 4373 de

280 4412 437 4462 versu,
471 4405 553 4467 qui
586 4402 658 4452 bis
691 4404 893 4466 legatur,
928 4402 999 4451 bic
1032 4402 1159 4451 idem
1192 4418 1291 4451 esse
1325 4402 1644 4451 statuendum.
