3150 5000
576 224 706 292 152
1175 325 1182 336 .
1553 244 1981 295 mnuornmu.

569 409 784 477 deesse
852 411 1260 476 criminatur:
1333 415 1508 475 totus
1577 413 1645 475 in
1717 411 1925 477 verbis
1989 429 2113 476 non
2178 411 2301 475 sibi
2368 430 2503 475 rem
2550 413 2701 474 ante
2750 404 2957 473 oculos
3088 448 3090 463 ι

571 517 917 603 proposuit.
981 516 1230 602 Nempe
1290 518 1426 603 ipse
1485 519 1711 583 mortis
1775 518 1968 583 timor
2028 517 2217 582 faciet
2281 520 2357 582 ut
2407 514 2818 581 condemnati
2864 532 2963 597 per

571 623 816 690 ordines
900 624 1225 708 utrimque
1292 624 1635 689 instructos
1705 625 1901 689 citato
1973 644 2161 689 cursu
2226 622 2501 689 volitent
2560 627 2625 689 et
2692 620 2965 685 fustibus

572 736 714 797 tuto
759 733 992 816 poterit
1037 730 1450 815 supersederi.
1498 729 1851 796 Verissima
1899 735 1995 795 est
2031 728 2341 797 Codicum
2376 728 2565 795 lectio
2606 726 2965 808 προσιόντας
3091 753 3092 804 ;

573 842 639 903 et
685 836 852 921 quod
892 838 1194 903 obmovet
1241 835 1530 929 Stahlius
1578 838 2029 923 imperfectum
2079 836 2484 917 ἐπετάχυνον.
2529 856 2654 900 11011
2694 832 2967 899 attendit

571 963 699 1008 non
761 963 982 1009 omnes
1047 942 1268 1009 eodem
1329 948 1613 1029 tempore
1659 965 1737 1009 ex
1784 964 2029 1010 carcere
2076 944 2335 1009 eductos
2382 943 2576 1009 fuisse
2594 990 2613 1025 ,
2664 941 2781 1007 sed
2830 941 2967 1005 κατ’
3090 962 3092 1003 ι

571 1048 794 1115 εἴκοσιν
839 1048 1098 1129 ἄνδρας·
1147 1050 1297 1115 111116
1336 1050 1576 1135 optime
1618 1071 1751 1116 sese
1789 1049 1983 1117 habet
2022 1052 2487 1136 imperfectum.
2527 1047 2735 1113 Miror
2771 1048 2963 1112 etiam

573 1151 850 1221 Grotum
895 1155 1073 1222 Hist.
1123 1154 1232 1221 Gr.
1283 1153 1370 1222 Vl
1419 1154 1549 1221 359
1597 1156 1810 1222 locum
1860 1176 1985 1223 non
2033 1154 2445 1223 intellexisse.

665 1367 819 1455 Gap.
882 1368 969 1434 IV
1033 1369 1115 1434 51
1185 1371 1262 1437 de
1324 1367 1503 1436 Chiis
1564 1370 1885 1458 legimus:
1938 1370 2272 1444 ’Λθηναίων
2322 1366 2847 1436 ὑποπτευσάντων
2898 1368 2967 1437 ἔς

572 1476 797 1548 αὐτούς
859 1501 918 1541 τι
983 1484 1328 1556 νεωτεριεῖν.
1395 1474 1673 1543 Cobetus
1720 1480 2029 1564 expunxit
2076 1480 2346 1544 otiosam
2394 1477 2965 1563 praeposit-ionem,

571 1583 681 1650 sed
728 1583 902 1648 aliud
951 1584 1106 1668 quid
1151 1583 1349 1649 latere
1395 1586 1716 1669 suspicor,
1763 1604 1914 1650 nam
1956 1587 2235 1670 primum
2278 1606 2507 1669 parum
2548 1584 2761 1661 video,
2804 1582 2969 1647 unde

569 1692 952 1775 praepositio
995 1689 1166 1755 male
1211 1690 1335 1755 huc
1377 1690 1606 1776 pedem
1654 1689 1983 1775 intulerit,
2032 1690 2256 1756 deinde
2299 1690 2533 1755 dixeris
2584 1709 2805 1755 veram
2848 1687 2967 1753 lec·

571 1798 812 1861 tionem
833 1843 848 1874 ,
901 1794 1381 1881 qualiscumque
1429 1796 1688 1861 tandem
1736 1817 1811 1862 ea
1858 1798 1948 1862 sit
1966 1846 1985 1881 ,
2033 1799 2172 1861 erui
2220 1796 2444 1862 debere
2483 1816 2519 1861 e
2556 1792 2785 1861 Dionis
2824 1796 2968 1858 imi-

572 1904 812 1967 tatione
857 1922 933 1987 p.·
970 1901 1078 1966 22.
1133 1900 1263 1967 100
1307 1901 1558 1968 Reim.:
1611 1903 1669 1975 εἰς
1719 1903 1973 1974 ἐκείνους
2021 1904 2246 1967 ταύτὸν
2298 1899 2677 1968 ὑπώπτευεν.
2726 1900 2965 1965 Itidem

569 2006 870 2073 notabilis
931 2006 1288 2093 corruptela
1350 2014 1447 2073 est
1508 2007 1596 2072 IV
1647 2008 1756 2071 54:
1822 2008 2129 2085 ἀνέςησαν
2175 2008 2333 2090 γὰρ
2382 2009 2433 2074 οἱ
2480 2008 2793 2083 Ἀθηναῖοι
2846 2016 2970 2071 Κυ-
3095 2042 3096 2051 1

579 2114 842 2198 θηρίους,
887 2134 1038 2179 nam
1085 2134 1274 2179 nemo
1319 2113 1613 2181 dubitare
1662 2115 1848 2181 debet
1894 2118 2049 2201 quin
2096 2115 2455 2203 legendum·
2481 2118 2601 2179 sit:
2654 2114 2965 2189 ἆνέςησαν

569 2222 724 2301 γὰρ
788 2221 831 2285 οἳ
853 2246 880 2285 ν
901 2268 919 2298 ,
981 2242 1096 2287 1166
1157 2220 1629 2305 provocandum
1694 2228 1789 2286 est
1848 2221 1927 2287 ad
1974 2221 2272 2287 Aristidis
2322 2222 2771 2285 testimonium
2820 2220 2858 2284 Ι
2906 2240 2963 2303 p.

571 2325 705 2393 276
753 2324 805 2395 C
827 2375 843 2406 ‚
892 2346 1083 2412 quem
1131 2325 1344 2392 locum
1393 2324 1849 2393 Bloomfieldus
1892 2326 2260 2412 adscripsit:
2320 2326 2702 2406 αἰσχύνομαι
2754 2348 2964 2405 παρα-

569 2433 798 2501 λείπων
837 2470 924 2483 -
965 2432 1195 2514 ἐτέρους
1244 2433 1765 2511 Λακεδαιμονίους
1815 2434 1881 2500 ἐκ
1919 2435 2191 2514 Κυθήρων
2229 2432 2609 2518 ἀγομένους,
2642 2432 2749 2497 hic
2791 2434 2962 2497 enim

568 2562 738 2608 nunc
799 2543 1056 2627 respicit
1117 2540 1202 2606 IV
1263 2540 1380 2606 5¹7:
1446 2536 1593 2619 ἦγον
1641 2541 1706 2606 δέ
1753 2566 1925 2614 τινας
1976 2542 2077 2606 καὶ
2133 2542 2200 2606 ἐκ
2248 2548 2364 2606 τῶν
2416 2542 2689 2621 Κυθήρων
2734 2537 2960 2619 ἄνδρας

569 2650 832 2728 ὀλίγους.
887 2646 1112 2734 Capite
1151 2647 1235 2714 55
1277 2648 1498 2713 mirari
1534 2651 1679 2734 quis
1714 2651 1941 2735 possit,
1990 2669 2114 2734 quo
2150 2669 2337 2715 sensu
2373 2645 2645 2724 πόλεμος
2686 2648 2961 2726 ταχὺς

567 2757 673 2822 καὶ
725 2755 1211 2836 ἀπροφύλακτος
1261 2755 1546 2838 dicatur,
1595 2756 1705 2821 sed
1750 2759 1920 2822 recte
1963 2755 2431 2821 Herwerdenus
2474 2752 2751 2821 contulit
2790 2752 2963 2818 Thu-

569 2864 711 2950 cyd.
777 2862 866 2927 VI
927 2861 1013 2926 45
1063 2862 1162 2928 uti
1209 2867 1272 2928 et
1311 2861 1498 2928 Dion.
1549 2859 1722 2950 Cass.
1773 2861 1880 2926 LI.
1936 2861 1999 2945 5,
2047 2883 2161 2927 nec
2208 2868 2423 2926 tamen
2481 2859 2959 2947 neglegendum

570 2974 666 3035 est
731 2967 1005 3034 eundem
1063 2969 1334 3033 scribere
1393 2966 1675 3032 XXXVI
1736 2966 1855 3033 23:
1920 2966 2036 3036 ὤςε
2081 2968 2188 3032 καὶ
2237 2967 2449 3045 μέγαν
2479 2967 2602 3053 ,καὶ
2649 2988 2738 3030 συ
2762 2989 2841 3030 νε
2856 2973 2961 3046 xi

569 3075 702 3140 καὶ
755 3077 1403 3154 ἀπροφύλακτον
1451 3073 1554 3140 τὸν
1603 3075 1874 3150 πόλεμον
1919 3074 2226 3151 γενέσθαι.
2276 3071 2438 3138 Utra
2483 3075 2802 3157 scriptura
2849 3092 2961 3138 ve-

565 3185 696 3248 rior
741 3183 828 3246 sit
846 3227 862 3259 ,
913 3177 1172 3246 definire
1218 3182 1326 3244 vix
1378 3181 1587 3245 ausim
1607 3226 1623 3257 ,
1676 3179 1787 3245 sed
1826 3181 2037 3266 magis
2078 3185 2292 3245 tamen
2332 3178 2515 3244 lubet
2552 3177 2809 3244 credere
2846 3177 2962 3242 illo

567 3293 853 3374 tempore
913 3287 1292 3352 sustinuisse
1353 3285 1693 3370 Spartanos
1754 3285 2026 3363 πόλεμον
2083 3293 2313 3367 συνεχῆ
2375 3306 2570 3372 quam
2632 3283 2851 3366 ταχύν
2898 3289 2961 3350 et

569 3393 841 3469 πολέμου
910 3417 1009 3457 τα
1025 3393 1220 3472 χέος
1281 3391 1510 3457 leniter
1572 3391 1876 3480 refingere
1937 3395 2174 3478 poteris
2232 3398 2307 3459 ut
2354 3391 2466 3459 fiat
2512 3397 2956 3473 συνεχοῦς,

569 3521 763 3588 quam
805 3499 1147 3567 lectionem
1161 3549 1180 3585 ‚
1231 3501 1329 3564 uti
1374 3497 1554 3564 vides
1567 3549 1587 3578 ,
1637 3506 1855 3565 tuetur
1900 3498 2022 3566 Dio
2069 3499 2347 3568 Cassius.

659 3714 815 3803 Cap.
864 3715 950 3782 IV
999 3715 1124 3782 55:
1172 3718 1298 3780 πᾶν
1345 3709 1436 3780 ὅτι
1485 3714 1791 3789 κινήσειαν
1839 3711 2018 3797 ᾤοντο
2066 3713 2536 3793 ἁμαρτήσεσθαι
2585 3713 2687 3779 διὸ
2736 3715 2809 3780 τὸ
2847 3715 2960 3788 τήν

577 3824 829 3906 γνώμην
876 3822 1406 3904 ἆνεχέγγυον
1452 3821 1774 3901 γενέσθαι·
1821 3841 2026 3886 11011116
2072 3824 2351 3907 praestat
2394 3817 2959 3902 ἄνεχέγγυοιΐ

567 3930 812 4000 Deinde
872 3930 1142 3994 minime
1197 3926 1496 4015 intelligo
1559 3949 1617 3992 c.
1682 3926 1798 3993 58:
1868 3925 2065 3993 ἄλλαι
2126 3950 2194 3991 τε
2247 3929 2475 3992 πολλαὶ
2528 3934 2778 4006 γνῶμαι
2829 3928 2960 3993 ἐλέ-

570 4059 751 4117 γοντο
815 4033 912 4099 ἐπ’
974 4034 1342 4115 ἀμφότερα,
1396 4033 1847 4114 διαφερομένων
1904 4036 2006 4100 καὶ
2074 4033 2564 4113 ἀξιούντων,
2616 4037 2691 4107 ὥς
2744 4032 2959 4104 ἕκαςοί

567 4168 628 4212 τι
695 4142 1102 4208 ἐλασσοῦσθαι
1163 4141 1428 4223 ἐνόμιζον
1477 4149 1542 4208 et
1587 4139 1764 4207 locus
1812 4141 1918 4207 hic
1966 4147 2061 4206 est
2108 4141 2300 4207 verbo
2346 4140 2949 4220 ἀπαξιούντων,

570 4250 739 4337 quod
783 4251 993 4334 primo
1037 4246 1202 4313 libro
1240 4251 1372 4314 iam
1409 4248 1774 4313 habuimus.
1816 4244 2239 4333 Conqueritur
2274 4246 2725 4315 Hermocrates
2762 4270 2815 4316 c.
2844 4245 2949 4323 60,

569 4356 738 4444 quod
781 4355 1198 4426 Athenienses
1245 4353 1496 4435 ὀνόματι
1546 4353 1719 4451 ἐννό
1734 4377 1846 4438 μω
1892 4351 2273 4437 ξυμμαχίας
2315 4354 2386 4420 τὸ
2426 4353 2615 4436 φύσει
2657 4351 2947 4434 πολέμιον
