3150 5000
586 255 719 324 380
1572 275 1982 326 Ani-nomen

947 546 1167 629 Κὸψας
1214 549 1281 614 ἐκ
1326 553 1541 630 φηγοῦ
1590 573 1659 614 σε
1707 552 1812 616 τὸν
1857 547 2229 630 αὐτὸφλοιον
2281 547 2485 626 ἔθηκεν

1027 659 1211 720 Πᾶνα
1260 655 1662 734 Φιλοξενέδης,
1713 658 1742 722 ὃ
1789 658 2013 731 κλυτὸς
2066 655 2455 735 αἱγελάτης,

947 763 1135 834 θύσας
1185 761 1535 841 αἶγιβάτην
1583 763 1796 828 πολιὸν
1837 762 2088 843 τράγον,
2139 761 2199 828 ἔν
2247 789 2316 828 τε
2367 764 2656 842 γάλακτι

1033 870 1387 951 πρωτογόνῳ
1433 869 1648 948 βωμὸς
1695 869 1836 944 τοὺς
1884 870 2070 949 ἱεροὺς
2119 870 2414 948 μεθύσας.

936 977 1093 1043 ’Avo’
1140 974 1217 1041 ὦν
1264 978 1325 1042 έν
1373 986 1577 1052 σηκοῖς
1627 975 2161 1053 διδυμητόκοι
2210 973 2390 1056 αἶγες
2443 976 2780 1044 ἔσονται

1036 1083 1340 1164 γαστέρα,
1388 1084 1741 1166 φεύγουσαι
1791 1084 2025 1164 τρηχὺν
2074 1083 2292 1149 ὀδόντα
2341 1083 2552 1150 λύκου.

582 1187 656 1255 In
701 1190 885 1256 suavi
932 1189 1051 1257 hoc
1096 1189 1394 1256 Pmffm
1440 1189 2016 1256 Thessalonicensis
2059 1191 2524 1278 epigrammate
2549 1191 2783 1256 misere
2811 1213 2956 1268 παρ-

582 1295 747 1361 έλκει
807 1296 981 1361 istud
1042 1295 1326 1375 γαστέρα
1390 1297 1575 1362 initio
1634 1317 1854 1362 versus
1914 1295 2167 1373 ultimi,
2239 1317 2444 1380 neque
2512 1297 2720 1382 igitur
2791 1293 2956 1381 quid-

584 1421 776 1487 quam
831 1399 1157 1487 proficitur
1202 1401 1418 1468 Bothii
1466 1405 1827 1468 coniectura
1869 1401 2151 1482 γαστέρι.
2222 1399 2497 1468 Gravior
2543 1401 2782 1486 aliquis
2829 1401 2958 1466 sub·

586 1515 682 1574 est
744 1527 949 1586 error,
1012 1528 1215 1594 neque
1276 1509 1451 1573 enim
1500 1507 1973 1596 neglegendum
2025 1514 2122 1574 est
2170 1507 2412 1573 ἔσονται
2436 1510 2528 1572 ‘in
2569 1508 2790 1574 codiee
2835 1507 2959 1573 Pal.

584 1615 974 1700 adscriptum
1024 1636 1157 1680 esse
1204 1637 1241 1680 a
1290 1621 1655 1681 correctore.
1706 1615 2026 1682 Fortasse:

854 1723 1019 1787 ’Λνθ’
1064 1717 1140 1785 ὧν
1188 1723 1247 1786 ἐν
1297 1729 1499 1796 σηκοῖς
1548 1721 2090 1799 διδυμητόκον
2141 1717 2323 1800 αἶγες
2376 1718 2652 1801 ἔχοιεν

864 1827 1188 1909 γαστέρα,
1240 1829 1368 1895 κτὲ.

582 1937 705 2002 Pro
742 1941 955 2021 quibus
1004 1941 1194 2000 sacris
1244 1937 1471 2000 utinam
1518 1941 1584 1999 in
1630 1935 1884 2001 stabulis
1922 1941 2184 2018 yeminos
2217 1935 2473 2020 pariant
2519 1936 2804 2019 capellas.
2873 1931 2962 1998 Ad

582 2046 712 2110 ἀνθ’
772 2040 851 2108 ὧν
912 2042 987 2108 of.
1044 2040 1359 2108 clausulas
1406 2044 1952 2130 epigrammatum
2003 2041 2154 2121 105,
2211 2040 2360 2127 154,
2414 2039 2565 2120 182,
2615 2040 2774 2106 251.
2847 2037 2960 2104 Sed

582 2149 729 2218 vide
774 2169 853 2214 an
901 2154 1150 2215 servato
1197 2150 1263 2214 δι
1286 2148 1642 2226 δυμητόκ
1663 2173 1724 2214 οι
1773 2150 2044 2215 scribere
2091 2147 2402 2215 sufficiat:

946 2257 1111 2320 ’Λνθ’
1160 2252 1235 2320 ὧν
1283 2257 1344 2320 ἐν
1391 2263 1598 2331 σηκοῖς
1646 2253 2027 2334 διδυμητόκοι
2076 2251 2259 2334 αἶγες
2309 2253 2587 2336 ἔχοιεν

950 2361 1269 2443 γαστέρα,

578 2473 655 2536 ut
724 2467 1009 2550 γαστέρα
1070 2471 1157 2535 sit
1208 2469 1472 2555 foetum,
1546 2489 1670 2555 qno
1733 2490 1924 2535 sensu
1990 2468 2376 2537 vocabulum
2439 2469 2741 2537 adhibuit
2821 2467 2959 2534 Phi·

580 2576 883 2644 lostratus
926 2578 995 2641 in
1039 2578 1177 2643 vita
1222 2574 1554 2662 Apollonii
1601 2574 1952 2663 Tyanensis
2001 2574 2096 2643 III
2149 2574 2256 2643 39.

672 2790 793 2879 Ep.
847 2788 1001 2869 171,
1056 2788 1095 2854 5

581 2900 677 2965 Οὐ
722 2898 849 2980 γὰρ
900 2898 1045 2973 ὑπὲρ
1094 2895 1412 2975 πελάγους
1458 2896 1698 2975 μόνον
1746 2894 2202 2978 κάτθεσαν,
2253 2899 2431 2964 ἀλλὰ
2461 2899 2571 2964 καὶ
2617 2899 2679 2963 ἐν
2703 2904 2803 2985 γᾷ
2839 2896 2954 2963 κτὲ.

670 3002 779 3070 Sic
816 3004 1010 3069 codex
1050 3003 1211 3081 Pal„
1261 3002 1579 3070 Planudes
1627 3010 1880 3083 autem,
1929 3005 2095 3091 quod
2143 3026 2294 3071 cum
2337 3004 2733 3092 corruptelae
2785 3007 2952 3093 signo

577 3114 815 3197 recepit
876 3110 1200 3188 Duebner,
1265 3106 1547 3177 ἄνθεσαν.
1613 3108 1941 3176 Violentae
2003 3116 2154 3177 sunt
2219 3118 2282 3177 et
2342 3132 2599 3197 prorsus
2644 3113 2953 3198 improba·

579 3218 740 3284 biles
801 3216 1082 3282 Heckeri
1141 3220 1206 3279 et
1268 3215 1590 3281 Duebneri
1651 3217 2047 3283 coniecturae
2111 3214 2350 3295 ἔφαντ’
2417 3224 2480 3283 et
2539 3218 2761 3293 ἤνθεεν.
2825 3216 2952 3283 Nisi

575 3325 987 3392 vehementer
1033 3320 1251 3399 fallor,
1302 3327 1435 3387 tam
1485 3321 1720 3387 codicis
1758 3321 1948 3388 lectio
1992 3344 2181 3409 quam
2228 3322 2549 3390 Planudea
2573 3328 2724 3390 sunt
2749 3322 2950 3411 plum-

578 3432 683 3496 bei
741 3436 1034 3495 veterum
1074 3434 1497 3493 correctorum
1544 3431 1807 3494 conatus
1855 3428 2286 3495 emendandae
2332 3432 2571 3497 veteris
2619 3436 2684 3496 et
2731 3428 2948 3519 genui-

577 3556 695 3601 nae
741 3536 1090 3621 scripturae
1132 3533 1263 3599 θέσ
1281 3558 1324 3598 α
1341 3559 1371 3597 ν
1392 3582 1411 3620 ,
1461 3554 1624 3620 qnae
1671 3534 1911 3621 optime
1955 3538 2241 3601 numeris
2283 3538 2615 3603 conveniet
2633 3588 2652 3613 ,
2697 3534 2948 3604 simulac

576 3662 691 3728 pro
736 3641 915 3720 μόνον
962 3641 1355 3709 revocaveris
1400 3639 1676 3707 formam
1724 3641 2127 3707 dialecticam
2179 3646 2415 3721 μοῦνον.
2465 3642 2676 3731 Lege:

718 3750 814 3814 Οὐ
862 3748 987 3829 γὰρ
1038 3749 1182 3829 ὑπὲρ
1230 3746 1553 3827 πελάγους
1602 3753 1901 3826 μοῦνον
1949 3746 2228 3829 θέσαν,
2276 3750 2455 3816 ἄλλα
2503 3750 2609 3815 καὶ
2657 3750 2718 3814 ἐν
2755 3756 2848 3834 γᾷ

718 3854 910 3935 ἁβρὸν
956 3853 1299 3920 ἀδουλώτου
1345 3852 1596 3937 φέγγος
1646 3855 2007 3937 ἐλευθερίας.

577 3962 675 4031 Ne
734 3962 897 4028 forte
955 3983 1067 4048 pro
1128 3966 1343 4039 μοῦνον
1407 3964 1688 4047 requiras
1749 3968 1965 4042 μῶνον,
2025 3964 2156 4029 vid.
2216 3962 2606 4029 Ahrensium
2669 3962 2748 4029 de
2811 3956 2941 4027 dial.

575 4070 725 4135 Dor.
776 4088 924 4156 pag.
972 4066 1123 4133 162.
1172 4068 1420 4134 Τιθέναι
1468 4067 1718 4151 φέγγος
1769 4074 1904 4134 tam
1950 4074 2121 4134 recte
2170 4068 2297 4135 dici
2340 4091 2533 4155 quam
2557 4068 2723 4152 φάος
2749 4086 2938 4141 neme,

573 4178 823 4262 opinor,
874 4174 1155 4263 negabit.
1189 4212 1272 4225 -
1302 4173 1559 4260 Optime
1609 4180 1826 4241 autem
1875 4176 1942 4239 in
1988 4175 2182 4240 huius
2231 4175 2722 4263 epigrammatis
2767 4168 2936 4261 (quod

572 4286 835 4351 Ammo
888 4280 1208 4348 Messenio
1270 4282 1500 4349 tribuit
1547 4280 1898 4370 Bergkius)
1947 4283 2132 4349 initio
2179 4302 2292 4367 pro
2339 4306 2380 4346 α
2403 4286 2435 4347 ὖ
2460 4308 2499 4347 τ
2518 4284 2561 4365 ᾧ
2611 4276 2935 4351 Sternbach

578 4389 737 4461 Mel.
786 4386 901 4457 Gr.
945 4386 996 4468 Ι,
1042 4410 1101 4477 p.
1160 4385 1292 4454 134
1340 4390 1616 4455 correxit
1662 4390 1907 4468 αὐτῶ,
1962 4390 2010 4455 i.
2059 4408 2113 4454 e.
2156 4389 2367 4455 αὐτοῦ.
