3150 5000
1197 309 1461 360 eassms
1504 309 1640 359 nro.
2481 290 2615 358 825

337 473 595 541 Initium
635 477 850 544 deerat

417 603 469 648 c.
519 581 742 648 3--19

413 687 644 756 lacuna

415 817 469 861 c.
524 796 584 860 1.
633 795 695 861 2.
747 794 836 862 20
881 815 1016 882 sqq.

245 899 454 985 Itaque
501 904 570 967 in
615 907 938 988 posterum
985 901 1106 968 hoc
1153 901 1342 967 modo
1387 898 1689 987 legamus
1736 919 1987 964 necesse
2035 899 2197 966 erit:

331 1007 387 1070 l.
433 1007 637 1093 Xiph.
690 1007 725 1072 1
753 1054 770 1086 ‚
814 1005 1070 1072 6-122
1119 1005 1390 1072 Initium
1436 1004 1589 1071 belli
1640 1001 1877 1071 Cretici
1924 1025 1960 1070 a
2008 1002 2273 1072 Metello
2318 1009 2510 1094 gesti.

325 1112 387 1179 2.
433 1113 637 1200 Xiph.
692 1114 725 1178 1
753 1163 770 1190 ‚
820 1111 1076 1191 20-2,
1131 1112 1252 1198 15,
1298 1111 1422 1178 Dio
1469 1131 1526 1178 o.
1575 1109 1698 1176 3—
1716 1108 1833 1175 19:
1886 1109 2147 1176 Luculli
2192 1111 2511 1197 expeditio
2548 1115 2616 1178 in

244 1219 627 1286 Armeniam.

328 1325 384 1392 3.
426 1326 553 1392 Dio
597 1326 630 1390 1
657 1373 676 1403 ,
721 1325 764 1390 2
813 1325 938 1411 (Ex
985 1325 1211 1411 capitis
1258 1323 1301 1388 2
1341 1323 1757 1410 paragraphis
1798 1320 1840 1387 2
1882 1326 1948 1387 et
1989 1319 2031 1386 3
2069 1341 2271 1408 pauca
2308 1324 2619 1408 quaedam

245 1432 398 1518 apud
443 1430 866 1518 Xiphilinum
911 1431 1325 1514 inveniuntur
1342 1477 1358 1508 ,
1413 1430 1446 1494 1
1474 1479 1489 1504 ,
1548 1426 1877 1513 12—20)=
1925 1426 2103 1493 Finis
2148 1427 2303 1494 belli
2359 1425 2619 1497 Cretici.

327 1538 386 1604 4.
433 1538 560 1605 Dio
604 1560 660 1604 c.
717 1537 806 1604 20
853 1555 1028 1623 sqq.:
1077 1537 1335 1602 Bellum
1385 1537 1756 1621 piraticum.

323 1643 420 1709 Ex
481 1645 894 1730 quaternione
953 1644 1160 1731 igitur
1221 1642 1493 1708 secundo
1556 1641 1658 1726 (ut
1720 1639 2003 1726 videtur)
2022 1686 2039 1717 ,
2097 1643 2208 1726 qui
2252 1663 2421 1708 nunc
2466 1665 2618 1710 cum

243 1750 438 1834 primo
478 1752 671 1837 periit
709 1756 917 1834 totus,
967 1753 1269 1834 quattuor
1314 1746 1467 1813 folia
1513 1767 1587 1814 eo
1633 1750 1919 1830 tempore
1967 1758 2336 1833 supererant
2355 1798 2371 1824 ,
2421 1769 2581 1834 quae
2599 1796 2616 1828 ,

243 1875 378 1920 cum
414 1860 486 1922 in
527 1878 582 1921 c.
626 1855 847 1922 3-19
885 1854 1066 1921 nulla
1099 1854 1328 1920 lacuna
1367 1857 1490 1938 sit,
1539 1852 1753 1918 media
1797 1852 1994 1917 fuisse
2039 1853 2390 1921 verisimile
2437 1862 2569 1921 est:

1096 1961 1133 2027 1
1159 1959 1241 2041 -Ι-
1263 1959 1308 2026 8

1092 2067 1134 2134 2
1159 2068 1240 2149 -1-
1268 2067 1306 2133 7

1095 2169 1341 2367 {ssg}
1364 2221 1737 2305 supererant

325 2386 400 2452 In
439 2408 566 2472 qua
612 2386 1024 2472 dispositione
1066 2386 1186 2451 hoc
1231 2384 1441 2450 solum
1489 2385 1782 2465 offendit,
1833 2385 2002 2471 quod
2042 2385 2452 2479 statuendum
2496 2393 2620 2456 erit

249 2489 646 2579 Xiphilinum
695 2491 940 2559 bellum
987 2487 1314 2558 Creticum
1337 2538 1354 2570 ‚
1404 2513 1441 2557 a
1483 2491 1685 2559 Dione
1732 2492 1978 2559 duobus
2012 2490 2169 2559 locis
2214 2502 2579 2561 enarratum
2600 2544 2616 2575 ,

249 2616 360 2664 uno
397 2604 614 2665 tenore
653 2597 1020 2666 absolvisse.
1067 2598 1250 2679 Quod
1291 2618 1654 2683 quanquam
1695 2619 1836 2666 raro
1875 2600 2065 2677 fecit,
2109 2606 2176 2666 at
2212 2600 2366 2666 fecit
2404 2607 2618 2669 tamen

251 2708 430 2772 etiam
481 2706 657 2773 alibi.
705 2704 805 2772 of.
853 2726 998 2793 e.g·.
1048 2726 1107 2791 p.
1163 2703 1272 2783 67,
1325 2704 1368 2769 2
1416 2704 1667 2792 (Dind.)
1715 2707 1865 2783 ubi,
1914 2704 2027 2771 lib.
2073 2704 2159 2769 49
2209 2727 2262 2773 c.
2319 2706 2399 2771 11
2442 2712 2508 2773 et
2536 2707 2619 2775 12

252 2830 606 2901 excerpens,
657 2812 800 2879 Sex.
851 2811 1122 2898 Pompei
1169 2832 1390 2877 necem
1439 2831 1518 2876 ex
1565 2833 1617 2876 e.
1676 2810 1757 2879 1¹7
1805 2814 2209 2897 interposuit.

329 2918 518 2985 Libro
581 2925 800 2985 autem
865 2918 947 2983 51
1008 2919 1202 2984 verba
1260 2918 1584 2982 ἐπιδιώκων
1631 2920 1743 2993 τήν
1788 2942 1859 2982 τε
1908 2920 2252 2996 Σεγετικῆν
2298 2954 2387 2969 -
2432 2944 2619 2997 μετε-

254 3023 542 3107 πέμψατο
605 3025 710 3091 καὶ
775 3015 838 3097 ὃς
906 3024 986 3109 (o.
1051 3022 1175 3101 23,
1235 3021 1459 3088 5-26
1482 3070 1499 3101 ,
1569 3022 1634 3108 1)
1702 3025 1837 3088 sine
1895 3023 2031 3089 ullo
2078 3023 2339 3091 lacunae
2390 3026 2621 3094 indicio

255 3135 472 3199 omissa
526 3140 696 3199 sunt.
783 3129 1040 3197 Folium
1103 3128 1348 3196 scilicet
1409 3128 1624 3195 deerat
1685 3132 1753 3194 in
1816 3128 2127 3196 Mediceo.
2214 3129 2338 3197 Sed
2400 3132 2620 3199 eodem

253 3234 398 3307 libro
441 3242 613 3305 inter
655 3260 709 3305 c.
757 3236 880 3322 26,
932 3236 970 3302 5
1019 3235 1164 3316 πρὸς
1214 3238 1343 3317 γὰρ
1390 3237 1474 3317 τῷ
1527 3234 1703 3303 ὕδατι
1755 3237 1945 3302 ἕπετο
1993 3234 2208 3313 οῖ’27,
2258 3238 2293 3303 l
2336 3240 2440 3305 καὶ
2485 3264 2625 3305 νεω-

255 3349 518 3427 τερισμὸν
604 3346 1009 3423 ἐμποιοῦντας
1087 3342 1398 3429 quaedam
1472 3340 1812 3408 desiderari
1882 3345 2090 3428 spatio
2159 3365 2461 3411 versuum
2538 3345 2622 3411 12

256 3471 436 3518 vacuo
497 3451 818 3517 indicatur
833 3498 851 3534 ,
915 3448 1085 3514 unde
1143 3453 1322 3533 patet
1383 3446 1753 3514 Mediceum
1819 3468 2067 3534 quoque
2134 3450 2291 3516 haec
2306 3498 2325 3528 ,
2396 3452 2625 3519 lacuna

257 3556 551 3643 indicata,
596 3558 886 3623 omisisse
923 3556 1027 3642 (ut
1066 3552 1154 3619 48
1174 3605 1192 3629 ,
1237 3552 1311 3633 4,
1367 3552 1408 3618 3
1457 3553 1653 3619 aliam
1702 3552 1997 3619 lacunam
2047 3552 2464 3642 significavit)
2510 3564 2624 3624 aut

257 3660 534 3731 habuisse
593 3663 853 3748 quidem
873 3708 891 3741 ,
949 3661 1060 3727 sed
1107 3660 1364 3726 madore
1409 3659 1517 3726 vel
1562 3661 1787 3745 quavis
1832 3659 1959 3727 alia
2007 3681 2194 3726 causa
2238 3663 2333 3728 ita
2378 3683 2625 3730 corrosa

257 3768 348 3834 vel
384 3768 750 3836 oblitterata
767 3816 785 3846 ,
835 3774 908 3833 ut
952 3768 1087 3855 legi
1134 3765 1414 3852 amplius
1461 3787 1587 3832 non
1634 3773 1910 3852 possent.
1980 3766 2226 3854 Iterum
2275 3768 2507 3835 folium
2553 3773 2621 3836 in

257 3872 526 3943 Mediceo
591 3877 782 3962 periit
843 3874 954 3940 lib.
1018 3871 1104 3938 52
1152 3875 1320 3938 inter
1365 3894 1420 3937 c.
1473 3871 1558 3937 13
1607 3879 1672 3938 et
1712 3874 1795 3937 14
1818 3920 1835 3951 ‚
1879 3873 2045 3958 quod
2094 3873 2384 3941 Vaticani
2429 3875 2624 3943 libra-

257 3981 376 4046 rius
431 4002 558 4048 non
617 3980 782 4049 vidit
838 3979 946 4067 (cf.
1011 3980 1224 4066 infra).
1311 3977 1503 4044 Libro
1563 3979 1789 4044 deinde
1854 3979 1941 4043 54
1997 3981 2111 4045 ubi
2178 3983 2246 4045 in
2317 3980 2623 4050 Vaticano

259 4082 672 4153 desiderantur
731 4108 784 4152 c.
854 4085 910 4165 7,
983 4082 1244 4169 6—19,
1309 4082 1350 4148 4
1414 4082 1737 4163 γενόμενος
1802 4123 1889 4133 -
1948 4084 2053 4151 τὸν
2116 4091 2225 4153 τοῦ
2290 4097 2434 4170 Κυρι
2450 4137 2621 4175 .....

260 4195 516 4279 quinque
561 4192 717 4260 folia
759 4212 919 4278 pura
963 4190 1258 4257 lacunam
1299 4190 1663 4257 ostendunt.
1713 4190 1952 4257 Verum
1990 4192 2209 4277 paullo
2247 4199 2390 4279 post
2428 4194 2620 4262 libra-

259 4299 379 4364 rius
413 4300 588 4365 aliud
625 4320 853 4388 agens,
893 4319 1042 4365 cum
1084 4300 1151 4362 in
1184 4296 1478 4364 Mediceo
1527 4318 1731 4362 unum
1779 4296 2009 4363 folium
2050 4300 2315 4385 periisse
2336 4320 2461 4367 non
2486 4304 2620 4367 ani-

262 4404 668 4473 madverteret
712 4426 862 4472 cum
905 4404 1120 4473 verbis
1164 4402 1382 4470 mim-a
1428 4404 1648 4470 τᾶλλα
1697 4404 2049 4483 ἐκπώματα
2096 4427 2155 4471 ο.
2202 4404 2291 4471 28
2310 4452 2329 4491 ,
2380 4407 2421 4471 8
2472 4427 2621 4473 con·

2271 4525 2335 4577 21

1312 1963 1346 2156 ὲ
1364 2008 1680 2093 perierant
