3150 5000
525 182 614 250 98
1501 196 1925 249 rnucrnmns.

519 390 590 431 τε
640 364 850 430 πολλοὶ
898 363 1315 443 ἐπεγεγένητο
1364 363 1575 430 αὐτόθι
1606 365 1908 445 ,βρώσεως
1957 363 2090 446 πέρι
2137 364 2627 445 ἀναγκαίας
2679 366 2801 431 καί
2838 388 2925 429 τι·

521 498 616 545 νες
678 473 782 538 καὶ
849 473 1140 547 ἀλλήλων
1188 470 1679 552 grimano,
1746 472 1857 538 sed
1906 474 2192 558 primum
2238 492 2363 539 non
2414 475 2569 538 satis
2619 493 2925 559 assequor

523 600 647 667 quo
695 600 880 645 sensu
922 580 1029 644 hic
1075 580 1436 656 ἀναγκαίας
1481 582 1774 665 usurpari
1813 582 2123 666 potuerit,
2154 599 2266 666 pro
2290 600 2415 665 quo
2440 578 2651 666 placet
2688 581 2931 657 οἰναγ-

523 680 742 757 καςοὶ
789 688 1161 771 rescribere;
1228 686 1454 753 deinde
1515 692 1770 753 vetusta
1829 686 2019 753 lectio
2068 688 2159 766 ἔγ
2180 688 2457 753 εύοντο
2512 686 2931 773 praeferenda

523 796 801 861 videtur.
847 794 1077 859 Dicent
1121 796 1496 880 interpretes
1541 794 1712 879 apud
1756 814 1915 880 quos
1954 794 2211 881 legatur
2234 794 2685 879 imperfectum
2706 843 2723 877 ,
2754 792 2929 879 quod

521 900 814 968 refictum
884 906 978 966 est
1025 907 1281 987 propter
1326 900 1699 986 praecedens
1748 900 2447 987 plusquamperfectum
2497 900 2927 978 ἕπεγεγένητο

521 1014 586 1074 et
650 1007 812 1073 addo
873 1006 1146 1072 Dionem
1199 1004 1494 1073 Cassium
1541 1006 1840 1072 LXXIV.
1894 1005 2015 1071 12:
2066 1009 2167 1073 ἐπ’
2213 1008 2527 1083 ἀλλήλους
2577 1008 2925 1087 ἐτράποντο

522 1113 627 1179 καὶ
700 1112 992 1187 αλλήλων
1058 1111 1360 1192 ἐγεύοντο.
1444 1112 1578 1179 Neo
1643 1113 1807 1179 fero:
1870 1115 2176 1188 Ἀθηναῖοι
2242 1113 2302 1177 δὲ
2367 1112 2507 1187 τοὺς
2557 1112 2923 1195 separarat:

523 1220 937 1306 ἐπῃτιάσαντο
997 1215 1090 1284 ὅτι
1153 1216 1300 1284 ἄνευ
1354 1245 1397 1284 α
1417 1221 1450 1285 ὖ
1469 1225 1565 1285 τῶ
1584 1244 1613 1283 ν
1662 1220 2008 1299 ξυνέβησαν
2034 1272 2049 1298 ,
2102 1241 2249 1285 nam
2300 1223 2650 1287 necessario
2702 1223 2927 1307 requi-

525 1329 693 1393 ritur
738 1332 958 1411 σφῶν
1004 1328 1289 1393 αὐτῶν.

614 1543 830 1610 Nimis
875 1540 1075 1609 stulta
1118 1541 1522 1628 interpolatio
1571 1546 1669 1608 est
1714 1541 1796 1608 11.
1849 1540 1935 1609 75
1954 1592 1971 1626 ,
2040 1542 2152 1609 ubi
2199 1542 2498 1629 Spartani
2546 1542 2719 1610 vallo
2770 1542 2928 1608 Pla-

527 1658 740 1718 taeam
800 1650 1231 1729 circumdant,
1297 1653 1436 1713 τοῦ
1499 1649 1806 1726 μηδένα
1872 1647 1991 1714 ἔτι
2042 1647 2386 1736 ἐξιέναι,
2435 1670 2596 1735 quae
2644 1650 2849 1716 verba
2898 1670 2931 1713 e

526 1759 849 1845 superiore
895 1759 1101 1842 capite
1150 1756 1445 1822 desumta
1490 1762 1664 1822 sunt.
1710 1755 1951 1822 Deinde
1998 1759 2289 1842 sequitur
2335 1757 2505 1842 quod
2546 1759 2704 1842 ipsis
2728 1759 2931 1841 scrip·

527 1868 683 1932 toris
731 1863 940 1930 verbis
989 1861 1499 1951 cognoscendum
1548 1868 1678 1927 est:
1731 1861 1952 1927 ἔπειτα
1998 1869 2196 1945 χῶμα
2246 1862 2429 1943 ἔχουν
2476 1863 2621 1942 πρὸς
2662 1865 2779 1937 τὴν
2822 1862 2932 1926 τό·

526 1988 624 2037 λιν
675 2009 758 2020 -
807 1968 974 2045 ξύλα
1038 1968 1152 2045 μὲν
1216 1964 1315 2033 οὖν
1379 1968 1703 2045 τέμνοντες
1769 1971 1835 2034 ἐκ
1892 1973 1999 2034 τοῦ
2052 1970 2404 2050 Κιθαιρῶνος
2456 1968 2927 2050 παρῳκοδόμουν

525 2077 922 2157 ἑκατέρωθεν,
971 2074 1279 2158 φορμηδὸν
1325 2075 1462 2140 ἀντὶ
1513 2078 1736 2155 τοίχων
1786 2076 2090 2155 τιθέντες,
2138 2073 2297 2150 ὅπως
2348 2079 2436 2153 μὴ
2485 2074 2929 2157 διαχέοιτο

527 2186 655 2251 ἐπὶ
718 2183 926 2249 πολὺ
991 2182 1061 2246 τὸ
1109 2186 1328 2263 χῶμα.
1399 2181 1572 2256 Quid
1619 2183 1739 2247 hoc
1787 2189 1882 2249 est
1930 2182 2286 2264 διαχεῖσθαι
2338 2183 2411 2249 τὸ
2455 2179 2701 2263 χῶμαῗ
2770 2180 2925 2247 Noli

527 2290 777 2358 credere
824 2288 1102 2353 indicare
1149 2294 1214 2353 te
1258 2308 1439 2374 posse
1484 2288 1640 2373 quid
1688 2287 2005 2378 significet
2023 2338 2038 2369 ,
2087 2310 2237 2355 nam
2279 2289 2567 2355 ostendet
2605 2286 2927 2374 Josephus

463 2468 476 2479 ‚
528 2398 606 2464 de
667 2393 830 2462 Bell.
890 2393 1042 2460 Jud.
1107 2393 1239 2459 VII.
1307 2392 1369 2459 8.
1423 2394 1462 2459 5
1484 2442 1500 2472 ,
1566 2416 1761 2481 quem
1821 2395 2034 2461 locum
2092 2394 2499 2462 Bloomfieldi
2548 2393 2925 2482 diligentiae

527 2505 723 2572 debeo
743 2553 760 2588 ,
820 2502 974 2588 quid
1034 2502 1141 2567 hic
1187 2501 1344 2569 olim
1391 2501 1633 2568 lectum
1684 2502 1897 2570 fuerit.
1968 2501 2204 2568 Scribit
2250 2501 2287 2568 J
2294 2503 2601 2590 osephus:
2650 2497 2819 2574 ὅπως
2869 2501 2926 2565 δὲ

525 2615 614 2692 μὴ
680 2594 1021 2692 ὑψουμένου
1083 2611 1191 2673 τοῦ
1250 2607 1553 2690 χώματος
1621 2611 1655 2684 ἦ
1703 2617 1791 2688 γῆ
1838 2607 2147 2689 διαχέοιτο
2195 2611 2415 2694 itaque
2462 2612 2727 2695 apparet
2778 2627 2925 2674 eum

528 2718 697 2806 apud
743 2715 1188 2804 Thucydidem
1235 2714 1507 2803 legisse:
1571 2711 1732 2787 ὅπως
1787 2718 1877 2794 μὴ
1927 2717 2239 2795 διαχέοιτο
2289 2715 2389 2779 ἐπὶ
2442 2715 2603 2780 πολὺ
2656 2715 2841 2804 (ὖψο
2864 2713 2927 2780 ύ-

527 2851 578 2904 μ
599 2851 628 2890 ε
650 2849 722 2888 νο
745 2823 799 2908 ν)
850 2825 919 2887 τὸ
967 2829 1184 2902 χῶμα.
1257 2818 1494 2887 Contra
1559 2822 1728 2907 quod
1774 2825 1842 2888 in
1889 2825 1971 2888 iis
2020 2843 2181 2910 quae
2231 2822 2409 2888 brevi
2458 2829 2603 2909 post
2648 2843 2927 2908 sequun-

528 2939 668 2998 tur:
735 2928 850 2999 ὤςε
897 2931 1037 3000 τοὺς
1087 2927 1525 3009 ἐργαζομένους
1579 2929 1685 2994 καὶ
1734 2929 1819 2992 τοὶ
1868 2929 2034 3006 ξύλα
2080 2928 2242 3004 μήτε
2294 2929 2619 3010 πυρφόροις
2668 2930 2923 2999 οἷς-οῖς

383 3069 405 3092 0
527 3038 883 3118 βάλλεσθαι
935 3036 994 3098 ἐν
1041 3037 1338 3115 ἀσφαλεῖ
1376 3057 1447 3098 τε
1495 3031 1686 3119 εἶναι,
1738 3033 2017 3102 Cobetus
2058 3037 2281 3100 Mnem,
2335 3034 2512 3100 XIX.
2548 3034 2678 3100 114
2718 3034 2927 3101 voluit

527 3147 754 3212 eiicere
798 3145 1011 3219 οἰςοῖς,
1081 3141 1382 3228 cognovit
1439 3147 1607 3206 certe
1662 3141 2047 3207 vocabulum
2097 3143 2403 3207 Arrianus
2448 3140 2691 3228 Exped.
2740 3141 2925 3208 Alex.

528 3251 618 3318 H.
671 3247 790 3328 18,
854 3267 1044 3334 quem
1100 3245 1315 3311 locum
1381 3245 1677 3311 Dukerus
1720 3247 2047 3313 laudavit:
2096 3251 2173 3318 ὥς
2222 3250 2386 3324 μήτε
2438 3247 2761 3330 πυρφόροις
2812 3247 2925 3324 βέ-
3051 3239 3052 3244 ’

529 3373 697 3424 λεσιν
745 3357 870 3421 ἀπὸ
910 3358 1017 3419 τοῦ
1057 3353 1302 3432 τείχους
1343 3352 1735 3430 βάλλεσθαι,
1776 3354 1890 3419 ubi
1926 3360 2252 3440 praeterea
2289 3353 2415 3418 alia
2455 3351 2665 3419 multa
2688 3374 2725 3418 e
2752 3351 2925 3418 'Phu-

529 3463 759 3552 cydide
818 3462 1225 3545 transscripta
1271 3465 1454 3536 sunt,
1495 3465 1560 3524 et
1607 3479 1803 3545 paene
1851 3458 1931 3525 ad
1978 3460 2248 3526 verbum
2298 3444 2644 3545 Procopius
2699 3480 2763 3546 p.
2814 3458 2923 3524 83.

532 3569 648 3646 32,
706 3569 818 3653 qui
860 3565 1038 3633 locus
1085 3563 1578 3632 Bloomfieldum
1632 3586 1750 3632 non
1800 3565 2010 3653 fugit:
2068 3566 2333 3630 ἐνταῦθα
2382 3567 2509 3646 γὰρ
2559 3564 2699 3630 οὔτε
2751 3590 2923 3646 arup-

530 3677 758 3758 Φόροι
808 3673 1002 3741 olco}
1051 3671 1192 3737 οὔτε
1241 3672 1327 3736 τοὶ
1374 3669 1548 3738 ἄλλα
1597 3671 1758 3748 βέλη
1808 3669 2169 3748 ἐξικνεῖσθαι
2211 3667 2404 3752 εἶχον.
2453 3672 2676 3756 Neque
2716 3674 2923 3760 igitur

527 3804 628 3850 res
676 3802 748 3848 eo
794 3779 1123 3847 conficitur
1168 3778 1337 3864 quod
1375 3780 1444 3842 in
1484 3781 1856 3864 perantiquo
1883 3775 2114 3846 Codice
2141 3778 2709 3846 Poliorceticorum
2745 3779 2921 3850 οῐςοῒς

531 3892 843 3957 omissum
887 3888 1034 3951 fuit.

618 4099 1105 4172 Concedendum
1155 4106 1250 4165 est
1297 4097 1991 4187 Mullero-Strubingio
2040 4120 2233 4184 quam
2270 4098 2561 4184 ‘plurima
2606 4101 2812 4166 inesse
2852 4101 2917 4163 in

525 4234 599 4280 ea
643 4208 987 4277 obsidionis
1034 4205 1486 4292 descriptione,
1535 4206 1770 4291 quibus
1818 4227 1931 4271 nec
1978 4213 2169 4291 caput
2207 4225 2323 4272 nec
2362 4225 2474 4291 pes
2498 4211 2779 4284 constet,
2810 4203 2913 4270 sed

526 4318 842 4407 quomodo
885 4313 1144 4403 singula
1189 4314 1380 4379 verba
1425 4311 1866 4378 constituenda
1912 4315 2042 4378 sint
2059 4361 2078 4398 ,
2136 4314 2293 4378 satis
2338 4311 2584 4398 liquido
2640 4312 2917 4399 plerum·
