3150 5000
579 215 713 286 278
1494 294 1501 305 ¹
1597 237 1931 288 sums

666 401 729 466 4.
775 357 913 468 20(
952 399 1160 482 „Cum
1198 417 1435 490 ‘anceps
1479 425 1698 492 pugna
1743 405 1987 475 diutius
2034 404 2310 480 feruens,
2367 405 2678 492 sanguine
2725 404 2942 469 utrim-

576 529 698 594 que
744 508 967 576 multis
1004 510 1311 576 ¹caedibus
1349 511 1525 589 fuso,
1576 512 1750 578 diei
1795 511 2157 578 finisset
2203 530 2460 596 occasu,
2510 509 2774 577 demum
2821 511 2947 576 fati·
3084 503 3085 548 ³

578 617 825 702 gationi
872 616 1291 684 consulitur.”

666 720 1044 806 Interpretes
1105 722 1424 790 affirmant
1488 724 1756 791 uerbum
1823 723 2087 802 „finire”
2136 727 2274 790 uim
2323 727 2800 791 intransitiuam
2845 722 2950 786 hoc

579 830 766 894 unico
824 828 963 895 loco
1025 831 1194 916 apud
1253 832 1473 898 Amm.
1521 832 1752 896 habere
1799 837 1862 897 et
1908 837 2232 916 praeterea
2274 853 2608 917 nusquam.
2686 831 2788 898 Tu
2835 825 2950 893 noli

577 934 807 1001 horum
877 938 1221 1022 quicquam
1288 938 1558 1004 credere.
1649 935 1979 1024 Scriptum
2047 937 2203 1004 olim
2273 937 2403 1004 fuit
2475 959 2668 1016 „cum
2743 953 2952 1019 anceps

580 1060 800 1126 pugna
842 1040 971 1108 diei
1016 1042 1425 1111 desiisset
1468 1044 1760 1110 occasu.'’

674 1255 737 1322 4.
784 1228 891 1322 25‘.
966 1258 1291 1344 „Lapsura
1348 1258 1680 1324 inuaditur
1741 1259 1972 1324 ciuitas
2040 1262 2105 1323 et
2167 1259 2304 1322 sine
2366 1276 2556 1322 sexus
2602 1255 2954 1322 discrimine

581 1361 690 1428 uel
748 1367 976 1430 aetatis
1041 1365 1342 1452 quicquid
1411 1367 1520 1431 im
1538 1386 1581 1451 p
1599 1385 1632 1432 e
1649 1369 1676 1430 t
1695 1383 1739 1429 ιι
1753 1386 1784 1431 s
1853 1365 2132 1449 repperit
2207 1385 2248 1451 p
2266 1383 2302 1429 o
2321 1368 2350 1428 t
2366 1382 2401 1428 e
2417 1384 2447 1428 s
2463 1368 2493 1428 t
2507 1383 2544 1430 a
2557 1383 2590 1428 s
2657 1362 2956 1429 iratorum

583 1470 1007 1555 absumpsit.”

672 1576 1091 1642 Ammianum
1154 1579 1475 1662 scripsisse
1530 1582 1688 1665 puto
1760 1577 2103 1664 „quicquid
2173 1599 2203 1642 s
2220 1598 2265 1642 ιι
2281 1599 2322 1662 p
2343 1597 2378 1642 e
2391 1598 2424 1642 r
2440 1598 2470 1642 s
2490 1582 2518 1642 t
2539 1598 2574 1642 e
2591 1597 2622 1641 s
2695 1572 2960 1661 repperit
3086 1561 3087 1588 ¹

581 1682 605 1746 i
624 1703 691 1746 m
708 1704 748 1768 p
767 1704 801 1747 e
817 1688 846 1748 t
862 1704 905 1748 u
920 1704 951 1747 s
1010 1683 1318 1750 iratorum
1381 1685 1805 1770 absumpsit.''
1875 1684 2227 1770 Postquam
2289 1681 2488 1750 semel
2557 1681 2957 1748 librariorum

580 1789 828 1854 incuria
894 1790 1135 1856 factum
1195 1794 1290 1855 est
1348 1795 1423 1855 ut
1488 1792 1888 1875 „superstes”
1951 1798 2016 1858 et
2066 1790 2431 1875 „impetus”
2479 1789 2657 1854 sedes
2703 1789 2872 1852 inter
2905 1801 2960 1846 se
3086 1831 3087 1852 ι

581 1900 1048 1979 permutarent,
1102 1896 1502 1982 „superstes”
1550 1895 1737 1962 facile
1782 1899 1852 1962 in
1901 1897 2263 1982 „potestas”
2311 1895 2485 1962 abire
2533 1897 2770 1981 potnit.

677 2107 739 2171 4.
789 2105 899 2173 26.
972 2108 1236 2186 „Diuisa
1300 2109 1533 2196 praeda
1597 2108 1916 2186 Iulianus,
1996 2113 2070 2175 ut
2139 2115 2276 2177 erat
2337 2128 2538 2196 paruo
2601 2110 2962 2176 contentus,

584 2219 899 2280 mutum
960 2235 1231 2300 puerum
1280 2201 1569 2282 oblatum
1639 2216 1765 2282 sibi
1828 2218 2106 2302 suscepit
2148 2214 2638 2304 gesticulariam
2663 2261 2679 2294 ‚
2731 2209 2962 2288 multa,

584 2339 747 2403 quae
792 2319 1098 2398 callebat,
1148 2323 1412 2387 nutibus
1458 2325 1931 2390 uenustissimis
1979 2321 2473 2409 explicantem.’'

674 2424 857 2509 Noli,
924 2448 1187 2515 quaese,
1248 2429 1500 2496 credere
1562 2449 1835 2515 puerum
1899 2429 2386 2517 gesticulariam
2451 2428 2646 2494 illum
2711 2429 2959 2492 mutum

582 2532 800 2601 fuisse.
846 2534 923 2601 In
974 2538 1264 2625 margine
1302 2536 1461 2602 olim
1500 2538 1712 2602 nescio
1759 2538 1902 2622 quis
1939 2536 2276 2622 adscripsit
2312 2538 2506 2602 mim
2525 2558 2650 2601 um
2669 2582 2687 2614 ,
2741 2556 2819 2601 ex
2857 2544 2963 2614 qu⁰

586 2640 880 2728 deinceps
918 2642 1159 2711 factum
1186 2649 1282 2711 est
1319 2664 1385 2709 m
1403 2649 1554 2710 utu
1570 2664 1660 2708 m.
1709 2642 2012 2709 Deleatur
2036 2645 2242 2731 igitur
2267 2643 2614 2711 molestum
2637 2640 2964 2709 emblema·
3088 2720 3089 2733 χ

678 2858 741 2925 5.
794 2859 854 2925 1.
917 2858 1304 2947 „Pergentes
1363 2860 1655 2944 protinus
1701 2856 1778 2925 ad
1826 2854 2006 2923 lucos
2051 2858 2353 2923 uenimus
2403 2876 2718 2945 agrosque
2767 2877 2810 2942 p
2825 2852 2918 2918 ub
2933 2867 2960 2912 ο

586 2967 913 3032 uariorum
958 2966 1276 3031 seminum
1321 2964 1590 3031 laetos.”

679 3071 835 3139 Dele
859 3072 1035 3138 ocius
1057 3071 1275 3157 pube,
1301 3073 1514 3156 inepte
1536 3070 1810 3157 editum,
1833 3076 1900 3137 et
1921 3074 2187 3138 restitue
2211 3071 2306 3137 ub
2323 3090 2448 3137 ere
2473 3070 2516 3135 i.
2544 3091 2596 3136 e.
2623 3067 2961 3138 fertilitate.

679 3286 742 3353 6.
794 3286 899 3355 10.
966 3283 1132 3365 „Vbi
1191 3284 1480 3351 uicissim
1526 3286 1866 3372 contiguae
1911 3304 1978 3350 se
2027 3290 2349 3351 cernerent
2395 3288 2608 3370 partes
2628 3330 2646 3363 ,
2693 3274 2958 3351 Romani

586 3393 796 3461 lenius
839 3390 1258 3480 procedebant
1278 3438 1294 3469 ,
1344 3395 1408 3457 et
1450 3412 1493 3477 p
1511 3409 1647 3456 rae
1665 3411 1706 3475 p
1726 3392 1750 3455 i
1768 3388 1793 3454 1
1811 3391 1973 3456 atis
2019 3389 2374 3461 missilibus
2426 3411 2539 3475 per
2583 3388 2958 3476 procursato-

589 3520 690 3565 res
756 3498 1087 3586 principiis
1156 3518 1407 3585 pugnae
1467 3498 1800 3583 temptatis
1864 3499 2072 3563 excita
2134 3496 2412 3582 undique
2472 3496 2712 3561 humus
2759 3488 2953 3581 rapido

591 3605 843 3671 turbine
888 3604 1327 3690 portabatur.”

680 3709 1043 3795 Praepilata
1110 3717 1259 3775 sunt
1326 3707 1601 3774 missilia
1618 3755 1634 3786 ,
1710 3728 1873 3794 quae
1941 3710 2009 3773 in
2081 3710 2462 3775 summitate
2535 3710 2606 3774 in
2675 3708 2952 3775 obtusum

592 3816 943 3882 desinentia
1008 3818 1210 3881 instar
1276 3814 1444 3901 pilae
1511 3813 1818 3881 rotundae
1881 3819 2030 3879 sunt
2051 3861 2067 3892 ,
2131 3834 2212 3879 ne
2259 3814 2535 3881 laedant.
2585 3805 2956 3878 Huiusmodi

592 3923 739 3989 telis
804 3922 1046 3987 milites
1100 3924 1445 3987 utebantur
1488 3926 1553 3986 in
1599 3922 1834 4009 pugnis
1885 3920 2186 3998 ludicris;
2239 3920 2320 3985 cf.
2367 3920 2514 3986 Liu.
2565 3919 2820 3985 XXVI.
2866 3910 2952 3980 51·

592 4031 687 4095 At
752 4028 818 4093 h.
844 4026 889 4092 l.
960 4048 1087 4093 non
1156 4027 1514 4094 mehercule
1578 4027 1657 4092 de
1719 4046 1938 4115 pugna
2001 4024 2248 4093 ludicra
2309 4048 2516 4093 sermo
2563 4034 2694 4103 est,
2745 4025 2853 4091 sed
2893 4018 2956 4083 de

594 4137 758 4201 seria
818 4140 883 4200 et
944 4136 1132 4223 graui
1190 4154 1338 4199 cum
1400 4134 1812 4199 infestissimo
1873 4132 2054 4199 hoste
2103 4133 2530 4201 dimicatione.
2583 4133 2852 4220 Scripsit
2889 4128 2950 4193 A.

600 4240 1103 4329 „propilatis
1147 4240 1545 4307 missilibus''
1596 4246 1670 4306 ut
1717 4238 1888 4305 XVI.
1942 4238 2042 4307 12.
2091 4239 2214 4307 36:
2270 4240 2788 4329 „propilabantur
2823 4236 2952 4305 mis·

595 4349 786 4416 silia’'
832 4352 877 4415 i.
905 4369 959 4415 e.
1006 4348 1428 4416 mittebantur
1472 4346 1627 4433 pile.
1673 4384 1758 4397 —
1805 4346 1894 4414 Et
1935 4350 2029 4414 sic
2074 4350 2208 4415 iam
2257 4346 2568 4417 Valesius.
