3150 5000
554 246 687 312 236
1567 268 1899 316 annusve

650 685 710 751 1.
763 685 818 750 1.
888 683 1164 765 „Caesar
1223 684 1453 753 Gallus
1503 709 1582 754 ex
1628 686 1917 772 squalore
1962 689 2096 753 imo
2143 687 2548 751 miseriarum
2596 685 2665 748 in
2710 681 2932 747 aetatis

555 792 812 859 adultae
875 797 1180 880 primitiis
1239 796 1319 861 ad
1379 794 1726 883 principale
1784 794 2038 862 culmen
2102 797 2419 880 insperato
2482 789 2729 856 cultu
2792 807 2931 873 pro-

552 901 842 965 uectus.”

648 1006 770 1072 Pro
817 1006 1083 1084 cultu,
1134 1008 1299 1094 quod
1347 1011 1560 1094 inepte
1609 1010 1855 1075 editum
1904 1008 2120 1092 uides,
2162 1005 2581 1072 Kellerbauer
2618 1007 2685 1068 et
2724 1001 2935 1067 Kiess·

551 1110 698 1200 ling
765 1113 1072 1179 dederunt
1131 1114 1395 1193 saltu,
1461 1115 1628 1201 quod
1688 1121 1753 1182 et
1815 1115 1979 1181 mihi
2040 1120 2224 1180 antea
2283 1115 2354 1177 in
2399 1117 2685 1176 mentem
2734 1111 2935 1174 uenit.

555 1218 789 1284 Malim
837 1241 990 1287 uero
1037 1227 1288 1287 auctu
1336 1220 1482 1289 coll.
1529 1221 1703 1302 Vell.
1754 1221 1833 1286 11.
1886 1219 1993 1284 40.
2038 1221 2078 1285 4
2092 1241 2108 1300 ;
2156 1220 2392 1298 „huius
2433 1219 2559 1283 uiri
2599 1216 2933 1303 fastigium

555 1327 753 1389 tantis
801 1326 1094 1393 auctibus
1137 1327 1390 1394 fortuna
1434 1326 1735 1394 extulit.”
1783 1326 1930 1393 Tac.
1978 1326 2151 1393 Hist.
2198 1324 2307 1393 IV.
2355 1323 2460 1390 28.

1527 503 1733 570 leffl
1779 503 1950 570 XIV.

557 1633 914 1718 amplitudo
952 1638 1208 1722 imperii
1248 1638 1594 1715 dicebatur,
1637 1643 1703 1703 et
1736 1641 1760 1703 i
1776 1659 1809 1702 r
1825 1658 1862 1703 a
1878 1659 1911 1702 c
1927 1659 1969 1702 u
1988 1660 2027 1702 n
2043 1635 2082 1701 d
2101 1656 2137 1701 a
2152 1657 2186 1702 e
2224 1636 2659 1721 suspicionum
2702 1651 2743 1716 q
2758 1653 2806 1696 u
2822 1651 2860 1696 a
2874 1652 2939 1695 n·

555 1741 624 1803 ti
641 1746 668 1803 t
684 1761 718 1805 a
735 1745 803 1805 ti
850 1745 1287 1825 proximorum
1334 1751 1632 1811 cruentae
1678 1742 2091 1810 blanditiae.”

646 1848 708 1912 N
710 1869 789 1912 on
849 1849 1157 1938 intellego
1203 1852 1570 1917 iracundam
1620 1853 2066 1936 quantitatem.
2118 1835 2417 1936 Gorrsgas
2461 1846 2663 1912 uelim
2715 1866 2936 1924 „acce-

555 1953 792 2020 debant
852 1959 989 2021 eius
1051 1959 1378 2042 asperitati
1440 2006 1455 2022 .
1485 2009 1502 2025 .
1531 2006 1546 2020 .
1613 1964 1678 2022 et
1733 1958 1855 2022 ira
1873 1978 1906 2021 c
1924 1956 2077 2021 und
2098 1959 2223 2021 iae
2270 1955 2455 2040 (dat.)
2500 1954 2938 2037 suspicionum

555 2081 594 2144 q
612 2082 653 2125 u
674 2082 709 2126 a
726 2084 765 2125 n
783 2063 850 2126 ti
871 2068 1040 2128 tate
1109 2061 1259 2150 (abl.
1323 2063 1518 2148 caus.)
1583 2066 2021 2149 proximorum
2088 2109 2103 2124 .
2134 2111 2149 2125 .
2179 2109 2193 2125 .
2260 2056 2665 2125 blanditiae.”
2714 2095 2802 2108 -
2870 2059 2937 2121 In

556 2165 704 2231 Vat.
757 2188 890 2233 esse
935 2171 1010 2234 ir
1025 2190 1062 2234 a
1081 2191 1113 2235 c
1133 2191 1229 2235 un
1250 2170 1386 2236 dia
1403 2192 1437 2236 e
1482 2169 1684 2235 affirm
1694 2176 1760 2237 at
1804 2167 2257 2258 Eyssenhardt.

649 1525 709 1590 5.
776 1527 837 1592 4.
913 1529 1353 1606 „Accedebant
1413 1533 1550 1597 eius
1606 1532 1964 1616 asperitati,
2029 1529 2141 1600 ubi
2202 1529 2527 1592 inminuta
2594 1524 2705 1591 uel
2775 1523 2939 1590 laesa

650 2366 712 2433 6.
765 2367 870 2434 18.
941 2369 1233 2448 „Paucae
1293 2372 1521 2438 domus
1582 2372 1939 2438 studiorum
1986 2373 2167 2438 seriis
2214 2368 2497 2436 cultibus
2540 2373 2726 2433 antea
2778 2365 2940 2432 cele-

556 2475 772 2540 bratae
832 2492 998 2543 nunc
1042 2476 1340 2544 ludibriis
1383 2481 1683 2566 ignauiae
1728 2481 2036 2564 torpentis
2080 2476 2434 2551 exundant,
2482 2473 2691 2539 uocali
2738 2481 2935 2549 sonu,

556 2582 823 2669 perfla
847 2582 1004 2649 bili
1053 2587 1379 2651 tinnitu
1426 2585 1655 2652 fidium
1702 2584 2147 2651 resultantes.”

645 2690 947 2755 Extrema
994 2712 1178 2757 sensu
1231 2697 1464 2758 carent.
1513 2690 1839 2757 Restituas
1878 2710 2111 2776 quaeso
2138 2688 2385 2768 „uocali
2409 2682 2569 2753 so'nu
2615 2685 2749 2752 uel
2804 2687 2937 2751 fla·

556 2796 714 2862 bili
761 2800 1197 2863 tinnituue
1243 2799 1467 2865 fidium
1517 2797 1959 2864 resultantes.”

650 2999 711 3065 6.
763 2998 870 3065 26.
944 3000 1071 3077 „Et
1129 3006 1225 3066 est
1285 3001 1632 3066 admodum
1684 3001 1921 3066 mirum
1968 3000 2185 3065 uidere
2230 2998 2481 3084 plebem
2528 2998 2936 3063 innumeram

554 3107 880 3172 mentibus
946 3106 1164 3171 ardore
1227 3107 1500 3191 quodam
1565 3108 1773 3172 infuso
1834 3128 2009 3173 cum
2073 3107 2559 3172 dimicationum
2608 3102 2931 3169 curulium

553 3220 789 3279 euentu
833 3212 1280 3297 pendentem.”

647 3319 889 3397 Immo,
940 3322 1181 3404 opinor,
1233 3340 1367 3397 „ex
1415 3340 1570 3385 uno
1620 3368 1635 3383 .
1665 3369 1680 3384 .
1708 3368 1725 3386 .
1772 3324 2007 3386 euentu
2052 3314 2499 3405 pendentem.”

648 3522 710 3587 7.
763 3524 823 3587 3.
900 3522 1095 3600 „Erat
1155 3528 1372 3589 autem
1437 3523 1715 3589 diritatis
1776 3527 1915 3589 eius
1975 3525 2091 3591 hoc
2155 3543 2403 3609 quoque
2464 3522 2771 3586 indicium
2826 3566 2845 3583 .
2870 3568 2887 3585 .
2914 3562 2929 3582 .

555 3629 721 3715 quod
782 3628 1045 3694 ludicris
1105 3630 1383 3694 cruentis
1445 3628 1879 3695 delectabatur
1939 3638 2003 3696 et
2046 3633 2116 3695 in
2162 3631 2327 3695 circo
2374 3649 2485 3693 sex
2530 3624 2639 3692 uel
2684 3630 2925 3709 septem

553 3735 861 3800 uetitis
907 3735 1362 3801 certaminibus
1405 3736 1704 3823 pugilum
1753 3738 2037 3802 uicissim
2086 3757 2153 3802 se
2198 3734 2668 3801 concidentium
2716 3730 2929 3816 perfu-

553 3860 894 3925 sorumque
937 3842 1250 3926 sanguine
1297 3844 1502 3927 specie
1551 3849 1627 3905 ut
1670 3841 1953 3908 lucratus
1996 3845 2283 3930 ingentia
2328 3836 2741 3905 laetabatur.”

645 3947 768 4011 Pro
829 3949 1044 4031 inepto
1091 3946 1388 4012 uetitis
1436 3968 1663 4033 repone
1709 3947 1812 4032 id,
1862 3947 2029 4031 quod
2078 3950 2389 4013 sententia
2434 3944 2720 4029 flagitat,
2768 3945 2928 4009 edi·

552 4056 668 4118 tis
716 4052 858 4118 coll.
909 4051 1082 4118 XIV.
1126 4053 1190 4131 5,
1243 4053 1276 4118 l
1328 4054 1394 4118 et
1443 4054 1548 4131 11,
1603 4054 1686 4119 12
1732 4060 1797 4119 et
1844 4053 2020 4119 XXI.
2076 4053 2179 4132 10,
2226 4052 2291 4119 2.

649 4256 712 4323 ’7.
776 4255 839 4322 ’7.
906 4254 1328 4345 „Serenianus
1383 4258 1737 4323 maiestatis
1796 4276 1942 4324 reus
2003 4261 2099 4323 est
2158 4255 2518 4342 postulatus
2533 4303 2552 4335 ‚
2600 4256 2927 4321 conuictus

565 4360 944 4429 familiarem
1020 4381 1208 4429 suum
1281 4382 1426 4428 cum
1498 4361 1667 4448 pileo
1731 4410 1747 4428 .
1775 4409 1793 4428 .
1818 4410 1834 4426 .
1899 4364 2221 4429 incantato
2280 4365 2503 4429 uetitis
2562 4361 2805 4428 artibus
2848 4356 2925 4423 ad
