3150 5000
1254 312 1575 361 nonnus.
2476 289 2609 355 405

325 472 561 561 Nempe
606 477 842 543 formas
888 476 965 543 de
1011 479 1244 565 quibus
1288 478 1614 564 loquimur
1660 497 1699 543 a
1740 478 2007 563 posteris
2048 482 2216 542 certe
2250 496 2440 542 sensu
2464 476 2606 562 plu-

246 580 379 647 ralis
419 584 669 649 numeri
714 584 1033 653 adhibitas
1074 586 1286 652 fuisse.

320 686 520 775 Atqui
565 696 678 755 aut
722 690 888 756 nihil
932 690 1106 759 valet
1149 694 1270 758 hoc
1317 698 1774 780 argumentum
1790 739 1809 776 ‚
1858 695 1970 757 aut
2016 688 2187 756 valet
2230 689 2488 775 perinde
2525 689 2603 757 de

241 792 370 861 aliis
411 796 758 863 vocabulis.
807 796 899 863 Ut
945 798 1314 885 exemplum
1360 798 1652 865 afferam:
1706 816 1833 864 vox
1874 795 2017 861 ὄσσε
2058 801 2234 862 estne
2273 794 2483 862 dualis
2522 816 2603 861 an

237 897 384 968 non?
428 923 484 969 e.
513 925 581 991 g.
631 928 661 968 ν
706 903 872 970 401:

651 1010 928 1093 κνυζώσω
976 1010 1040 1076 δέ
1085 1036 1175 1078 τοι
1223 1010 1365 1077 ὄσσε
1413 1012 1602 1094 πάρος
1652 1008 2012 1092 περικαλλέ’
2053 1008 2239 1076 ἐόντε.

232 1112 468 1181 Dixeris
519 1115 791 1182 dubium
838 1121 1082 1184 moveri
1127 1139 1248 1185 non
1294 1140 1504 1205 posse,
1553 1140 1701 1185 cum
1750 1124 1815 1183 et
1859 1116 2129 1183 formam
2178 1121 2242 1182 et
2288 1114 2606 1204 significa·

232 1223 457 1289 tionem
506 1230 624 1288 τῶν
673 1223 884 1290 δυικῶν
933 1224 1286 1292 clarissime
1331 1227 1599 1303 referat3
1646 1225 1724 1291 ab
1770 1222 2055 1290 Homero
2096 1236 2310 1288 autem
2350 1224 2601 1287 nonnisi

230 1329 290 1392 in
353 1332 752 1397 nominativo
825 1338 890 1398 et
959 1336 1320 1400 accusativo
1391 1333 1746 1399 adhibetur.
1822 1330 1916 1397 At
1977 1332 2211 1415 posteri
2271 1349 2307 1394 a
2350 1334 2603 1395 vetusta

229 1434 503 1523 bonaque
574 1438 1025 1513 consuetudine
1095 1439 1544 1507 aberraverunt
1565 1487 1582 1517 ,
1653 1436 1968 1505 finxerunt
2017 1437 2189 1501 enim
2236 1437 2600 1522 genitivum

226 1540 401 1608 ὅσσων
427 1541 486 1631 ¹)
533 1550 598 1610 et
645 1544 936 1612 dativum
981 1543 1266 1633 devoto-(e)
1294 1546 1383 1635 ²),
1431 1567 1583 1613 cum
1626 1546 1701 1610 hi
1747 1564 1927 1611 casus
1974 1547 2087 1608 aut
2134 1561 2309 1608 more
2354 1540 2601 1607 Home-

224 1650 342 1715 rico
388 1671 426 1716 a
473 1652 764 1739 cognatis
807 1652 1179 1718 nominibus
1223 1651 1404 1731 ὄμμα
1444 1658 1508 1720 et
1546 1651 1874 1733 ὀφθαλμός
1900 1656 2108 1715 essent
2131 1647 2462 1731 sumendi,
2489 1652 2603 1713 aut

225 1758 273 1821 si
330 1759 488 1844 quid
545 1761 696 1827 novi
755 1759 1028 1825 formare
1090 1757 1368 1845 placeret
1387 1808 1403 1839 ,
1451 1762 1648 1825 δσσοῒν
1698 1757 2037 1824 dicendum
2086 1760 2249 1821 esset
2306 1757 2373 1820 in
2420 1759 2599 1819 utro-

223 1882 334 1947 que
378 1884 553 1931 casu.
2442 1932 2459 1963 ,1

302 1969 376 2037 In
421 1973 682 2039 nomine
729 1978 944 2040 autem
992 1974 1390 2041 substantivo
1436 1977 1492 2040 si
1545 1976 1638 2041 sic
1683 1974 1897 2059 potuit
1937 1970 2212 2037 aberrari
2255 1989 2292 2036 a
2323 1969 2599 2035 dictione

219 2074 592 2156 Homerica,
639 2099 766 2145 non
819 2080 1061 2145 mirum
1107 2081 1162 2147 si
1209 2080 1416 2147 multo
1461 2079 1718 2168 longius
1763 2099 1801 2143 a
1846 2079 1954 2145 via
1990 2076 2257 2163 pristina
2280 2074 2597 2143 deflexum

220 2190 324 2249 est·
365 2188 436 2251 in
502 2185 873 2253 adhibendis
921 2188 1337 2271 pronominum
1395 2188 1620 2253 formis
1640 2237 1657 2270 ‚
1722 2206 1993 2271 quarum
2062 2181 2594 2272 significationem

219 2309 404 2375 quam
468 2290 641 2357 male
684 2296 1116 2379 perspexerint
1161 2294 1428 2379 posteri,
1481 2294 1695 2359 notius
1742 2299 1838 2358 est
1884 2310 2078 2377 quam
2128 2289 2295 2377 quod
2331 2291 2441 2355 hic
2486 2289 2597 2355 de-

215 2402 633 2476 monstretur,
703 2400 843 2483 ipse
905 2402 1076 2465 enim
1144 2404 1360 2465 textus
1420 2400 1804 2466 Homericus
1864 2400 2103 2485 passim
2163 2397 2232 2463 id
2294 2395 2590 2465 ostendit.

215 2501 430 2590 Neque
493 2506 918 2571 recentiorum
979 2507 1256 2592 profecto
1318 2510 1892 2595 grammaticorum
1950 2504 2053 2571 illi
2116 2511 2269 2570 sunt
2320 2523 2558 2570 errores
2578 2550 2596 2581 ‚

215 2611 314 2676 sed
376 2614 536 2698 ipsis
595 2611 869 2678 Athenis
932 2612 1198 2680 mirifice
1261 2614 1442 2680 abusi
1503 2621 1654 2680 sunt
1711 2617 1934 2698 poetae
1996 2611 2216 2676 formis
2279 2613 2553 2677 vetustis
2572 2657 2591 2684 ,

215 2737 362 2802 quas
413 2725 480 2784 et
525 2717 626 2783 illi
673 2719 878 2806 igitur
922 2726 987 2785 et
1031 2720 1322 2807 aequales
1369 2721 1602 2806 quibus
1650 2719 2009 2786 scribebant
2044 2737 2271 2803 parum
2303 2715 2595 2782 intellec-

213 2827 302 2888 tas
348 2824 689 2890 habebant.

295 2927 640 2997 Caeterum
724 2953 847 2998 non
936 2954 1063 2998 una
1131 2933 1477 3019 eademque
1539 2953 1672 3000 sors
1740 2932 1866 2997 fuit
1934 2933 2137 2997 trium
2209 2931 2286 2998 de
2358 2930 2592 3017 quibus

211 3035 455 3127 dudum
503 3034 832 3123 loquimur
877 3039 1224 3106 formarum
1274 3038 1454 3117 ἄμμε
1504 3037 1678 3117 ὔμμε
1718 3046 1879 3121 σφὲ,
1925 3036 2034 3104 sed
2074 3037 2321 3103 duabus
2365 3037 2589 3123 priori-

211 3141 322 3209 bus
383 3141 598 3209 multo
660 3143 1037 3211 clementius
1095 3145 1222 3211 fuit
1281 3145 1488 3213 fatum
1551 3165 1743 3232 quam
1792 3146 2035 3211 tertiae.
2108 3143 2203 3209 De
2247 3143 2368 3211 hac
2410 3143 2591 3230 prius

208 3248 560 3316 videamus.

293 3354 468 3422 Illud
530 3361 654 3438 σφε
679 3407 694 3434 ,
762 3359 929 3443 quod
993 3358 1248 3425 dualem
1314 3359 1471 3426 olim
1536 3359 1761 3444 fuisse,
1824 3363 1889 3424 et
1948 3357 2121 3424 idem
2186 3357 2352 3444 quod
2418 3342 2589 3422 abrai

209 3461 418 3529 valere
486 3465 556 3528 in
625 3463 850 3552 lingua
916 3466 1233 3532 homerica
1251 3515 1269 3551 ,
1335 3466 1798 3533 demonstrasse
1863 3465 2025 3531 mihi
2084 3463 2305 3531 videor
2324 3512 2342 3548 ,
2422 3462 2589 3549 apud

272 3698 326 3763 1)
357 3695 524 3748 ’ὄσσων
567 3697 687 3750 Hes.
732 3700 908 3765 Theog.
945 3702 1067 3761 826,
1099 3701 1278 3767 Hyan.
1319 3702 1508 3766 Orphic.
1544 3701 1611 3754 70
1644 3717 1711 3751 va.
1748 3701 1807 3760 6,
1842 3697 2109 3749 *meoet-it.
2144 3698 2239 3756 23,
2272 3697 2327 3755 83
2365 3696 2456 3755 24,
2492 3695 2587 3751 73:

205 3783 250 3828 et
281 3782 472 3847 saepius
503 3783 626 3848 apud
660 3782 909 3847 Tragicos:
948 3785 1117 3834 Aeseh.
1151 3785 1396 3835 Prometb.
1433 3785 1557 3842 398,
1596 3785 1707 3834 Eur.
1744 3783 1876 3833 Med.
1910 3781 2035 3840 906,
2075 3780 2226 3846 Hipp.
2260 3781 2388 3838 245,
2428 3777 2587 3837 1896,

206 3860 360 3922 1444,
395 3863 578 3914 Hecub.
617 3866 773 3922 1105.
809 3865 990 3916 Phoen.
1029 3865 1150 3926 870,
1185 3867 1351 3933 Suppl.
1388 3869 1482 3928 48,
1519 3867 1611 3926 96,
1649 3864 1845 3916 Hercul.
1884 3864 1978 3914 fur.
2008 3864 2134 3923 450,
2155 3863 2281 3923 625,
2304 3862 2407 3911 Ion.
2431 3861 2591 3922 1869,

207 3943 308 4010 Ipb.
345 3945 508 3996 Aulid.
543 3945 668 4006 477,
703 3947 872 4012 fragm.
909 3949 1034 4008 803,
1071 3953 1117 3998 3.

269 4029 320 4089 2)
352 4026 554 4077 ’ὄσσοισι
589 4027 710 4081 Hos.
744 4032 872 4080 Sent-
909 4031 1025 4080 426.

266 4107 443 4168 ’ὄσσοις
489 4112 624 4162 Hom.
665 4113 850 4176 Hymn.
895 4115 987 4172 81,
1035 4113 1092 4172 9,
1139 4115 1256 4164 Hes.
1295 4115 1426 4166 scut.
1461 4115 1588 4173 430,
1625 4112 1791 4177 Sapph.
1827 4112 1887 4161 fr.
1929 4113 2019 4171 16,
2058 4111 2291 4176 Licymii
2322 4112 2492 4176 fragm.
2530 4115 2587 4173 83

211 4191 393 4256 omnic.
445 4193 614 4259 fragm.
650 4196 679 4243 1
715 4211 783 4246 vs.
822 4197 911 4254 15,
956 4197 1141 4260 orphae.
1181 4195 1448 4262 Arqmut.
1487 4197 1610 4254 184,
1647 4196 1772 4255 540,
1806 4194 2016 4259 itemque
2049 4196 2172 4260 apud
2206 4195 2428 4258 Tragicos
2460 4195 2589 4246 haud

207 4271 552 4340 infrequenter:
590 4277 757 4326 Aue-h.
794 4278 1038 4328 Prometh.
1080 4280 1204 4340 145,
1241 4279 1366 4341 679,
1401 4282 1679 4344 Agamemn.
1717 4277 1844 4337 470,
1880 4277 2020 4336 Soph.
2056 4277 2219 4342 Antig.
2242 4278 2396 4338 1231,
2416 4277 2585 4328 Trach.

209 4355 328 4416 999,
365 4359 480 4407 Eur.
513 4359 615 4410 Ale.
651 4359 781 4418 269,
816 4360 938 4413 Heo.
971 4361 1093 4422 915,
1131 4363 1276 4412 Herc.
1311 4363 1402 4414 fur.
1442 4361 1566 4420 938,
1604 4362 1711 4411 Ion.
1752 4362 1871 4421 193,
1914 4361 2087 4412 Helen.
2121 4361 2243 4422 122,
2267 4361 2436 4412 Bacch.
2457 4362 2586 4423 286,

211 4437 362 4499 1168,
400 4441 554 4500 1385,
587 4441 762 4507 fragm.
800 4442 914 4492 894.
