3150 5000
583 297 720 367 302
1657 319 1901 372 mono.

579 483 845 561 attinet3
909 485 1196 568 sequitur
1255 485 1428 551 enim
1493 484 1717 552 eadem
1780 487 1851 551 vi
1897 486 2337 553 coniunctivus
2382 505 2511 572 qua
2555 489 2699 572 post
2742 486 2797 549 ἐι
2836 493 2940 571 qui.

673 691 784 760 51.
831 693 954 760 Pro
1007 701 1292 764 monstro
1333 715 1773 765 mum-mo
1816 702 1885 765 in
1934 701 2035 765 hi·
2078 700 2316 776 verbis,
2375 701 2542 778 „sibi
2581 703 2717 786 ipse
2753 697 2945 766 Βοω-

577 805 675 866 tes
719 803 1108 887 peripeateto
1153 801 1268 869 illo
1307 805 1374 868 in
1421 823 1710 869 sermone
1752 804 2153 891 depinxerit”
2198 806 2623 872 substitutum
2665 813 2761 870 eet
2795 803 2945 870 Peri-

567 911 828 990 patetico
893 913 1007 973 aut
1070 909 1370 991 tripertito
1433 909 1793 997 (Bernays).
1865 910 1991 977 His
2054 914 2435 978 coniecturis
2489 931 2635 978 mea
2678 909 2943 976 accedat:
3059 895 3060 956 Ῐ

575 1031 656 1080 n
714 1034 921 1080 errore
985 1015 1085 1080 bis
1149 1019 1462 1100 scriptum
1525 1023 1719 1102 puto;
1773 1023 1968 1084 restat
2010 1035 2369 1085 rmwmo
2412 1022 2483 1084 in
2529 1039 2655 1104 quo
2700 1035 2944 1106 agnosco
3059 1033 3060 1036 ’

574 1137 862 1187 Pmnno.
943 1120 1207 1187 Initium
1279 1123 1544 1208 politiae
1608 1121 1976 1190 Platonicae
2038 1131 2133 1190 est
2195 1124 2475 1203 κατέβην
2530 1125 2679 1208 χθὲς
2724 1125 2781 1197 ἐς
2828 1133 2945 1190 ne·
3059 1119 3060 1200 f

574 1229 720 1306 ραιίἑ
737 1272 756 1304 ,
823 1231 888 1291 et
951 1229 1018 1291 in
1080 1227 1310 1294 Piraeo
1373 1249 1581 1294 sermo
1642 1228 1757 1294 ille
1820 1236 1993 1296 totus
2062 1230 2352 1298 habetur.
2442 1230 2695 1296 Nomen
2762 1228 2945 1294 Piraei

573 1326 796 1397 Cicero
859 1331 940 1396 ad
1004 1351 1300 1418 graecam
1369 1352 1661 1399 normam
1724 1333 1907 1401 flexit
1968 1337 2253 1420 (Piraeea
2299 1338 2369 1401 in
2415 1337 2574 1420 acc.)
2621 1335 2786 1421 quod
2829 1337 2945 1419 ipse
3059 1383 3060 1398 ἶ

573 1437 768 1501 refert
832 1442 898 1502 et
960 1444 1220 1504 excusat
1277 1439 1358 1504 ad
1403 1441 1540 1505 Att.
1592 1437 1741 1505 VII.
1790 1440 1852 1508 3.
1906 1443 2023 1519 10;
2076 1443 2227 1508 hinc
2272 1442 2353 1508 ad
2398 1442 2711 1508 rationem
2758 1440 2945 1506 adiec-
3059 1431 3060 1504 j

573 1543 858 1609 tivorum
911 1543 1162 1610 Theseus
1180 1591 1196 1622 ‚
1256 1543 1522 1628 Oaepheue
1538 1594 1557 1630 ,
1610 1544 1885 1612 aliorum
1934 1545 2305 1634 fingendum
2354 1553 2493 1614 erat
2538 1548 2719 1632 quasi
2763 1566 2800 1612 a
2852 1545 2941 1610 Pi·

571 1671 822 1714 raeeus.-
884 1653 1176 1715 Piraeeus
1193 1700 1212 1734 ,
1275 1651 1468 1735 idque
1525 1647 1896 1718 Ciceronem
1960 1653 2183 1720 fecisse
2244 1651 2573 1739 probabile
2642 1657 2775 1737 est,
2836 1649 2942 1715 etsi
3059 1649 3060 1720 ζ

573 1755 946 1840 Propertius
1005 1762 1071 1821 et
1118 1754 1390 1822 Ovidius
1435 1759 1687 1841 poetica
1729 1757 2027 1824 libertate
2072 1762 2175 1825 usi
2223 1759 2461 1842 (Piraei
2505 1759 2721 1822 litim-a
2750 1763 2941 1841 porcus
3059 1803 3060 1806 ,

573 1865 639 1927 et
695 1861 924 1926 Peraea
968 1863 1200 1944 littora)
1251 1862 1641 1929 adiectivum
1690 1859 2160 1951 homonymum
2209 1865 2612 1930 substantivo
2657 1863 2943 1930 formave·
3059 1859 3060 1926 ζ

571 1949 742 2032 runt.
808 1964 906 2033 Of.
955 1967 1136 2033 Neue
1155 2013 1174 2046 ‚
1222 1968 1270 2033 Ι.
1321 1967 1475 2032 331.
1539 1967 1873 2056 Bernaysii
1914 1973 2273 2038 coniectura
2311 1970 2613 2054 tripertito
2652 1969 2797 2034 ferri
2830 1987 2941 2032 non

573 2078 781 2157 potest
839 2077 992 2158 quia
1051 2075 1388 2152 Πολιτεία,
1451 2083 1721 2152 Τιμαῒος
1741 2124 1760 2161 ,
1825 2077 2077 2155 Κριτίας
2130 2097 2257 2142 non
2302 2083 2453 2142 sunt
2501 2097 2667 2142 unus
2718 2093 2939 2149 sermo,
3059 2105 3060 2190 ἶ

572 2199 689 2244 nec
759 2176 1048 2245 Socrates
1119 2183 1184 2245 in
1256 2181 1456 2247 altera
1514 2189 1581 2248 et
1638 2185 1828 2248 tertia
1888 2190 2067 2268 parte
2130 2181 2427 2270 trilogiae
2486 2181 2667 2248 illius
2722 2183 2940 2266 primas

571 2289 784 2368 partes
847 2287 1007 2372 agit.
1079 2286 1514 2369 Peripateticus
1573 2294 1792 2354 autem
1858 2308 2067 2354 sermo
2132 2288 2258 2353 dici
2321 2309 2445 2354 non
2509 2293 2750 2372 potest;
2820 2287 2939 2350 sive

573 2389 745 2453 enim
793 2389 874 2454 ad
914 2398 1370 2478 argumentum
1409 2395 1545 2459 sive
1586 2392 1665 2458 ad
1708 2393 1979 2458 formam
2021 2392 2262 2480 dialogi
2302 2394 2592 2460 attendas
2612 2439 2628 2468 ,
2672 2391 2937 2458 multum
3059 2417 3060 2422 ¹

571 2497 834 2561 interest
898 2497 1067 2561 inter
1114 2496 1556 2565 Aristotelium
1610 2519 1855 2564 morem
1903 2506 1969 2564 et
2015 2496 2445 2565 Platonicum.
2516 2497 2741 2565 Nihilo
2787 2496 2937 2563 dete-
3059 2536 3060 2571 3

567 2603 704 2667 rius
747 2602 1248 2688 Peripateticum
1298 2612 1363 2670 et
1412 2596 1857 2671 Aristoteliam
1906 2604 2238 2691 dialogum
2286 2605 2645 2669 Socraticum
2680 2603 2936 2675 diceres.
3059 2644 3060 2647 =

569 2709 736 2793 quod
787 2730 936 2775 sane
983 2730 1172 2806 nemo
1220 2712 1533 2795 probabit.

662 2816 740 2879 In
803 2819 1110 2901 proximis
1171 2824 1426 2901 propter
1489 2823 1879 2882 structuram
1943 2816 2185 2901 periodi
2250 2814 2494 2901 aliquid
2542 2815 2932 2882 mutandum.

569 2920 746 2986 Dicit
803 2930 1022 2987 auctor
1083 2922 1248 2987 fere:
1312 2924 1522 3007 prima
1582 2924 1668 2989 sit
1730 2923 1886 2989 haec
1948 2923 2155 2988 forma
2200 2928 2267 2987 et
2308 2923 2491 3009 origo
2541 2922 2833 3007 tyranni,
2878 2926 2939 2982 ut
3059 3018 3060 3021 Ἴ

571 3027 1113 3110 quemadmodum
1163 3025 1548 3111 Tarquinius
1594 3049 1865 3114 regnum
1914 3031 2247 3106 everterit,
2296 3030 2383 3091 sit
2430 3030 2759 3112 oppositus
2796 3025 2939 3091 alter

569 3132 804 3215 probus
847 3139 910 3197 et
958 3140 1162 3199 rector
1207 3133 1547 3199 civitatis”.
1620 3134 1844 3199 Prima
1889 3136 2241 3199 sententiae
2287 3140 2466 3217 parte
2518 3134 2631 3217 (-
2678 3134 2939 3216 dapem-

569 3237 679 3323 n't)
743 3236 1018 3303 absolvit
1081 3239 1578 3323 disputationem
1630 3240 1708 3306 de
1754 3240 2113 3325 tyrannidis
2159 3236 2494 3323 Tarquinii
2539 3258 2801 3325 genere,
2848 3237 2939 3301 cui

569 3362 718 3409 cum
780 3342 1126 3421 valedixit,
1193 3352 1482 3429 repetens
1543 3354 2002 3433 argumentum
2073 3348 2365 3429 superius
2414 3344 2936 3429 (quomadmodum

567 3452 730 3535 sqq.)
797 3450 992 3515 simul
1025 3470 1295 3517 ‚novum
1359 3452 1653 3537 proponit
1714 3472 1953 3538 genus,
2018 3452 2400 3527 αἰσυμνήτην
2466 3450 2784 3535 quendam
2841 3452 2939 3513 aut

565 3563 877 3621 rectorem
959 3555 1342 3645 significans.
1446 3556 1714 3622 Malim:
1794 3606 1825 3639 ,
1860 3604 1877 3622 .
1905 3604 1920 3621 .
1952 3604 1967 3619 .
1994 3557 2367 3642 depinxerit.
2466 3557 2549 3621 Et
2616 3576 2807 3641 quem
2872 3551 2939 3619 ad

569 3662 834 3727 modum
884 3698 970 3712 -
1018 3699 1103 3711 -
1149 3664 1233 3727 sit
1281 3662 1433 3728 huic
1481 3664 1809 3749 oppositus
1860 3662 2086 3729 alter'’.
2158 3661 2370 3750 Vulgo
2420 3674 2525 3741 ut,
2574 3663 2835 3729 fortasse
2870 3680 2938 3725 ex

568 3770 952 3833 correctione
969 3787 987 3846 ;
1046 3767 1127 3833 cf.
1175 3770 1212 3852 ξ
1261 3766 1348 3833 43
1397 3770 1508 3833 ubi
1557 3788 1633 3833 ex
1683 3768 1853 3833 mala
1900 3770 2283 3835 correctione
2326 3776 2397 3833 ut
2440 3779 2501 3833 et
2546 3769 2631 3833 eit
2675 3779 2741 3833 et
2786 3775 2841 3845 et
2880 3770 2939 3829 ut
3059 3778 3060 3781 ’

567 3878 648 3937 sit
705 3876 984 3957 positum
1041 3894 1156 3959 pro
1203 3873 1482 3960 simplici
1531 3882 1589 3939 ot
1631 3874 1751 3939 eit:
1807 3874 2145 3959 „quamvis
2188 3876 2257 3939 in
2304 3894 2377 3941 ea
2422 3876 2509 3939 sit
2556 3884 2615 3938 et
2661 3880 2935 3946 senatus,

569 3983 644 4044 ut
705 3984 846 4043 tum
908 3979 1038 4045 fuit
1088 4015 1170 4028 —
1221 3986 1278 4043 et
1339 3982 1427 4045 sit
1472 3980 1728 4065 aliquod
1779 3982 1975 4045 etiam
2023 3978 2241 4065 populi
2287 3980 2471 4059 ius”;
2518 3980 2599 4045 eit
2647 3981 2940 4065 repetitur

568 4088 714 4169 post
756 4084 906 4169 fuit
926 4132 941 4161 ,
996 4104 1074 4150 ne
1123 4088 1452 4170 sequentia
1497 4086 1871 4151 continuare
1918 4086 2257 4151 videantur
2300 4088 2591 4171 proxime
2634 4086 2939 4171 superiora

569 4196 637 4253 ut
695 4196 818 4253 tum
871 4191 1030 4276 suit.
1113 4192 1194 4255 Et
1241 4199 1382 4275 post
1429 4200 1496 4255 ut
1540 4194 1985 4277 interpositum
2033 4192 2071 4275 5
2120 4190 2207 4257 50
2260 4199 2374 4270 „ut
2422 4198 2507 4258 et·
2529 4194 2661 4259 iam
2710 4189 2936 4256 Romu·

567 4294 708 4361 lum
761 4330 844 4343 —
893 4294 1118 4361 fecisse
1165 4296 1492 4362 diximus”
1543 4318 1656 4383 pro
1702 4308 1771 4361 ut
1818 4302 1959 4363 iam.
2028 4298 2111 4361 Et
2152 4298 2309 4383 quod
2348 4296 2497 4382 §54
2536 4296 2933 4363 emendatum

567 4406 666 4467 est
710 4420 824 4487 pro
868 4408 938 4465 ut
979 4403 1154 4486 quod.
