3150 5000
1279 341 1522 393 mmo.
2464 321 2597 390 803

332 507 426 572 62.
494 507 672 596 „Ego
735 513 952 574 sutem
974 556 992 586 ‚
1051 504 1107 574 si
1171 511 1356 594 [quo]
1413 510 1607 576 modo
1654 512 1949 594 consequi
1998 515 2263 596 potuero
2278 559 2295 594 ,
2343 506 2603 573 rationi·

251 612 352 677 bus
405 613 634 678 eisdem
651 657 670 690 ,
735 635 894 699 quas
953 613 1066 680 ille
1111 615 1309 693 vidit,
1361 635 1484 681 non
1531 618 1600 680 in
1649 617 1878 681 umbro
1924 621 1991 681 et
2036 617 2323 702 imagine
2370 615 2601 680 civita-

247 720 351 796 tis,
412 718 514 785 sed
571 722 639 784 in
703 718 1102 806 amplissime
1157 741 1224 786 re
1272 721 1526 806 publicu
1571 724 1779 787 enitsr
1799 771 1816 805 ,
1866 726 1941 786 ut
1988 721 2295 806 cuiusque
2342 725 2409 786 et
2456 719 2605 784 boni

247 823 460 909 publici
505 830 568 889 et
613 825 774 891 mali
822 847 1077 892 csussm
1127 834 1460 912 tamquam
1508 827 1770 915 virg-uls
1813 827 2036 893 videar
2084 824 2463 913 attingere”.

320 929 472 996 Nolo
515 952 805 1017 premere
851 934 1265 1017 suspitionem
1305 939 1601 1018 corrupta
1642 953 1775 998 esse
1813 955 1961 1017 quac
1998 933 2108 996 illc
2144 931 2332 1009 widin
2373 950 2601 1015 parum

246 1041 442 1120 aptum
485 1043 616 1102 est:
665 1039 868 1102 videre
911 1040 1221 1124 rationes3
1276 1037 1462 1105 Plato
1499 1039 1729 1102 invenit
1769 1059 1910 1104 eam
1950 1040 2262 1103 rationem
2281 1083 2297 1114 ,
2338 1045 2417 1102 ut
2440 1038 2603 1102 vitis

246 1145 496 1208 civitatis
549 1146 933 1230 perspiceret
997 1146 1065 1208 in
1127 1145 1386 1210 homine
1433 1146 1572 1229 ipso
1594 1191 1609 1220 ,
1662 1163 1735 1209 es
1781 1165 1927 1208 usuc
1970 1151 2057 1208 est
2074 1190 2091 1222 ,
2140 1163 2283 1209 esm
2329 1141 2607 1206 adhibuit

247 1246 312 1312 sd
367 1250 822 1336 cognoscendos
865 1269 1080 1315 rerum
1132 1250 1531 1335 publicarum
1582 1252 2053 1326 couversionem
2098 1248 2209 1315 sed
2254 1247 2415 1312 vidit
2458 1267 2599 1312 esm

244 1355 522 1419 rationem
589 1355 864 1422 insolens
925 1363 1040 1421 est.
1113 1356 1313 1422 Porro
1358 1356 1514 1440 quid
1550 1357 1705 1421 hoc:
1752 1358 1999 1434 „enitar
2039 1355 2107 1419 in
2146 1359 2401 1436 imagine
2446 1373 2602 1440 qus-

245 1457 368 1522 dsm
410 1461 728 1535 civitatis,
776 1466 852 1526 ut
895 1462 1117 1528 videar
1165 1459 1558 1549 attingerem?
1628 1463 1937 1527 oscendere
1958 1511 1972 1537 ,
2030 1461 2249 1546 opinor
2267 1511 2285 1544 ,
2332 1461 2403 1524 in
2441 1463 2604 1525 imu-

243 1567 374 1651 g'ine
423 1571 484 1631 et
531 1567 760 1632 umbro
805 1569 1090 1634 civitatis
1108 1614 1125 1645 ,
1175 1575 1286 1633 sut
1325 1567 1661 1652 perspicere
1708 1569 1773 1632 in
1823 1587 1897 1633 es
1944 1567 2186 1652 aliquid
2234 1566 2601 1633 conabatur.

246 1669 551 1737 Desidere:
621 1674 1014 1750 „rationibus
1076 1674 1317 1739 eisdem
1377 1677 1568 1738 cadem
1588 1719 1604 1752 ,
1668 1693 1830 1759 quse
1894 1672 2044 1750 ille,
2109 1673 2325 1740 videre
2386 1707 2471 1720 --·
2532 1673 2603 1736 in

245 1776 616 1862 amplissima
664 1799 731 1844 re
777 1778 1038 1864 publica
1084 1779 1338 1858 enitsr”‚
1378 1778 1515 1846 rell.
1565 1780 1786 1844 Enitar
1818 1799 1967 1844 cum
2008 1769 2329 1844 infinitivo
2365 1775 2600 1842 'Peren-

244 1883 356 1947 tius
412 1885 630 1967 (Andr.
699 1882 812 1948 111.
879 1885 940 1949 4.
1011 1885 1120 1969 17)
1138 1932 1155 1963 ,
1213 1883 1595 1963 Sallustius,
1646 1884 1758 1950 slii
1806 1885 2103 1951 dixerunt
2117 1904 2134 1962 ς
2185 1886 2255 1948 iu
2302 1881 2603 1950 Cicerone

243 1989 586 2074 exemplum
645 2009 770 2055 non
832 1997 1078 2057 exstare
1142 1991 1431 2068 videtur,
1493 2011 1611 2056 nec
1672 1998 1889 2056 tamen
1948 1989 2399 2057 affirmaverim
2447 2011 2599 2056 eum

243 2091 424 2159 dicere
467 2114 592 2160 non
634 2095 934 2182 potuisse.
987 2093 1111 2161 Sed
1156 2116 1283 2162 non
1322 2097 1711 2182 pertinacius
1748 2096 2046 2184 pugnabo
2066 2144 2085 2181 ‚
2125 2097 2423 2182 quonism
2463 2095 2603 2182 ipse
2721 2116 2728 2123 ·

242 2199 722 2267 emendationem
768 2203 1076 2267 incertam
1127 2202 1346 2268 fateor.
1421 2202 1556 2268 Nec
1604 2211 1821 2267 temen
1860 2207 2191 2289 propterea
2228 2201 2442 2266 locum
2466 2221 2599 2267 cor-

240 2311 474 2390 ruptum
521 2327 638 2392 pro
683 2325 836 2373 sano
883 2307 1258 2386 venditsbo‚
1307 2310 1385 2372 ut
1427 2310 1494 2372 in
1543 2309 1851 2392 proximis
1898 2309 2137 2373 fectum
2177 2307 2468 2375 videtur:
2516 2308 2599 2373 iis

241 2413 389 2475 enim
451 2417 631 2494 uqi-‘s
693 2412 1114 2501 quadraginta
1175 2416 1356 2478 annis
1403 2419 1468 2478 et
1511 2413 1799 2478 ducentis
1834 2415 2024 2496 paulo
2070 2435 2197 2478 cim
2242 2415 2599 2495 intem-equis

229 2516 354 2602 fere
393 2517 670 2605 emplius
711 2518 1122 2605 praeteritis’ss
1163 2523 1231 2584 in
1273 2539 1397 2605 quo
1437 2522 1813 2585 recentiores
1854 2520 2129 2585 editores
2168 2523 2595 2606 acquiescunt.

239 2621 370 2687 Fere
409 2625 500 2689 ibi
548 2645 697 2690 cum
744 2645 912 2713 vaga
958 2629 1262 2711 temporis
1298 2624 1765 2714 significatione
1799 2628 2013 2691 minus
2056 2632 2225 2692 recte
2264 2628 2593 2714 iungitur;

229 2730 395 2810 paulo
453 2731 533 2796 sb
595 2731 852 2815 amplius
915 2732 1084 2799 male
1146 2732 1512 2818 divellitur3
1579 2731 1766 2798 facile
1814 2732 2069 2798 dubites
2116 2738 2336 2797 utrum
2372 2734 2596 2816 paulo-

237 2836 470 2917 amplim
516 2836 1025 2903 additamentum
1073 2840 1203 2903 sint
1243 2837 1412 2904 msle
1451 2836 1658 2903 seduli
1696 2837 1950 2904 lectoris
1969 2886 1987 2914 ‚
2028 2858 2108 2905 sn
2148 2840 2241 2903 its
2280 2839 2409 2905 fere
2446 2842 2599 2904 scri-

237 2940 368 3007 bss:
409 2945 492 3008 iis
539 2945 713 3008 enim
749 2944 947 3031 regiis
985 2944 1409 3032 quadrag-ints
1447 2947 1629 3010 annis
1663 2950 1728 3009 et
1753 2943 2042 3009 ducentis
2067 2943 2255 3030 paulo
2280 2943 2559 3029 emplius
2578 2992 2594 3022 ,

237 3066 366 3113 cum
422 3052 804 3139 interregnis
849 3052 982 3117 fere
1003 3050 1046 3093 ⁴*
1067 3051 1108 3092 ¹*
1154 3052 1557 3137 praeteritis”
1603 3057 1680 3117 ut
1726 3070 2029 3117 numerus
2089 3054 2596 3140 interregnorum

233 3152 622 3221 interciderit.
675 3156 964 3222 Alterum
1004 3156 1396 3243 probabilius
1437 3158 1710 3224 videtur.
1762 3160 2033 3242 Amplius
2056 3162 2365 3225 omissum
2393 3158 2599 3225 alieno

234 3257 356 3326 loco
397 3263 763 3348 suppletum
811 3270 942 3347 est,
987 3264 1066 3328 cf.
1119 3263 1169 3328 Ι.
1223 3262 1330 3328 63.

313 3474 414 3539 54.
487 3478 858 3560 „provocari
920 3474 1112 3541 licere
1157 3476 1442 3541 indicant
1491 3476 1629 3542 XII
1676 3476 1933 3543 tabulae
1980 3475 2388 3561 conpluribus
2434 3474 2597 3563 legi-

234 3577 371 3658 bus,
437 3587 505 3647 et
561 3582 728 3666 quod
793 3582 1118 3667 proditum
1183 3585 1532 3648 memoriae
1596 3596 1689 3649 est
1755 3584 2179 3659 decemviros,·
2241 3585 2355 3666 qui
2421 3580 2598 3669 leges

233 3689 574 3773 scripserint
637 3688 772 3752 sine
831 3689 1275 3773 provocatione
1335 3694 1576 3754 creatos
1596 3736 1612 3767 ‚
1684 3689 1840 3755 satis
1910 3689 2255 3755 ostenderit
2322 3685 2599 3772 reliquos

233 3792 350 3857 nine
393 3794 834 3878 provocatione
890 3792 1363 3881 magistratus,

308 3897 540 3964 Haeret
602 3897 920 3965 Mullerus
989 3907 1057 3963 in
1129 3902 1532 3967 coniunctivo
1602 3902 1925 3965 ostenderit
1992 3897 2086 3985 (O.
2161 3899 2555 3985 ostenden-int)
2578 3950 2594 3976 ‚

233 4022 330 4085 pro
386 4024 510 4091 quo
573 4007 829 4071 coniicit
875 4006 1180 4070 ostendere
1223 4006 1478 4072 videtur.
1551 4006 1724 4072 Mihi
1771 4026 2021 4092 quoque
2068 4005 2259 4071 lectio
2306 4010 2599 4090 suspects

234 4116 382 4187 erat,
445 4110 899 4195 adscripsersm
952 4114 1020 4175 in
1071 4114 1362 4199 margine
1414 4118 1668 4177 ostendit
1712 4114 1783 4175 id
1824 4113 1929 4199 (it)
1974 4132 2099 4178 non
2144 4110 2376 4177 inutile
2421 4118 2597 4179 ratus

235 4210 488 4280 fulcrum
547 4214 712 4281 illud
772 4217 872 4294 id,
941 4236 1066 4301 quo
1130 4221 1367 4284 certius
1427 4220 1589 4304 quod
1636 4220 1944 4304 proditum
2004 4220 2311 4284 memoriae
2371 4226 2461 4283 cet
2509 4256 2593 4268 --

237 4338 364 4384 cum
421 4322 542 4388 bac
602 4323 859 4408 periodo
919 4322 1070 4408 (non
1133 4342 1281 4389 cum
1343 4324 1797 4411 superioribus)
1842 4327 2166 4413 iungatur.
2240 4323 2395 4391 Post
2441 4326 2595 4407 leyen

237 4428 556 4511 requiritur
598 4427 729 4493 fere
773 4429 937 4493 mae.
