<?xml version="1.0" encoding="UTF-8"?>
<!DOCTYPE html PUBLIC "-//W3C//DTD XHTML 1.0 Transitional//EN"
    "http://www.w3.org/TR/xhtml1/DTD/xhtml1-transitional.dtd">
<html xmlns="http://www.w3.org/1999/xhtml" xml:lang="en" lang="en">
 <head>
  <title>
</title>
<meta http-equiv="Content-Type" content="text/html;charset=utf-8" />
  <meta name='ocr-system' content='tesseract 3.04.00' />
  <meta name='ocr-capabilities' content='ocr_page ocr_carea ocr_par ocr_line ocrx_word'/>
</head>
<body>
  <div class='ocr_page' id='page_1' title='image "./mnemosyne06servgoog_0784.png"; bbox 0 0 3150 5000; ppageno 0'>
   <div class='ocr_carea' id='block_1_1' title="bbox 530 211 1892 304">
    <p class='ocr_par' dir='ltr' id='par_1_1' title="bbox 530 211 1892 304">
     <span class='ocr_line' id='line_1_1' title="bbox 530 211 1892 304; baseline 0.006 -26"><span class='ocrx_word' id='word_1_1' title='bbox 530 278 537 304; x_wconf 57' lang='grc'>,</span> <span class='ocrx_word' id='word_1_2' title='bbox 558 211 689 279; x_wconf 82' lang='grc'><strong>306</strong></span> <span class='ocrx_word' id='word_1_3' title='bbox 1629 238 1892 287; x_wconf 70' lang='lat' dir='ltr'><strong>nonam</strong></span> 
     </span>
    </p>
   </div>
   <div class='ocr_carea' id='block_1_2' title="bbox 554 397 2938 1128">
    <p class='ocr_par' dir='ltr' id='par_1_2' title="bbox 554 397 2938 1023">
     <span class='ocr_line' id='line_1_2' title="bbox 648 397 2933 490; baseline 0.001 -27"><span class='ocrx_word' id='word_1_4' title='bbox 648 397 785 464; x_wconf 87' lang='lat' dir='ltr'><strong>Has</strong></span> <span class='ocrx_word' id='word_1_5' title='bbox 823 399 1257 467; x_wconf 77' lang='lat' dir='ltr'><strong>adnotationes</strong></span> <span class='ocrx_word' id='word_1_6' title='bbox 1295 402 1599 488; x_wconf 75' lang='lat' dir='ltr'><strong>descripsi</strong></span> <span class='ocrx_word' id='word_1_7' title='bbox 1636 403 2040 490; x_wconf 80' lang='lat' dir='ltr'><strong>integraeque</strong></span> <span class='ocrx_word' id='word_1_8' title='bbox 2082 403 2268 469; x_wconf 87' lang='lat' dir='ltr'><strong>offero</strong></span> <span class='ocrx_word' id='word_1_9' title='bbox 2304 403 2388 468; x_wconf 85' lang='lat' dir='ltr'><strong>iis</strong></span> <span class='ocrx_word' id='word_1_10' title='bbox 2407 450 2423 480; x_wconf 91' lang='lat'>,</span> <span class='ocrx_word' id='word_1_11' title='bbox 2464 405 2574 488; x_wconf 87' lang='lat' dir='ltr'><strong>qui</strong></span> <span class='ocrx_word' id='word_1_12' title='bbox 2595 401 2933 470; x_wconf 87' lang='lat' dir='ltr'><strong>Horatium</strong></span> 
     </span>
     <span class='ocr_line' id='line_1_3' title="bbox 558 508 2938 598; baseline 0.002 -28"><span class='ocrx_word' id='word_1_13' title='bbox 558 511 775 571; x_wconf 89' lang='lat' dir='ltr'><strong>amant</strong></span> <span class='ocrx_word' id='word_1_14' title='bbox 813 514 877 571; x_wconf 86' lang='lat' dir='ltr'><strong>et</strong></span> <span class='ocrx_word' id='word_1_15' title='bbox 915 513 1175 573; x_wconf 81' lang='lat' dir='ltr'><strong>acutum</strong></span> <span class='ocrx_word' id='word_1_16' title='bbox 1217 508 1650 595; x_wconf 85' lang='lat' dir='ltr'><strong>Peerlkampii</strong></span> <span class='ocrx_word' id='word_1_17' title='bbox 1689 511 2022 598; x_wconf 84' lang='lat' dir='ltr'><strong>ingenium</strong></span> <span class='ocrx_word' id='word_1_18' title='bbox 2063 512 2130 574; x_wconf 89' lang='lat' dir='ltr'><strong>in</strong></span> <span class='ocrx_word' id='word_1_19' title='bbox 2165 509 2284 576; x_wconf 82' lang='lat' dir='ltr'><strong>hoe</strong></span> <span class='ocrx_word' id='word_1_20' title='bbox 2321 515 2509 594; x_wconf 87' lang='lat' dir='ltr'><strong>poeta</strong></span> <span class='ocrx_word' id='word_1_21' title='bbox 2550 509 2938 575; x_wconf 86' lang='lat' dir='ltr'><strong>emendando</strong></span> 
     </span>
     <span class='ocr_line' id='line_1_4' title="bbox 557 612 2936 702; baseline 0.001 -25"><span class='ocrx_word' id='word_1_22' title='bbox 557 619 621 677; x_wconf 87' lang='lat' dir='ltr'><strong>et</strong></span> <span class='ocrx_word' id='word_1_23' title='bbox 668 612 1038 697; x_wconf 85' lang='lat' dir='ltr'><strong>explicando</strong></span> <span class='ocrx_word' id='word_1_24' title='bbox 1085 617 1457 700; x_wconf 86' lang='lat' dir='ltr'><strong>suspiciunt.</strong></span> <span class='ocrx_word' id='word_1_25' title='bbox 1524 613 1596 681; x_wconf 83' lang='lat' dir='ltr'><strong>Si</strong></span> <span class='ocrx_word' id='word_1_26' title='bbox 1642 618 1777 701; x_wconf 88' lang='lat' dir='ltr'><strong>ipse</strong></span> <span class='ocrx_word' id='word_1_27' title='bbox 1825 614 2125 702; x_wconf 84' lang='lat' dir='ltr'><strong>epistolas</strong></span> <span class='ocrx_word' id='word_1_28' title='bbox 2173 615 2508 692; x_wconf 86' lang='lat' dir='ltr'><strong>edidisset,</strong></span> <span class='ocrx_word' id='word_1_29' title='bbox 2556 635 2682 681; x_wconf 92' lang='lat' dir='ltr'><strong>non</strong></span> <span class='ocrx_word' id='word_1_30' title='bbox 2727 616 2936 681; x_wconf 86' lang='lat' dir='ltr'><strong>omnia</strong></span> 
     </span>
     <span class='ocr_line' id='line_1_5' title="bbox 554 719 2936 806; baseline 0.001 -23"><span class='ocrx_word' id='word_1_31' title='bbox 554 720 880 804; x_wconf 79' lang='lat' dir='ltr'>probasset</span> <span class='ocrx_word' id='word_1_32' title='bbox 898 767 914 797; x_wconf 91' lang='lat'>,</span> <span class='ocrx_word' id='word_1_33' title='bbox 978 719 1089 786; x_wconf 86' lang='lat' dir='ltr'><strong>sed</strong></span> <span class='ocrx_word' id='word_1_34' title='bbox 1134 720 1320 806; x_wconf 87' lang='lat' dir='ltr'><strong>plura</strong></span> <span class='ocrx_word' id='word_1_35' title='bbox 1366 729 1583 788; x_wconf 86' lang='lat' dir='ltr'><strong>tamen</strong></span> <span class='ocrx_word' id='word_1_36' title='bbox 1630 725 1996 788; x_wconf 72' lang='lat' dir='ltr'><strong>retinuisset</strong></span> <span class='ocrx_word' id='word_1_37' title='bbox 2043 729 2106 787; x_wconf 90' lang='lat' dir='ltr'><strong>et</strong></span> <span class='ocrx_word' id='word_1_38' title='bbox 2152 741 2230 787; x_wconf 85' lang='lat' dir='ltr'><strong>ex</strong></span> <span class='ocrx_word' id='word_1_39' title='bbox 2270 721 2593 787; x_wconf 84' lang='lat' dir='ltr'><strong>doetrinae</strong></span> <span class='ocrx_word' id='word_1_40' title='bbox 2639 741 2796 787; x_wconf 82' lang='lat' dir='ltr'><strong>suae</strong></span> <span class='ocrx_word' id='word_1_41' title='bbox 2839 741 2936 786; x_wconf 82' lang='lat' dir='ltr'><strong>oo-</strong></span> 
     </span>
     <span class='ocr_line' id='line_1_6' title="bbox 554 825 2937 914; baseline 0.002 -26"><span class='ocrx_word' id='word_1_42' title='bbox 554 826 682 909; x_wconf 85' lang='lat' dir='ltr'><strong>piis</strong></span> <span class='ocrx_word' id='word_1_43' title='bbox 751 826 1118 892; x_wconf 83' lang='lat' dir='ltr'><strong>ornavisset.</strong></span> <span class='ocrx_word' id='word_1_44' title='bbox 1187 826 1375 895; x_wconf 86' lang='lat' dir='ltr'><strong>Nune</strong></span> <span class='ocrx_word' id='word_1_45' title='bbox 1445 829 1756 914; x_wconf 87' lang='lat' dir='ltr'><strong>prodeunt</strong></span> <span class='ocrx_word' id='word_1_46' title='bbox 1816 829 1987 895; x_wconf 90' lang='lat' dir='ltr'><strong>nuda</strong></span> <span class='ocrx_word' id='word_1_47' title='bbox 2047 834 2111 894; x_wconf 84' lang='lat' dir='ltr'><strong>et</strong></span> <span class='ocrx_word' id='word_1_48' title='bbox 2174 830 2498 906; x_wconf 87' lang='lat' dir='ltr'><strong>inornata,</strong></span> <span class='ocrx_word' id='word_1_49' title='bbox 2545 827 2656 894; x_wconf 89' lang='lat' dir='ltr'><strong>sed</strong></span> <span class='ocrx_word' id='word_1_50' title='bbox 2701 825 2814 894; x_wconf 77' lang='lat' dir='ltr'><strong>vel</strong></span> <span class='ocrx_word' id='word_1_51' title='bbox 2855 829 2937 892; x_wconf 83' lang='lat' dir='ltr'><strong>sic</strong></span> 
     </span>
     <span class='ocr_line' id='line_1_7' title="bbox 558 932 1989 1023; baseline 0.002 -27"><span class='ocrx_word' id='word_1_52' title='bbox 558 937 819 1016; x_wconf 85' lang='lat' dir='ltr'><strong>parente</strong></span> <span class='ocrx_word' id='word_1_53' title='bbox 864 952 1006 1008; x_wconf 86' lang='lat' dir='ltr'><strong>suo,</strong></span> <span class='ocrx_word' id='word_1_54' title='bbox 1058 935 1183 998; x_wconf 85' lang='lat' dir='ltr'><strong>nisi</strong></span> <span class='ocrx_word' id='word_1_55' title='bbox 1230 932 1435 1011; x_wconf 88' lang='lat' dir='ltr'><strong>fallor,</strong></span> <span class='ocrx_word' id='word_1_56' title='bbox 1487 935 1658 1000; x_wconf 89' lang='lat' dir='ltr'><strong>haud</strong></span> <span class='ocrx_word' id='word_1_57' title='bbox 1703 935 1989 1023; x_wconf 83' lang='lat' dir='ltr'><strong>indigna.</strong></span> 
     </span>
    </p>

    <p class='ocr_par' dir='ltr' id='par_1_3' title="bbox 646 1038 2881 1128">
     <span class='ocr_line' id='line_1_8' title="bbox 646 1038 2881 1128; baseline 0.002 -26"><span class='ocrx_word' id='word_1_58' title='bbox 646 1038 860 1108; x_wconf 79' lang='lat' dir='ltr'><strong>Pauca</strong></span> <span class='ocrx_word' id='word_1_59' title='bbox 906 1039 1105 1106; x_wconf 84' lang='lat' dir='ltr'><strong>adieci</strong></span> <span class='ocrx_word' id='word_1_60' title='bbox 1150 1040 1253 1106; x_wconf 90' lang='lat' dir='ltr'><strong>his</strong></span> <span class='ocrx_word' id='word_1_61' title='bbox 1292 1042 1499 1128; x_wconf 79' lang='lat' dir='ltr'><strong>signis</strong></span> <span class='ocrx_word' id='word_1_62' title='bbox 1544 1040 1571 1126; x_wconf 94' lang='lat'><strong>(</strong></span> <span class='ocrx_word' id='word_1_63' title='bbox 1664 1042 1690 1126; x_wconf 88' lang='lat'><strong>)</strong></span> <span class='ocrx_word' id='word_1_64' title='bbox 1735 1061 1773 1108; x_wconf 89' lang='lat' dir='ltr'><strong>a</strong></span> <span class='ocrx_word' id='word_1_65' title='bbox 1817 1039 2252 1126; x_wconf 82' lang='lat' dir='ltr'><strong>Peerlkampii</strong></span> <span class='ocrx_word' id='word_1_66' title='bbox 2304 1041 2512 1107; x_wconf 86' lang='lat' dir='ltr'><strong>verbis</strong></span> <span class='ocrx_word' id='word_1_67' title='bbox 2559 1042 2881 1106; x_wconf 76' lang='lat' dir='ltr'><strong>distincta.</strong></span> 
     </span>
    </p>
   </div>
   <div class='ocr_carea' id='block_1_3' title="bbox 2161 1219 2761 1290">
    <p class='ocr_par' dir='ltr' id='par_1_4' title="bbox 2161 1219 2761 1290">
     <span class='ocr_line' id='line_1_9' title="bbox 2161 1219 2761 1290; baseline 0 0"><span class='ocrx_word' id='word_1_68' title='bbox 2161 1222 2211 1290; x_wconf 92' lang='grc' dir='ltr'><strong>Ι.</strong></span> <span class='ocrx_word' id='word_1_69' title='bbox 2261 1221 2331 1290; x_wconf 88' lang='lat' dir='ltr'><strong>O.</strong></span> <span class='ocrx_word' id='word_1_70' title='bbox 2383 1219 2465 1290; x_wconf 77' lang='lat' dir='ltr'><strong>G.</strong></span> <span class='ocrx_word' id='word_1_71' title='bbox 2513 1221 2761 1290; x_wconf 80' lang='grc' dir='ltr'><strong>ΒΟΟΤ.</strong></span> 
     </span>
    </p>
   </div>
   <div class='ocr_carea' id='block_1_4' title="bbox 1556 1515 1952 1530">
    <p class='ocr_par' dir='ltr' id='par_1_5' title="bbox 1556 1515 1952 1530">
     <span class='ocr_line' id='line_1_10' title="bbox 1556 1515 1952 1530; baseline -0.003 -1"><span class='ocrx_word' id='word_1_72' title='bbox 1556 1515 1952 1530; x_wconf 54' lang='lat' dir='ltr'><strong>a*</strong></span> 
     </span>
    </p>
   </div>
   <div class='ocr_carea' id='block_1_5' title="bbox 1125 1757 2383 1849">
    <p class='ocr_par' dir='ltr' id='par_1_6' title="bbox 1125 1757 2383 1849">
     <span class='ocr_line' id='line_1_11' title="bbox 1125 1757 2383 1849; baseline 0.003 -18"><span class='ocrx_word' id='word_1_73' title='bbox 1125 1765 1241 1832; x_wconf 88' lang='lat' dir='ltr'><strong>AD</strong></span> <span class='ocrx_word' id='word_1_74' title='bbox 1284 1757 1898 1849; x_wconf 74' lang='lat' dir='ltr'>EPISTULARUM</span> <span class='ocrx_word' id='word_1_75' title='bbox 1945 1765 2282 1834; x_wconf 84' lang='lat' dir='ltr'>LIBRUM</span> <span class='ocrx_word' id='word_1_76' title='bbox 2326 1767 2383 1835; x_wconf 94' lang='grc' dir='ltr'><strong>Ι.</strong></span> 
     </span>
    </p>
   </div>
   <div class='ocr_carea' id='block_1_6' title="bbox 558 1965 3095 2815">
    <p class='ocr_par' dir='ltr' id='par_1_7' title="bbox 653 1965 2166 2068">
     <span class='ocr_line' id='line_1_12' title="bbox 653 1965 2166 2068; baseline 0.001 -22"><span class='ocrx_word' id='word_1_77' title='bbox 653 1981 703 2047; x_wconf 91' lang='lat'><strong>1.</strong></span> <span class='ocrx_word' id='word_1_78' title='bbox 752 2003 815 2050; x_wconf 75' lang='grc' dir='ltr'><strong>ν.</strong></span> <span class='ocrx_word' id='word_1_79' title='bbox 866 1979 927 2048; x_wconf 88' lang='lat'><strong>7.</strong></span> <span class='ocrx_word' id='word_1_80' title='bbox 976 1965 1195 2047; x_wconf 68' lang='lat' dir='ltr'><strong>cre&#39;bro.</strong></span> <span class='ocrx_word' id='word_1_81' title='bbox 1230 2004 1481 2067; x_wconf 68' lang='lat' dir='ltr'><strong>praec-0,</strong></span> <span class='ocrx_word' id='word_1_82' title='bbox 1532 1980 1639 2047; x_wconf 84' lang='lat' dir='ltr'><strong>vel</strong></span> <span class='ocrx_word' id='word_1_83' title='bbox 1683 1983 1842 2066; x_wconf 81' lang='lat' dir='ltr'><strong>quod</strong></span> <span class='ocrx_word' id='word_1_84' title='bbox 1883 2002 1996 2067; x_wconf 88' lang='lat' dir='ltr'><strong>pro</strong></span> <span class='ocrx_word' id='word_1_85' title='bbox 2041 1983 2166 2068; x_wconf 77' lang='lat' dir='ltr'><strong>qui.</strong></span> 
     </span>
    </p>

    <p class='ocr_par' dir='ltr' id='par_1_8' title="bbox 560 2086 3095 2390">
     <span class='ocr_line' id='line_1_13' title="bbox 635 2086 2942 2176; baseline -0 -23"><span class='ocrx_word' id='word_1_86' title='bbox 635 2086 765 2154; x_wconf 87' lang='lat'><strong>·19.</strong></span> <span class='ocrx_word' id='word_1_87' title='bbox 828 2088 1112 2176; x_wconf 82' lang='lat' dir='ltr'><strong>Legatur</strong></span> <span class='ocrx_word' id='word_1_88' title='bbox 1172 2087 1279 2153; x_wconf 83' lang='lat' dir='ltr'><strong>hio</strong></span> <span class='ocrx_word' id='word_1_89' title='bbox 1339 2109 1401 2154; x_wconf 85' lang='lat' dir='ltr'><strong>v.</strong></span> <span class='ocrx_word' id='word_1_90' title='bbox 1453 2093 1594 2173; x_wconf 86' lang='lat' dir='ltr'><strong>post</strong></span> <span class='ocrx_word' id='word_1_91' title='bbox 1645 2087 1748 2156; x_wconf 84' lang='lat'>1¹7.</span> <span class='ocrx_word' id='word_1_92' title='bbox 1797 2087 2144 2174; x_wconf 80' lang='lat' dir='ltr'><strong>Epicureus</strong></span> <span class='ocrx_word' id='word_1_93' title='bbox 2191 2094 2286 2155; x_wconf 84' lang='lat' dir='ltr'><strong>est</strong></span> <span class='ocrx_word' id='word_1_94' title='bbox 2331 2110 2572 2156; x_wconf 85' lang='lat' dir='ltr'><strong>servus.</strong></span> <span class='ocrx_word' id='word_1_95' title='bbox 2621 2090 2776 2155; x_wconf 82' lang='lat' dir='ltr'><strong>vide</strong></span> <span class='ocrx_word' id='word_1_96' title='bbox 2821 2089 2942 2154; x_wconf 91' lang='lat' dir='ltr'><strong>Pa-</strong></span> 
     </span>
     <span class='ocr_line' id='line_1_14' title="bbox 563 2191 2942 2278; baseline -0.001 -18"><span class='ocrx_word' id='word_1_97' title='bbox 563 2195 779 2262; x_wconf 76' lang='lat' dir='ltr'><strong>radox.</strong></span> <span class='ocrx_word' id='word_1_98' title='bbox 827 2193 881 2260; x_wconf 85' lang='lat' dir='ltr'><strong>V</strong></span> <span class='ocrx_word' id='word_1_99' title='bbox 930 2191 1021 2259; x_wconf 75' lang='grc' dir='ltr'><strong>ὅτι</strong></span> <span class='ocrx_word' id='word_1_100' title='bbox 1073 2194 1250 2272; x_wconf 78' lang='grc' dir='ltr'><strong><em>μόνος</em></strong></span> <span class='ocrx_word' id='word_1_101' title='bbox 1298 2195 1327 2258; x_wconf 81' lang='grc' dir='ltr'>ὁ</span> <span class='ocrx_word' id='word_1_102' title='bbox 1378 2195 1565 2272; x_wconf 78' lang='grc' dir='ltr'><strong>σοφὸς</strong></span> <span class='ocrx_word' id='word_1_103' title='bbox 1617 2193 1920 2275; x_wconf 69' lang='grc' dir='ltr'><strong><em>ἐλεύθερος</em></strong></span> <span class='ocrx_word' id='word_1_104' title='bbox 1968 2196 2072 2260; x_wconf 76' lang='grc' dir='ltr'><strong>καὶ</strong></span> <span class='ocrx_word' id='word_1_105' title='bbox 2121 2198 2246 2266; x_wconf 71' lang='grc' dir='ltr'><strong>πᾶς</strong></span> <span class='ocrx_word' id='word_1_106' title='bbox 2287 2192 2502 2278; x_wconf 72' lang='grc' dir='ltr'><strong><em>ἄφρων</em></strong></span> <span class='ocrx_word' id='word_1_107' title='bbox 2537 2196 2771 2268; x_wconf 66' lang='grc' dir='ltr'><strong>δοῦλος.</strong></span> <span class='ocrx_word' id='word_1_108' title='bbox 2823 2194 2942 2276; x_wconf 82' lang='lat' dir='ltr'><strong>Qui</strong></span> 
     </span>
     <span class='ocr_line' id='line_1_15' title="bbox 560 2300 3095 2390; baseline 0 -24"><span class='ocrx_word' id='word_1_109' title='bbox 560 2304 731 2390; x_wconf 81' lang='lat' dir='ltr'><strong>regit</strong></span> <span class='ocrx_word' id='word_1_110' title='bbox 773 2300 1111 2386; x_wconf 70' lang='lat' dir='ltr'><strong>rempubl„</strong></span> <span class='ocrx_word' id='word_1_111' title='bbox 1159 2301 1283 2368; x_wconf 90' lang='lat' dir='ltr'><strong>sibi</strong></span> <span class='ocrx_word' id='word_1_112' title='bbox 1328 2321 1427 2367; x_wconf 87' lang='lat' dir='ltr'><strong>res</strong></span> <span class='ocrx_word' id='word_1_113' title='bbox 1472 2302 1827 2389; x_wconf 79' lang='lat' dir='ltr'><strong>subiungit.</strong></span> <span class='ocrx_word' id='word_1_114' title='bbox 3093 2331 3095 2344; x_wconf 86' lang='grc'>·</span> 
     </span>
    </p>

    <p class='ocr_par' dir='ltr' id='par_1_9' title="bbox 654 2349 3095 2495">
     <span class='ocr_line' id='line_1_16' title="bbox 654 2349 3095 2495; baseline -0 -23"><span class='ocrx_word' id='word_1_115' title='bbox 654 2406 760 2473; x_wconf 79' lang='grc'><strong>42.</strong></span> <span class='ocrx_word' id='word_1_116' title='bbox 824 2407 880 2472; x_wconf 84' lang='lat' dir='ltr'><em>V</em></span> <span class='ocrx_word' id='word_1_117' title='bbox 875 2409 1018 2472; x_wconf 67' lang='lat' dir='ltr'><strong>ides.</strong></span> <span class='ocrx_word' id='word_1_118' title='bbox 1070 2407 1226 2495; x_wconf 82' lang='lat' dir='ltr'><strong>Leg.</strong></span> <span class='ocrx_word' id='word_1_119' title='bbox 1272 2407 1426 2473; x_wconf 79' lang='lat' dir='ltr'><strong>vide.</strong></span> <span class='ocrx_word' id='word_1_120' title='bbox 1476 2405 1547 2473; x_wconf 83' lang='lat' dir='ltr'><strong>Si</strong></span> <span class='ocrx_word' id='word_1_121' title='bbox 1594 2407 1872 2488; x_wconf 81' lang='lat' dir='ltr'><strong>videret,</strong></span> <span class='ocrx_word' id='word_1_122' title='bbox 1917 2428 2042 2473; x_wconf 86' lang='lat' dir='ltr'><strong>non</strong></span> <span class='ocrx_word' id='word_1_123' title='bbox 2089 2408 2342 2474; x_wconf 75' lang='lat' dir='ltr'><strong>faceret.</strong></span> <span class='ocrx_word' id='word_1_124' title='bbox 3093 2349 3095 2465; x_wconf 79' lang='grc' dir='ltr'>Ι</span> 
     </span>
    </p>

    <p class='ocr_par' dir='ltr' id='par_1_10' title="bbox 558 2514 2940 2815">
     <span class='ocr_line' id='line_1_17' title="bbox 654 2514 2938 2601; baseline -0 -22"><span class='ocrx_word' id='word_1_125' title='bbox 654 2515 761 2581; x_wconf 86' lang='grc'><strong>48.</strong></span> <span class='ocrx_word' id='word_1_126' title='bbox 828 2516 1061 2579; x_wconf 81' lang='lat' dir='ltr'><strong>audire.</strong></span> <span class='ocrx_word' id='word_1_127' title='bbox 1125 2514 1509 2581; x_wconf 71' lang='lat' dir='ltr'><strong>Met-catores</strong></span> <span class='ocrx_word' id='word_1_128' title='bbox 1571 2520 1668 2581; x_wconf 87' lang='lat' dir='ltr'><strong>tot</strong></span> <span class='ocrx_word' id='word_1_129' title='bbox 1729 2517 1931 2581; x_wconf 88' lang='lat' dir='ltr'><strong>maria</strong></span> <span class='ocrx_word' id='word_1_130' title='bbox 1991 2517 2336 2601; x_wconf 82' lang='lat' dir='ltr'><strong>navigant,</strong></span> <span class='ocrx_word' id='word_1_131' title='bbox 2383 2514 2826 2582; x_wconf 65' lang='lat' dir='ltr'><strong>lucricausa:</strong></span> <span class='ocrx_word' id='word_1_132' title='bbox 2877 2522 2938 2579; x_wconf 85' lang='lat' dir='ltr'><strong>tu</strong></span> 
     </span>
     <span class='ocr_line' id='line_1_18' title="bbox 559 2618 2938 2706; baseline 0 -19"><span class='ocrx_word' id='word_1_133' title='bbox 559 2622 654 2689; x_wconf 91' lang='lat' dir='ltr'><strong>nil</strong></span> <span class='ocrx_word' id='word_1_134' title='bbox 725 2622 916 2688; x_wconf 85' lang='lat' dir='ltr'><strong>facies</strong></span> <span class='ocrx_word' id='word_1_135' title='bbox 986 2627 1059 2686; x_wconf 91' lang='lat' dir='ltr'><strong>ut</strong></span> <span class='ocrx_word' id='word_1_136' title='bbox 1127 2620 1369 2706; x_wconf 87' lang='lat' dir='ltr'><strong>aliquid</strong></span> <span class='ocrx_word' id='word_1_137' title='bbox 1429 2621 1663 2697; x_wconf 80' lang='lat' dir='ltr'><strong>diseas,</strong></span> <span class='ocrx_word' id='word_1_138' title='bbox 1731 2621 1896 2706; x_wconf 87' lang='lat' dir='ltr'><strong>quod</strong></span> <span class='ocrx_word' id='word_1_139' title='bbox 1959 2620 2192 2687; x_wconf 88' lang='lat' dir='ltr'><strong>melius</strong></span> <span class='ocrx_word' id='word_1_140' title='bbox 2251 2628 2348 2687; x_wconf 88' lang='lat' dir='ltr'><strong>est</strong></span> <span class='ocrx_word' id='word_1_141' title='bbox 2393 2618 2610 2687; x_wconf 77' lang='lat' dir='ltr'><strong>luero?</strong></span> <span class='ocrx_word' id='word_1_142' title='bbox 2655 2628 2730 2687; x_wconf 87' lang='lat' dir='ltr'><strong>tu</strong></span> <span class='ocrx_word' id='word_1_143' title='bbox 2779 2619 2938 2687; x_wconf 86' lang='lat' dir='ltr'><strong>nihil</strong></span> 
     </span>
     <span class='ocr_line' id='line_1_19' title="bbox 558 2726 2940 2815; baseline -0.002 -20"><span class='ocrx_word' id='word_1_144' title='bbox 558 2726 861 2795; x_wconf 78' lang='lat' dir='ltr'><strong>audebis?</strong></span> <span class='ocrx_word' id='word_1_145' title='bbox 923 2728 1007 2793; x_wconf 76' lang='lat' dir='ltr'><strong>Et</strong></span> <span class='ocrx_word' id='word_1_146' title='bbox 1078 2749 1151 2794; x_wconf 92' lang='lat' dir='ltr'><strong>eo</strong></span> <span class='ocrx_word' id='word_1_147' title='bbox 1199 2730 1453 2794; x_wconf 87' lang='lat' dir='ltr'><strong>nomine</strong></span> <span class='ocrx_word' id='word_1_148' title='bbox 1499 2729 1721 2793; x_wconf 72' lang='lat' dir='ltr'><strong>audere</strong></span> <span class='ocrx_word' id='word_1_149' title='bbox 1764 2728 1957 2815; x_wconf 92' lang='lat' dir='ltr'><strong>(quod</strong></span> <span class='ocrx_word' id='word_1_150' title='bbox 2004 2727 2321 2797; x_wconf 85' lang='lat' dir='ltr'><strong>Gesnerus</strong></span> <span class='ocrx_word' id='word_1_151' title='bbox 2369 2728 2806 2815; x_wconf 86' lang='lat' dir='ltr'><strong>commendat)</strong></span> <span class='ocrx_word' id='word_1_152' title='bbox 2851 2732 2940 2793; x_wconf 86' lang='lat' dir='ltr'><strong>est</strong></span> 
     </span>
    </p>
   </div>
   <div class='ocr_carea' id='block_1_7' title="bbox 456 2833 812 2913">
    <p class='ocr_par' dir='ltr' id='par_1_11' title="bbox 456 2833 812 2913">
     <span class='ocr_line' id='line_1_20' title="bbox 456 2833 812 2913; baseline -0.008 -12"><span class='ocrx_word' id='word_1_153' title='bbox 456 2894 473 2913; x_wconf 83' lang='lat'>‚</span> <span class='ocrx_word' id='word_1_154' title='bbox 557 2833 812 2901; x_wconf 87' lang='lat' dir='ltr'><strong>melius.</strong></span> 
     </span>
    </p>
   </div>
   <div class='ocr_carea' id='block_1_8' title="bbox 551 2938 3089 4408">
    <p class='ocr_par' dir='ltr' id='par_1_12' title="bbox 551 2938 2936 3135">
     <span class='ocr_line' id='line_1_21' title="bbox 652 2938 2936 3029; baseline 0.001 -25"><span class='ocrx_word' id='word_1_155' title='bbox 652 2940 759 3005; x_wconf 85' lang='lat'><strong>55.</strong></span> <span class='ocrx_word' id='word_1_156' title='bbox 806 2938 1197 3025; x_wconf 82' lang='lat' dir='ltr'><strong>Transpone:</strong></span> <span class='ocrx_word' id='word_1_157' title='bbox 1251 2941 1420 3005; x_wconf 78' lang='lat' dir='ltr'><strong>Haec</strong></span> <span class='ocrx_word' id='word_1_158' title='bbox 1456 2941 1686 3005; x_wconf 71' lang='lat' dir='ltr'><strong>dictata</strong></span> <span class='ocrx_word' id='word_1_159' title='bbox 1719 2962 1884 3005; x_wconf 68' lang='lat' dir='ltr'><strong>senes</strong></span> <span class='ocrx_word' id='word_1_160' title='bbox 1922 2942 2200 3005; x_wconf 74' lang='lat' dir='ltr'><strong>recinunt</strong></span> <span class='ocrx_word' id='word_1_161' title='bbox 2233 2947 2615 3027; x_wconf 70' lang='lat' dir='ltr'><strong>iuvenesque,</strong></span> <span class='ocrx_word' id='word_1_162' title='bbox 2657 2942 2936 3029; x_wconf 86' lang='lat' dir='ltr'><strong>alioquin</strong></span> 
     </span>
     <span class='ocr_line' id='line_1_22' title="bbox 551 3048 1171 3135; baseline -0.005 -21"><span class='ocrx_word' id='word_1_163' title='bbox 551 3048 681 3135; x_wconf 79' lang='lat' dir='ltr'><strong>leg.</strong></span> <span class='ocrx_word' id='word_1_164' title='bbox 728 3070 1004 3131; x_wconf 66' lang='lat' dir='ltr'><strong>senesque</strong></span> <span class='ocrx_word' id='word_1_165' title='bbox 1021 3096 1038 3130; x_wconf 87' lang='lat'><strong>,</strong></span> <span class='ocrx_word' id='word_1_166' title='bbox 1088 3055 1171 3111; x_wconf 73' lang='lat' dir='ltr'><strong>ut.</strong></span> 
     </span>
    </p>

    <p class='ocr_par' dir='ltr' id='par_1_13' title="bbox 556 3150 3089 3338">
     <span class='ocr_line' id='line_1_23' title="bbox 649 3150 3089 3285; baseline -0 -68"><span class='ocrx_word' id='word_1_167' title='bbox 649 3150 757 3219; x_wconf 90' lang='grc'><strong>90.</strong></span> <span class='ocrx_word' id='word_1_168' title='bbox 806 3154 1026 3218; x_wconf 70' lang='lat' dir='ltr'><strong>vultus.</strong></span> <span class='ocrx_word' id='word_1_169' title='bbox 1076 3152 1208 3217; x_wconf 84' lang='lat' dir='ltr'><strong>Cur</strong></span> <span class='ocrx_word' id='word_1_170' title='bbox 1251 3173 1377 3218; x_wconf 91' lang='lat' dir='ltr'><strong>non</strong></span> <span class='ocrx_word' id='word_1_171' title='bbox 1412 3150 1692 3239; x_wconf 77' lang='lat' dir='ltr'><strong>formas?</strong></span> <span class='ocrx_word' id='word_1_172' title='bbox 1740 3152 1954 3219; x_wconf 87' lang='lat' dir='ltr'><strong>Protei</strong></span> <span class='ocrx_word' id='word_1_173' title='bbox 2002 3158 2290 3220; x_wconf 85' lang='lat' dir='ltr'><strong>mutatae</strong></span> <span class='ocrx_word' id='word_1_174' title='bbox 2334 3154 2598 3220; x_wconf 86' lang='lat' dir='ltr'><strong>formae.</strong></span> <span class='ocrx_word' id='word_1_175' title='bbox 2651 3154 2753 3239; x_wconf 85' lang='lat' dir='ltr'><strong>(ef.</strong></span> <span class='ocrx_word' id='word_1_176' title='bbox 2803 3153 2932 3219; x_wconf 81' lang='lat' dir='ltr'><strong>Sat.</strong></span> <span class='ocrx_word' id='word_1_177' title='bbox 3087 3234 3089 3285; x_wconf 67' lang='lat'>4</span> 
     </span>
     <span class='ocr_line' id='line_1_24' title="bbox 556 3254 1111 3338; baseline -0.002 -16"><span class='ocrx_word' id='word_1_178' title='bbox 556 3257 637 3322; x_wconf 90' lang='lat'><strong>11.</strong></span> <span class='ocrx_word' id='word_1_179' title='bbox 692 3256 753 3335; x_wconf 88' lang='grc'><strong>3,</strong></span> <span class='ocrx_word' id='word_1_180' title='bbox 804 3254 1111 3338; x_wconf 81' lang='grc'><strong>71-73).</strong></span> 
     </span>
    </p>

    <p class='ocr_par' dir='ltr' id='par_1_14' title="bbox 554 3288 3089 3537">
     <span class='ocr_line' id='line_1_25' title="bbox 649 3362 2930 3451; baseline 0 -22"><span class='ocrx_word' id='word_1_181' title='bbox 649 3364 757 3432; x_wconf 88' lang='grc'><strong>91.</strong></span> <span class='ocrx_word' id='word_1_182' title='bbox 820 3364 951 3429; x_wconf 77' lang='lat' dir='ltr'><strong>ride</strong></span> <span class='ocrx_word' id='word_1_183' title='bbox 1006 3362 1243 3431; x_wconf 86' lang='lat' dir='ltr'><strong>Catull.</strong></span> <span class='ocrx_word' id='word_1_184' title='bbox 1293 3364 1427 3428; x_wconf 80' lang='lat' dir='ltr'><strong>ride</strong></span> <span class='ocrx_word' id='word_1_185' title='bbox 1470 3370 1526 3427; x_wconf 73' lang='lat' dir='ltr'><strong>si</strong></span> <span class='ocrx_word' id='word_1_186' title='bbox 1569 3370 1749 3449; x_wconf 69' lang='lat' dir='ltr'><strong>sapis.</strong></span> <span class='ocrx_word' id='word_1_187' title='bbox 1806 3364 1967 3429; x_wconf 73' lang='lat' dir='ltr'><strong>Ride</strong></span> <span class='ocrx_word' id='word_1_188' title='bbox 2011 3386 2159 3451; x_wconf 87' lang='lat' dir='ltr'><strong>pro:</strong></span> <span class='ocrx_word' id='word_1_189' title='bbox 2208 3370 2304 3431; x_wconf 88' lang='lat' dir='ltr'><strong>est</strong></span> <span class='ocrx_word' id='word_1_190' title='bbox 2349 3365 2518 3450; x_wconf 87' lang='lat' dir='ltr'><strong>quod</strong></span> <span class='ocrx_word' id='word_1_191' title='bbox 2561 3366 2809 3449; x_wconf 88' lang='lat' dir='ltr'><strong>rideas,</strong></span> <span class='ocrx_word' id='word_1_192' title='bbox 2857 3366 2930 3429; x_wconf 88' lang='lat' dir='ltr'><strong>ri·</strong></span> 
     </span>
     <span class='ocr_line' id='line_1_26' title="bbox 554 3470 1003 3537; baseline -0.002 0"><span class='ocrx_word' id='word_1_193' title='bbox 554 3470 843 3537; x_wconf 86' lang='lat' dir='ltr'><strong>diculum</strong></span> <span class='ocrx_word' id='word_1_194' title='bbox 890 3475 1003 3536; x_wconf 88' lang='lat' dir='ltr'><strong>est.</strong></span> 
     </span>
    </p>

    <p class='ocr_par' dir='ltr' id='par_1_15' title="bbox 651 3556 3087 3686">
     <span class='ocr_line' id='line_1_27' title="bbox 651 3574 2928 3665; baseline -0 -24"><span class='ocrx_word' id='word_1_195' title='bbox 651 3576 800 3642; x_wconf 88' lang='lat'>106.</span> <span class='ocrx_word' id='word_1_196' title='bbox 850 3577 994 3643; x_wconf 90' lang='lat' dir='ltr'><strong>Non</strong></span> <span class='ocrx_word' id='word_1_197' title='bbox 1031 3580 1199 3643; x_wconf 85' lang='lat' dir='ltr'><strong>recte</strong></span> <span class='ocrx_word' id='word_1_198' title='bbox 1222 3576 1516 3665; x_wconf 81' lang='lat' dir='ltr'><strong>intelligo</strong></span> <span class='ocrx_word' id='word_1_199' title='bbox 1540 3578 1712 3643; x_wconf 86' lang='lat' dir='ltr'><strong>hune</strong></span> <span class='ocrx_word' id='word_1_200' title='bbox 1735 3576 1926 3643; x_wconf 86' lang='lat' dir='ltr'><strong>finem</strong></span> <span class='ocrx_word' id='word_1_201' title='bbox 1953 3577 2276 3663; x_wconf 81' lang='lat' dir='ltr'><strong>epistolae.</strong></span> <span class='ocrx_word' id='word_1_202' title='bbox 2326 3574 2422 3643; x_wconf 83' lang='lat' dir='ltr'><strong>Cf.</strong></span> <span class='ocrx_word' id='word_1_203' title='bbox 2451 3575 2585 3641; x_wconf 84' lang='lat' dir='ltr'><strong>Sat.</strong></span> <span class='ocrx_word' id='word_1_204' title='bbox 2611 3575 2664 3641; x_wconf 93' lang='grc' dir='ltr'><strong>Ι.</strong></span> <span class='ocrx_word' id='word_1_205' title='bbox 2693 3574 2755 3654; x_wconf 89' lang='grc'><strong>3,</strong></span> <span class='ocrx_word' id='word_1_206' title='bbox 2785 3576 2928 3641; x_wconf 83' lang='grc'><strong>125.</strong></span> 
     </span>
    </p>

    <p class='ocr_par' dir='ltr' id='par_1_16' title="bbox 555 3682 3085 3994">
     <span class='ocr_line' id='line_1_28' title="bbox 646 3682 2928 3769; baseline -0.002 -20"><span class='ocrx_word' id='word_1_207' title='bbox 646 3682 727 3749; x_wconf 89' lang='grc' dir='ltr'><strong>ΙῙ.</strong></span> <span class='ocrx_word' id='word_1_208' title='bbox 799 3688 827 3747; x_wconf 90' lang='grc'><strong>1</strong></span> <span class='ocrx_word' id='word_1_209' title='bbox 895 3704 1023 3769; x_wconf 84' lang='lat' dir='ltr'><strong>seq.</strong></span> <span class='ocrx_word' id='word_1_210' title='bbox 1094 3684 1451 3749; x_wconf 82' lang='lat' dir='ltr'><strong>Homerum</strong></span> <span class='ocrx_word' id='word_1_211' title='bbox 1516 3683 1866 3769; x_wconf 76' lang='lat' dir='ltr'><strong>declamat,</strong></span> <span class='ocrx_word' id='word_1_212' title='bbox 1935 3686 2046 3767; x_wconf 89' lang='lat' dir='ltr'><strong>qui</strong></span> <span class='ocrx_word' id='word_1_213' title='bbox 2107 3682 2600 3750; x_wconf 72' lang='lat' dir='ltr'><strong>declamationes</strong></span> <span class='ocrx_word' id='word_1_214' title='bbox 2661 3684 2817 3749; x_wconf 79' lang='lat' dir='ltr'><strong>facit</strong></span> <span class='ocrx_word' id='word_1_215' title='bbox 2861 3703 2928 3747; x_wconf 81' lang='lat' dir='ltr'><strong>ex</strong></span> 
     </span>
     <span class='ocr_line' id='line_1_29' title="bbox 555 3786 2928 3878; baseline -0.001 -23"><span class='ocrx_word' id='word_1_216' title='bbox 555 3788 857 3855; x_wconf 86' lang='lat' dir='ltr'><strong>Homero.</strong></span> <span class='ocrx_word' id='word_1_217' title='bbox 926 3788 1255 3855; x_wconf 76' lang='lat' dir='ltr'><strong>Dabantur</strong></span> <span class='ocrx_word' id='word_1_218' title='bbox 1318 3788 1470 3854; x_wconf 84' lang='lat' dir='ltr'><strong>talia</strong></span> <span class='ocrx_word' id='word_1_219' title='bbox 1530 3796 1910 3878; x_wconf 79' lang='lat' dir='ltr'><strong>argumenta</strong></span> <span class='ocrx_word' id='word_1_220' title='bbox 1969 3811 2044 3855; x_wconf 85' lang='lat' dir='ltr'><strong>ex</strong></span> <span class='ocrx_word' id='word_1_221' title='bbox 2083 3789 2411 3856; x_wconf 69' lang='lat' dir='ltr'><strong>-Homero</strong></span> <span class='ocrx_word' id='word_1_222' title='bbox 2467 3790 2567 3854; x_wconf 87' lang='lat' dir='ltr'><strong>Ita</strong></span> <span class='ocrx_word' id='word_1_223' title='bbox 2611 3786 2928 3855; x_wconf 88' lang='lat' dir='ltr'><strong>Hannibal</strong></span> 
     </span>
     <span class='ocr_line' id='line_1_30' title="bbox 557 3893 1706 3982; baseline -0.001 -19"><span class='ocrx_word' id='word_1_224' title='bbox 557 3895 725 3982; x_wconf 86' lang='lat' dir='ltr'><strong>apud</strong></span> <span class='ocrx_word' id='word_1_225' title='bbox 772 3893 1143 3961; x_wconf 87' lang='lat' dir='ltr'><strong>Iuvenalem</strong></span> <span class='ocrx_word' id='word_1_226' title='bbox 1196 3900 1290 3960; x_wconf 85' lang='lat' dir='ltr'><strong>est</strong></span> <span class='ocrx_word' id='word_1_227' title='bbox 1336 3896 1706 3960; x_wconf 72' lang='lat' dir='ltr'><strong>declamatio.</strong></span> 
     </span>
    </p>

    <p class='ocr_par' dir='ltr' id='par_1_17' title="bbox 556 3998 2928 4191">
     <span class='ocr_line' id='line_1_31' title="bbox 648 3998 2928 4088; baseline 0 -23"><span class='ocrx_word' id='word_1_228' title='bbox 648 4001 756 4067; x_wconf 81' lang='lat'><strong>15.</strong></span> <span class='ocrx_word' id='word_1_229' title='bbox 828 4010 883 4066; x_wconf 75' lang='lat' dir='ltr'><strong>et</strong></span> <span class='ocrx_word' id='word_1_230' title='bbox 943 4002 1061 4065; x_wconf 78' lang='lat' dir='ltr'><strong>ira.</strong></span> <span class='ocrx_word' id='word_1_231' title='bbox 1134 4000 1348 4066; x_wconf 85' lang='lat' dir='ltr'><strong>Etiam</strong></span> <span class='ocrx_word' id='word_1_232' title='bbox 1409 4003 1475 4066; x_wconf 90' lang='lat' dir='ltr'><strong>in</strong></span> <span class='ocrx_word' id='word_1_233' title='bbox 1548 4023 1609 4067; x_wconf 81' lang='lat' dir='ltr'><strong>v,</strong></span> <span class='ocrx_word' id='word_1_234' title='bbox 1684 4000 1767 4067; x_wconf 90' lang='lat'><strong>13</strong></span> <span class='ocrx_word' id='word_1_235' title='bbox 1831 4003 1946 4067; x_wconf 70' lang='lat' dir='ltr'><strong>ira.</strong></span> <span class='ocrx_word' id='word_1_236' title='bbox 2021 4000 2146 4069; x_wconf 76' lang='lat' dir='ltr'><strong>Sed</strong></span> <span class='ocrx_word' id='word_1_237' title='bbox 2205 4007 2536 4088; x_wconf 83' lang='lat' dir='ltr'><strong>propterea</strong></span> <span class='ocrx_word' id='word_1_238' title='bbox 2585 4004 2652 4067; x_wconf 87' lang='lat' dir='ltr'><strong>in</strong></span> <span class='ocrx_word' id='word_1_239' title='bbox 2697 4002 2802 4067; x_wconf 85' lang='lat' dir='ltr'><strong>his</strong></span> <span class='ocrx_word' id='word_1_240' title='bbox 2843 3998 2928 4067; x_wconf 88' lang='lat' dir='ltr'><strong>nil</strong></span> 
     </span>
     <span class='ocr_line' id='line_1_32' title="bbox 556 4104 1847 4191; baseline -0.001 -18"><span class='ocrx_word' id='word_1_241' title='bbox 556 4113 739 4173; x_wconf 85' lang='lat' dir='ltr'><strong>muta</strong></span> <span class='ocrx_word' id='word_1_242' title='bbox 806 4104 937 4171; x_wconf 85' lang='lat' dir='ltr'><strong>Hie</strong></span> <span class='ocrx_word' id='word_1_243' title='bbox 981 4109 1291 4191; x_wconf 84' lang='lat' dir='ltr'><strong>potuisset</strong></span> <span class='ocrx_word' id='word_1_244' title='bbox 1332 4108 1473 4171; x_wconf 65' lang='lat' dir='ltr'><strong>dira</strong></span> <span class='ocrx_word' id='word_1_245' title='bbox 1495 4156 1511 4181; x_wconf 92' lang='lat'>‚</span> <span class='ocrx_word' id='word_1_246' title='bbox 1558 4114 1616 4171; x_wconf 77' lang='lat' dir='ltr'><strong>et</strong></span> <span class='ocrx_word' id='word_1_247' title='bbox 1663 4116 1847 4172; x_wconf 70' lang='lat' dir='ltr'><strong>aestu.</strong></span> 
     </span>
    </p>

    <p class='ocr_par' dir='ltr' id='par_1_18' title="bbox 553 4212 2926 4408">
     <span class='ocr_line' id='line_1_33' title="bbox 650 4212 2926 4301; baseline 0.002 -24"><span class='ocrx_word' id='word_1_248' title='bbox 650 4212 756 4279; x_wconf 86' lang='lat'><strong>17.</strong></span> <span class='ocrx_word' id='word_1_249' title='bbox 824 4234 1053 4277; x_wconf 68' lang='lat' dir='ltr'><strong>rursus.</strong></span> <span class='ocrx_word' id='word_1_250' title='bbox 1126 4212 1332 4277; x_wconf 88' lang='lat' dir='ltr'><strong>Bentl.</strong></span> <span class='ocrx_word' id='word_1_251' title='bbox 1392 4234 1648 4277; x_wconf 71' lang='lat' dir='ltr'><strong>rursum.</strong></span> <span class='ocrx_word' id='word_1_252' title='bbox 1721 4212 1844 4279; x_wconf 85' lang='lat' dir='ltr'><strong>Sed</strong></span> <span class='ocrx_word' id='word_1_253' title='bbox 1906 4214 2139 4279; x_wconf 87' lang='lat' dir='ltr'><strong>ultima</strong></span> <span class='ocrx_word' id='word_1_254' title='bbox 2199 4216 2266 4279; x_wconf 90' lang='lat' dir='ltr'><strong>in</strong></span> <span class='ocrx_word' id='word_1_255' title='bbox 2312 4236 2538 4279; x_wconf 73' lang='lat' dir='ltr'><strong>rurm</strong></span> <span class='ocrx_word' id='word_1_256' title='bbox 2569 4214 2758 4281; x_wconf 79' lang='lat' dir='ltr'><strong>aliter</strong></span> <span class='ocrx_word' id='word_1_257' title='bbox 2801 4234 2926 4301; x_wconf 88' lang='lat' dir='ltr'><strong>pro-</strong></span> 
     </span>
     <span class='ocr_line' id='line_1_34' title="bbox 553 4318 2924 4408; baseline -0.001 -23"><span class='ocrx_word' id='word_1_258' title='bbox 553 4323 892 4385; x_wconf 78' lang='lat' dir='ltr'><strong>nunciatur</strong></span> <span class='ocrx_word' id='word_1_259' title='bbox 938 4339 1010 4385; x_wconf 84' lang='lat' dir='ltr'><strong>ao</strong></span> <span class='ocrx_word' id='word_1_260' title='bbox 1056 4319 1265 4383; x_wconf 73' lang='lat' dir='ltr'><strong>virtus.</strong></span> <span class='ocrx_word' id='word_1_261' title='bbox 1317 4318 1578 4385; x_wconf 82' lang='lat' dir='ltr'><strong>Frustra</strong></span> <span class='ocrx_word' id='word_1_262' title='bbox 1625 4320 1731 4386; x_wconf 81' lang='lat' dir='ltr'><strong>hio</strong></span> <span class='ocrx_word' id='word_1_263' title='bbox 1768 4323 2134 4405; x_wconf 82' lang='lat' dir='ltr'><strong>quaerimus</strong></span> <span class='ocrx_word' id='word_1_264' title='bbox 2174 4318 2564 4408; x_wconf 77' lang='lat' dir='ltr'><strong>elegantiam</strong></span> <span class='ocrx_word' id='word_1_265' title='bbox 2603 4324 2670 4387; x_wconf 89' lang='lat' dir='ltr'><strong>in</strong></span> <span class='ocrx_word' id='word_1_266' title='bbox 2710 4330 2924 4389; x_wconf 78' lang='lat' dir='ltr'><strong>metro.</strong></span> 
     </span>
    </p>
   </div>
  </div>
 </body>
</html>
