3150 5000
1219 323 1528 375 6111111166.
2434 303 2568 372 253

224 489 361 571 ἔχων
419 490 548 572 περ)
607 492 850 556 αὐτΟΤ
916 487 981 576 ὅ,
1044 515 1104 556 τι
1166 491 1366 570 λέγω,
1432 489 1601 558 δοκεῖ
1652 498 1926 575 φανερῶς
1990 492 2091 558 ἐπὶ
2153 489 2403 572 θατέρου
2448 496 2565 556 τῶν

225 598 622 676 προειρημένων
670 599 960 678 εἰρῆσθαι.
1009 598 1430 684 Perspicuum
1467 603 1562 662 est
1597 595 2049 684 Hippocratem
2090 599 2331 664 dicere:
2372 621 2565 684 quam·

221 725 360 788 quam
404 721 486 768 1111
531 721 614 769 lu
657 721 740 769 nn
783 705 962 768 habeo
1009 705 1166 790 quod
1207 705 1418 768 dicam.
1489 703 1562 768 Id
1612 706 1825 790 ipsum
1874 701 2118 771 Galeno
2163 707 2231 770 in
2277 710 2561 772 mentem

219 815 475 874 venerat:
529 845 616 858 —
661 812 739 882 ῶς
804 811 854 875 εἰ
921 810 1026 874 καὶ
1080 807 1266 883 οὕτως
1317 809 1703 891 ἐγεγράφει·
1752 811 1953 876 καίτοι
2001 809 2163 891 ἔχων
2212 812 2345 892 περὶ
2394 810 2568 876 τού-

220 937 329 978 του
384 917 519 978 τοῦ
584 915 1075 994 πράγματος
1140 913 1209 1000 ὅ,
1270 940 1330 982 τι
1394 913 1600 994 λέγω,
1650 915 1759 981 sed
1807 915 2026 982 abiicit
2074 915 2192 982 hoc
2240 923 2305 983 et
2347 916 2567 983 locum

221 1027 559 1106 corruptum
623 1041 758 1088 6666
818 1024 1142 1108 opinatur:
1213 1019 1349 1088 ἔνιοι
1415 1022 1477 1088 δὲ
1539 1023 1841 1103 ἐγχωρεῖν
1910 1022 2107 1104 φασὶν
2179 1024 2570 1103 ἡμαρτῆσθαι

219 1126 310 1200 τῆν
345 1125 508 1204 λέξιν
554 1128 665 1191 οὐκ
711 1128 879 1207 ὀρθῶς
927 1126 1292 1210 γράψαντος
1340 1133 1446 1193 τοῦ
1496 1126 1731 1208 πρώτου
1774 1127 2247 1209 βιβλιογράφου
2292 1125 2571 1193 κᾶπειτα

218 1229 439 1306 μηδενὸς
487 1232 683 1306 αὐτὴν
731 1233 1137 1316 ἐπανορθῶσαι
1183 1233 1611 1312 τολμήσαντος
1653 1232 1805 1315 άχρι
1846 1233 2014 1315 δεῦρο
2054 1234 2569 1315 διαφυλαχθῆναι

217 1338 307 1410 τὴν
349 1338 685 1418 άμαρτΙαν.
759 1339 982 1425 Itaque
1027 1339 1222 1405 libros
1269 1342 1560 1426 inspicit:
1606 1341 1729 1418 ἐγὼ
1768 1339 1831 1404 δὲ
1868 1343 2006 1405 καθ’
2046 1337 2107 1405 ἓν
2143 1365 2205 1406 τι
2244 1344 2362 1406 τῶν
2398 1342 2571 1406 άντι-

217 1445 452 1525 γράφων
496 1441 660 1525 εὗρον
709 1443 864 1511 οὕτω
909 1445 1350 1526 γεγραμμένον
1400 1445 1639 1524 „nah-oe
1689 1445 1851 1527 ἔχων
1900 1446 2033 1525 περὶ
2082 1449 2345 1513 αὖτΩΝ
2392 1443 2462 1523 ὅ,
2510 1471 2573 1512 τι

216 1551 423 1628 λέγω”.
493 1550 769 1627 Qualem
833 1553 900 1617 in
961 1553 1062 1618 1116
1126 1552 1419 1618 criticum
1474 1552 1771 1620 videmus
1818 1551 2138 1619 Galenum
2188 1573 2324 1618 esse
2370 1573 2573 1638 neque

217 1663 449 1723 scutum
517 1677 726 1743 neque
787 1660 1188 1746 ingeniosum
1249 1678 1452 1744 neque
1497 1661 1922 1744 perspicacem
1946 1707 1963 1736 ,
2014 1658 2210 1725 talem
2254 1660 2322 1723 111
2369 1659 2574 1723 omni-

217 1763 314 1827 bus
367 1764 631 1848 reliquis
693 1763 772 1829 de
833 1784 1063 1852 genere
1121 1765 1239 1829 hoc
1295 1783 1444 1829 eum
1493 1783 1744 1850 semper
1786 1783 1921 1829 esse
1964 1763 2232 1830 videbis.
2304 1761 2573 1829 Sexcen-

218 1871 314 1934 ties
373 1872 506 1935 arte
571 1871 792 1935 critica
851 1873 952 1935 uti
1014 1876 1276 1936 conatus
1335 1889 1690 1955 numquam
1762 1871 2110 1955 quidquam
2180 1872 2575 1957 excogitavit

219 1976 360 2058 quod
404 1983 572 2042 esset
623 1981 869 2041 certum
918 1983 983 2042 et
1030 1977 1306 2042 evidens.
1376 1975 1476 2041 Ne
1520 1996 1715 2041 unam
1767 1975 2022 2061 quidem
2072 1975 2323 2041 felicem
2362 1995 2575 2040 emen-

219 2079 514 2147 dationem
579 2085 650 2148 111
714 2087 810 2148 tot
873 2081 1288 2166 amplissimis
1359 2080 1855 2148 Commentariis
1922 2083 2213 2167 reperies.
2307 2079 2575 2166 Saepius

216 2189 346 2252 artis
406 2189 667 2253 criticae
733 2188 1112 2253 exercendae
1173 2193 1505 2274 praecepta
1575 2187 1772 2254 tradit
1840 2195 1953 2253 aut
2020 2187 2196 2275 leges
2264 2187 2569 2273 quasdam

219 2295 550 2359 constituit.
621 2293 956 2360 Praeclara
999 2294 1154 2358 11666
1198 2293 1458 2379 quidem
1505 2299 1655 2358 sunt
1704 2293 1813 2358 sed
1860 2290 2113 2358 nullum
2163 2294 2421 2358 omnino
2464 2291 2573 2358 ha-

219 2398 344 2462 bent
385 2421 576 2465 usum
600 2450 617 2483 ‚
669 2399 778 2464 ἐάν
825 2422 918 2471 τις
965 2399 1054 2476 μὴ
1103 2397 1221 2482 ἔχη
1265 2404 1400 2480 ῥῖνα
1447 2399 1733 2478 κριτικήν.
1806 2395 2089 2470 Galenus
2135 2398 2236 2464 his
2283 2417 2573 2485 praecep-

215 2507 282 2569 tis
321 2514 378 2572 et
423 2507 684 2595 legibus
729 2509 864 2593 ipse
906 2525 1030 2571 non
1075 2506 1473 2591 obtemperat
1519 2512 1585 2571 et
1628 2506 1693 2571 in
1742 2505 1898 2572 locis
1946 2506 2229 2571 obscuris
2265 2522 2333 2572 et
2370 2508 2573 2591 imps-

215 2610 342 2677 ditis
393 2612 877 2679 infelicissimas
939 2614 1324 2698 suspiciones
1384 2614 1738 2697 expromit,
1788 2631 1949 2696 quae
1994 2632 2111 2677 nec
2156 2610 2403 2677 coelum
2426 2658 2442 2688 ,
2494 2618 2571 2676 ut

214 2718 397 2793 aiunt,
449 2738 568 2785 nec
617 2723 850 2785 terram
900 2724 1190 2806 tangunt.
1265 2718 1440 2784 Bona
1487 2717 1591 2783 lex
1638 2722 1736 2783 est
1783 2738 1974 2804 quam
2016 2714 2198 2783 Tom.
2239 2715 2460 2783 XVII.
2508 2718 2568 2782 1.

213 2841 334 2909 pag.
381 2823 517 2892 '794
563 2828 746 2910 sequi
792 2844 858 2890 se
907 2824 1098 2889 dicit:
1154 2825 1311 2888 πολὺ
1358 2824 1611 2902 βέλτιον
1660 2820 1823 2899 ἔδοξέ
1870 2846 1973 2899 μοι
2018 2822 2409 2904 φυλάττοντι
2460 2826 2569 2897 τὴν

213 2928 464 3009 άρχαίαν
525 2933 784 3011 γραφὴν
831 2931 928 2995 άεὶ
976 2930 1090 3008 μὲν
1136 2927 1498 3008 σπουδάζειν
1547 2929 1777 3003 ἐκείνην
1825 2928 2210 3007 ἐξηγεῖσθαι,
2264 2930 2353 3007 μὴ
2400 2928 2565 3003 δυνη-

215 3032 343 3100 um
403 3036 466 3102 δέ
514 3060 670 3101 ποτε
715 3038 892 3101 τοῦτο
941 3034 1176 3117 πρᾶξαι
1223 3037 1476 3110 πιθανὴν
1521 3040 1633 3109 τὴν
1682 3034 2079 3113 ἐπανόρθωσιν
2128 3037 2322 3109 αὐτῆς
2373 3042 2563 3099 ποιεῖ-

215 3140 330 3205 σθαι
383 3152 450 3208 et
506 3142 694 3209 Tom.
757 3142 970 3209 XVII.
1035 3142 1096 3207 2.
1154 3164 1300 3231 pag.
1351 3142 1472 3209 ¹72:
1523 3140 1829 3214 πολλάκις
1879 3141 1931 3205 δ’
1977 3136 2145 3206 εἶπον
2189 3143 2268 3213 ὥς
2317 3140 2377 3205 ἐν
2422 3148 2565 3213 ταῖς

215 3245 676 3325 αἰνιγματῶδεσι
742 3248 946 3327 λέξεσι
996 3250 1064 3313 τὸ
1114 3248 1225 3326 μὲν
1273 3249 1532 3320 πιθανῶς
1583 3247 2025 3330 μεταγράφειν
2071 3245 2269 3323 ἐξεςιν
2316 3248 2571 3313 εἰπόντα

217 3350 268 3415 δὲ
305 3355 584 3435 πρότερον
631 3355 787 3420 αὐτὸ
833 3360 1010 3420 τοῦτο
1051 3360 1394 3429 τηνικαῦτα
1430 3355 1715 3434 προσήκει
1756 3353 2227 3431 μεταλλάττειν
2264 3356 2377 3427 τὴν
2412 3376 2572 3435 γρα-

217 3462 322 3539 φήν
367 3468 430 3526 et
475 3462 664 3528 Tom.
714 3459 859 3526 VII.
912 3482 1058 3549 pag.
1109 3458 1282 3529 893:
1332 3466 1512 3526 τοῦτο
1561 3462 1674 3538 μὲν
1720 3460 1791 3534 δὴ
1837 3457 2142 3541 χρήσιμόν
2192 3462 2281 3528 ἐτι
2331 3464 2573 3537 μεμνῆ-

217 3566 334 3631 σθαι
377 3570 522 3647 πρὸς
573 3568 819 3642 πολλάς
867 3576 986 3633 τῶν
1035 3568 1299 3649 άσαφῶν
1346 3570 1603 3648 ῥήσεων,
1654 3568 1713 3633 ἐν
1751 3564 1851 3640 αἷς
1893 3566 2019 3642 ἤτοι
2063 3562 2576 3646 παραλελεῖφθαὶ

217 3694 266 3733 τι
317 3674 562 3741 πιθανόν
619 3674 744 3742 ἐςιν
807 3674 840 3749 ἢ
905 3674 1444 3755 παραγεγράφθαι
1509 3676 1804 3758 (mendose
1856 3679 2135 3757 scriptum
2181 3673 2359 3755 esse).
2407 3670 2575 3736 οὐδὲν

217 3778 324 3857 γὰρ
383 3780 608 3845 κωλύει
655 3779 802 3845 κατ’
851 3780 1086 3851 ἐκείνας
1135 3779 1264 3855 ἤτοι
1313 3782 1383 3845 τὸ
1430 3787 1643 3844 λεῖπον
1689 3778 2119 3860 προστιθέντας
2170 3778 2205 3852 3)
2252 3780 2323 3843 τὸ
2372 3778 2575 3856 ἥμαρ-

217 3885 452 3960 τημένον
514 3887 991 3967 ἐπανορθοῦντας
1063 3884 1531 3967 άπεργάζεσθαι
1600 3884 1811 3951 τέλεόν
1881 3909 1952 3949 τε
2022 3882 2126 3948 καὶ
2198 3885 2399 3959 άληθῆ
2469 3883 2573 3948 τὸν

217 3988 398 4067 λόγον.
465 3990 664 4071 ῶσπερ
712 3993 840 4071 γὰρ
883 3993 956 4058 τὸ
1001 3992 1444 4075 μεταγράφειν
1492 3991 1613 4063 τὰς
1659 3990 1945 4063 παλαιὰς
1994 3992 2193 4071 ῥήσεις
2240 3987 2571 4067 προπετές,

217 4092 348 4161 οὕτω
407 4098 516 4163 καὶ
577 4096 1024 4179 φυλάττοντας
1087 4100 1166 4171 ῶς
1227 4098 1597 4177 γέγραπται
1644 4096 1981 4178 βραχείαις
2027 4094 2099 4160 τέ
2140 4118 2302 4167 ,τισιν
2350 4095 2385 4170 ἢ
2434 4118 2573 4176 προ-

221 4202 463 4268 σθέσεσιν
513 4204 681 4289 (add.
731 4205 766 4279 ἢ
817 4202 1250 4291 άφαιρέσεσιν)
1299 4204 1332 4279 ἢ
1383 4202 1815 4279 ὑπαλλάξεσιν
1856 4202 2215 4267 διαλύεσθαι
2253 4201 2372 4274 τὰς
2414 4203 2573 4266 άπα-

219 4308 336 4385 ρίας
377 4311 624 4389 ἀγαθῶν
673 4309 989 4390 ἐξηγητῶν
1035 4311 1158 4381 ἐςιν
1211 4308 1405 4394 ἔργον.
1477 4310 1649 4391 Quid
1686 4306 1943 4377 verius?
1991 4306 2159 4388 Quid
2196 4308 2373 4374 dictu
2416 4308 2574 4374 faci-

219 4409 370 4479 lius?
409 4416 479 4481 τὸ
527 4417 576 4481 δ’
625 4414 796 4497 ἔργον
840 4416 1152 4499 χαλεπόν.
