3150 5000
1071 342 1344 392 nume
1386 342 1721 393 sosarnus.
2451 322 2577 389 391

311 500 444 568 Sine
487 524 671 570 sensu
717 504 929 572 editur
974 504 1045 571 Β.
1092 504 1152 573 J.
1197 509 1258 573 1.
1307 506 1407 574 1¹7.
1457 504 1500 572 8
1547 507 1625 573 de
1668 528 1821 594 rege
1853 504 2142 584 Herode,
2192 504 2303 590 qui
2348 504 2582 570 Hiero-

234 605 454 693 solyma
497 611 862 678 obsidebat:
912 611 1119 677 διελὼν
1158 612 1222 679 δὲ
1269 613 1354 685 εἰς
1405 612 1436 678 ἔ
1452 637 1544 692 ργ
1567 637 1611 677 α
1656 616 1767 687 τὴν
1815 612 2077 693 ςρατιοὶν
2117 612 2220 676 καὶ
2264 611 2465 689 τεμὼν
2498 610 2583 676 τὰ

231 716 497 795 προάςεια
560 718 702 799 τρία
764 720 879 796 μὲν
937 720 1157 798 ἐγείρει
1216 719 1539 802 χώματα,
1591 725 1705 785 aut
1752 719 1939 786 fallor
1982 725 2097 785 aut
2142 718 2583 785 scribendum:

231 816 415 886 διελὼν
453 824 517 889 δὲ
564 826 650 898 εἰς
695 826 901 904 τρία.
975 826 1214 892 Deinde
1261 826 1540 913 legimus
1587 826 1663 891 B.
1711 824 1772 891 J.
1827 828 1887 892 1.
1940 825 2043 893 18.
2087 824 2127 890 5
2178 824 2585 911 Cleopatram

225 944 458 995 avaram
518 936 584 997 et
645 933 1066 1017 impotentem
1129 931 1470 998 mulierem
1532 934 1728 999 fuisse
1745 981 1764 1015 ,
1820 953 1981 1018 quae
2028 934 2106 998 ab
2154 934 2430 997 Antonio
2477 952 2586 1016 pe·

224 1033 380 1099 tierit
438 1042 514 1101 ut
577 1037 701 1103 sibi
749 1036 1020 1105 Herodis
1069 1044 1134 1105 et
1181 1038 1450 1104 Malichi
1498 1041 1635 1105 vita
1681 1039 2143 1105 concederetur.
2215 1036 2433 1104 Vitam
2481 1058 2589 1103 ne-

223 1142 388 1224 gavit
432 1141 753 1209 Antonius
771 1191 787 1223 ,
837 1144 945 1211 sed
989 1147 1452 1231 possessionum
1499 1145 1728 1211 bonam
1774 1150 2021 1230 partem
2070 1141 2439 1229 Cleopatrae
2478 1143 2587 1208 ob-

223 1244 392 1313 tulit:
456 1251 646 1331 μέχρι
704 1255 855 1328 γοῦν
910 1257 1027 1315 τῶν
1076 1252 1694 1333 προς-αγμάτων
1745 1251 2071 1323 ἐπινεύσας
2119 1250 2469 1334 Ἀντώνιος,
2514 1247 2586 1312 τὸ

220 1360 431 1420 κτεῖναι
515 1356 629 1433 μὲν
704 1354 925 1437 ἄνδρας
999 1359 1274 1437 ἀγαθοὺς
1347 1358 1450 1423 καί
1524 1358 1817 1435 βασιλεῖς
1891 1356 2282 1431 τηλικούτους
2354 1356 2587 1421 ἀνόσιον

219 1458 414 1534 ἠγεῖτο
433 1510 452 1540 ,
494 1462 619 1526 κτὲ.
664 1464 860 1529 donec
893 1463 1268 1531 intellexero
1303 1463 1470 1530 illud
1501 1463 2050 1549 προσταγμάτων,
2078 1463 2277 1529 latere
2300 1463 2584 1529 credam:

219 1571 916 1651 προσφαγμάτων.

293 1732 368 1801 Β.
413 1734 476 1802 J.
532 1737 592 1803 1.
642 1736 746 1801 19.
797 1734 838 1801 3
885 1757 998 1823 pro
1043 1738 1215 1805 κατὰ
1263 1739 1388 1819 γὰρ
1431 1739 1707 1805 scribam
1752 1739 1854 1803 καὶ
1899 1738 2060 1822 γάρ,
2101 1737 2209 1804 sed
2252 1736 2401 1804 vide
2424 1757 2592 1803 nuno

213 1835 276 1902 Β.
300 1838 356 1905 J.
408 1842 469 1907 1.
511 1842 621 1909 20.
668 1844 724 1908 1.
776 1842 982 1910 Verba
1026 1852 1176 1910 sunt
1224 1844 1499 1911 Herodis
1540 1846 1621 1911 ad
1661 1843 1995 1912 Gaesarem
2035 1845 2413 1932 Augustum
2450 1847 2595 1929 post

212 1944 538 2014 victoriam
586 1949 937 2016 Actiacam.
989 1950 1305 2037 Equidem
1327 2001 1344 2035 ‚
1385 1954 1635 2037 inquit,
1677 1950 1975 2018 confiteor
2010 1972 2114 2016 me
2139 1952 2409 2016 Antonii
2434 1952 2595 2015 ami-

211 2050 422 2119 citiam
472 2058 740 2122 comiter
785 2056 1052 2123 coluisse
1100 2057 1205 2122 καὶ
1255 2056 1386 2123 οὐδὲ
1433 2060 1603 2123 τοῦτ’
1652 2056 1729 2123 ἂν
1779 2058 2202 2135 ὖπεςειλάμην
2249 2058 2473 2139 εἰπεῖν,
2500 2050 2589 2119 ὅτι

212 2160 447 2235 πάντως
510 2159 590 2226 ἄν
647 2187 731 2239 με
790 2164 965 2240 μετὰ
1027 2169 1146 2229 τῶν
1207 2160 1411 2229 ὅπλων
1476 2165 1809 2244 ἐπείρασας
1875 2165 2328 2245 ἀχώριςον,
2391 2163 2441 2227 εἰ
2504 2160 2592 2239 μὴ

209 2263 580 2335 διεκώλυσαν
631 2270 936 2350 Ἄραβες.
1007 2270 1301 2337 Acceesit
1361 2269 1528 2336 illud
1590 2272 1894 2352 οἰχώριςον
1957 2291 2038 2336 ex
2100 2267 2334 2335 Codice
2380 2266 2590 2355 Lugd.

207 2369 444 2441 Batavo
463 2423 482 2454 ,
533 2374 698 2462 quod
746 2397 947 2461 quum
991 2376 1160 2442 nihil
1204 2375 1522 2465 significet
1543 2424 1559 2456 ,
1604 2376 1939 2443 Bekkerus
1984 2374 2230 2441 omisit.
2294 2372 2595 2440 Credide-

205 2478 321 2546 rim
371 2482 672 2568 equidem
720 2483 1124 2550 ecribendum
1175 2505 1342 2551 esse:
1390 2484 1474 2549 εὖ
1490 2480 1863 2567 χάρις-ον.

283 2662 576 2730 Herodes
636 2665 878 2732 multas
936 2664 1327 2732 Graecorum
1374 2667 1564 2732 urbes
1610 2666 1864 2732 ornavit
1910 2670 1975 2730 et
2020 2666 2405 2730 sustentavit
2450 2683 2595 2730 ma-

203 2768 457 2857 ioraque
505 2771 702 2836 etiam
749 2771 1113 2850 tribuisset,
1177 2773 1304 2838 nisi
1349 2774 1573 2838 fuisset
1622 2779 1801 2839 metu
1847 2771 2207 2858 prohibitus
2247 2791 2325 2836 ne
2368 2767 2591 2846 δόξειεν

205 2873 523 2956 ἐπίφθονος
587 2877 620 2951 ἥ
682 2901 740 2941 τι
807 2880 1094 2956 θηρᾶσθαι
1157 2877 1366 2958 μεῖζον
1429 2880 1763 2958 εὐεργετῶν
1810 2879 1928 2951 τοὶς
1977 2878 2187 2950 πόλεις
2242 2876 2428 2942 πλέον
2477 2881 2594 2940 τῶν

203 2977 590 3061 ἐχόντων,
635 2981 710 3047 Β.
760 2981 821 3048 J.
875 2984 934 3051 1.
982 2982 1090 3051 21.
1150 2985 1255 3050 12.
1317 2984 1442 3050 Sed
1489 2985 1645 3070 quid
1696 2992 1791 3050 est
1836 2983 2000 3049 illud
2047 2980 2357 3063 ἐχόντωνί
2403 2982 2593 3049 Certa

201 3089 486 3174 suppetit
532 3091 866 3155 correctio:
915 3097 1031 3155 τῶν
1080 3093 1231 3170 ἥγε
1247 3092 1448 3168 μόνω
1471 3116 1520 3155 ν.
1569 3091 1715 3156 Non
1764 3087 2038 3156 Graecos
2086 3091 2452 3166 metuebat,
2482 3091 2593 3155 vix

200 3201 524 3260 servantes
583 3195 666 3259 τὰ
715 3206 825 3272 τῆς
875 3197 1154 3278 ἀρχαίας
1202 3196 1506 3269 Ἑλλάδος
1562 3199 1926 3278 ὑπορρέοντα
1975 3199 2290 3292 λείψανα.
2341 3196 2449 3262 aed
2496 3195 2595 3260 fu-

201 3299 433 3383 gienda
495 3307 632 3366 erat
673 3302 918 3368 invidia
964 3303 1398 3370 Romanorum
1446 3305 1832 3390 praesidum.
1907 3301 2209 3371 Ceterum
2256 3322 2595 3389 possumus

201 3407 502 3474 audacter
543 3407 858 3476 affirmare
903 3410 1058 3477 haec
1107 3414 1327 3478 omnia
1372 3433 1452 3478 ex
1497 3411 1560 3477 N
1562 3411 1764 3478 icolao
1811 3410 2093 3477 fluxisse.

289 3589 510 3657 Etiam
555 3593 625 3657 in
671 3593 792 3660 hac
835 3593 1167 3662 literarum
1215 3595 1360 3662 luce
1404 3595 1617 3663 editur
1660 3595 1851 3661 hodie
1896 3593 1971 3659 B.
2000 3592 2063 3659 J.
2110 3593 2175 3658 1.
2215 3591 2324 3659 23.
2353 3591 2430 3658 3:
2472 3592 2591 3666 τὰς

203 3693 265 3759 δὲ
331 3698 636 3777 ἶιαβολιὶς
700 3702 964 3783 ἰσχυρῶς
1026 3702 1506 3768 ἀπεδύσατο
1569 3723 1683 3790 pro
1744 3700 2257 3768 ὦπελύσατο.
2335 3699 2595 3766 Poterat

203 3808 416 3870 tamen
463 3806 542 3871 de
586 3805 846 3893 Josephi
893 3829 1013 3874 usu
1061 3815 1344 3875 constare
1394 3830 1471 3874 ex
1514 3809 1590 3876 B.
1640 3807 1700 3874 J.
1756 3810 1815 3874 1.
1865 3806 1973 3875 27.
2026 3807 2105 3872 2:
2172 3805 2593 3872 ἀπολύσεσθαι

205 3909 324 3982 τὰς
372 3912 580 3985 αἰτίας
631 3914 734 3980 vel
782 3913 846 3978 4.
899 3914 953 3981 5.
1010 3915 1091 3982 4:
1152 3915 1520 3981 ἀπελύσατο
1567 3915 1687 3986 τὰς
1734 3913 2183 3994 ἐπιφερομένας
2234 3913 2441 3984 αἰτίας
2492 3909 2597 3978 vel

207 4013 270 4078 2.
323 4015 382 4081 6.
433 4017 512 4103 2,
575 4019 685 4084 ubi
741 4022 950 4088 nescio
997 4023 1314 4108 quomodo
1364 4021 1697 4088 Bekkerus
1742 4023 2017 4087 correxit
2064 4020 2232 4106 quod
2278 4021 2595 4107 corrigere

207 4120 444 4189 oblitus
490 4131 618 4202 est,
681 4129 783 4191 uti
837 4127 1007 4207 dixi,
1062 4128 1123 4193 1.
1171 4126 1279 4193 23.
1334 4127 1398 4194 3.
1467 4127 1544 4193 In
1594 4128 1815 4194 eadem
1863 4112 2589 4215 paragrapho'legimus

210 4224 438 4295 dixisse
495 4229 970 4311 Alexandrum,
1029 4237 1106 4306 ὡς
1166 4237 1250 4316 τῷ
1316 4234 1505 4314 πατρὶ
1571 4238 1825 4301 κτείνειν
1894 4234 2114 4306 αὐτούς
2179 4234 2339 4311 rw,
2401 4232 2453 4297 εἰ
2519 4229 2591 4306 δῆ

210 4337 690 4411 προτίθεται
753 4341 822 4405 τὸ
873 4338 1205 4420 ἔγκλημα,
1272 4341 1382 4406 sed
1431 4343 1581 4427 quia
1626 4342 1746 4407 hoc
1792 4339 1979 4427 plane
2023 4338 2191 4406 nihil
2234 4337 2594 4427 significat,

213 4439 403 4526 recipi
445 4442 712 4512 fortasse
756 4449 990 4531 poterit
1037 4467 1180 4514 mea
1225 4449 1588 4514 coniectura
1634 4469 1729 4512 πε
1748 4447 1817 4512 10
1836 4471 1865 4511 ε
1885 4471 1922 4512 τ
1942 4469 2043 4512 αι.
