3150 5000
1292 241 1632 290 mmmm.
2525 219 2656 287 385

360 405 601 475 Eadem
660 407 942 476 confusio
1003 407 1505 494 pessumdedisse
1558 405 1726 472 mihi
1786 404 2046 472 videtur
2103 403 2454 472 Mammam
2505 406 2641 490 epi-

269 535 564 604 gramma
608 515 675 580 in
720 517 839 582 hoc
882 518 1021 601 ipso
1069 517 1276 600 capite
1320 535 1498 579 num.
1550 511 1682 580 4¹76

635 621 894 703 Δάκρυά
942 645 1032 686 σοι
1082 621 1187 685 καὶ
1238 619 1396 700 νέρθε
1442 619 1576 685 διά
1623 618 1874 700 χθονός,
1925 619 2296 700 Ἡλιοδώρά,
2405 627 2412 634 “

631 729 965 814 δωροῦμαι,
1015 731 1284 808 evoma-5
1331 728 1648 806 λείψανον,
1695 726 1780 802 εἷς
1832 726 2071 810 ’Λΐδάν,

634 833 865 915 δάκρυα
913 835 1326 915 δυσδακρύτῳ.

270 939 444 1008 Nam
504 962 759 1028 prorsus
809 944 1102 1027 ineptum
1150 946 1247 1006 est
1294 939 1451 1016 νέρθε
1513 939 1646 1005 διὰ
1710 939 1923 1025 χθονός
1944 988 1960 1016 ,
2009 945 2076 1006 et
2106 923 2374 1006 ‘facilius
2418 940 2649 1005 ferrem

266 1047 663 1114 Planudeam
725 1047 1061 1113 lectionem
1129 1046 1316 1125 νέρθεν
1379 1047 1525 1111 ὑπὸ
1574 1046 1680 1126 χθ.
1700 1094 1717 1125 ,
1768 1067 1928 1131 quae
1973 1051 2192 1112 tamen
2241 1046 2412 1112 haud
2457 1044 2649 1111 dubie

264 1157 469 1241 ipsius
515 1155 874 1221 coniectura
920 1159 1017 1220 est
1063 1174 1267 1238 neque
1308 1173 1381 1218 oa
1420 1151 1766 1219 admodum
1807 1152 1982 1220 felix.
2033 1151 2131 1218 Tu
2173 1153 2362 1219 redde
2391 1171 2649 1218 mecum

264 1265 521 1348 poetae:

632 1365 893 1445 Δάκρυά
939 1390 1030 1432 σοι
1078 1367 1181 1432 καὶ
1234 1367 1379 1446 νέρθ·
1425 1367 1620 1431 αἱροῖ
1658 1364 1905 1447 χθονός,
1957 1365 2322 1450 Ἠλιοδῶρά,

631 1475 927 1555 δωροῦμαι
977 1475 1106 1539 κτὲ.

628 1783 958 1862 ἐσβέσθης,
1006 1784 1221 1864 rupae&
1274 1783 1666 1865 Σοφόκλεες,
1715 1783 1888 1854 ἀνθος
1936 1777 2182 1861 ἀοιδῶν,

710 1889 957 1956 οἰνωπὸν
1003 1890 1256 1970 Βάκχου
1301 1889 1526 1968 βότρυν
1568 1888 1990 1967 ἑρεπτόμενος.

262 1997 544 2084 Elegans
618 2001 1049 2086 epigramma.
1118 1997 1285 2081 quod
1346 1996 1662 2062 Simonidi
1723 1995 1966 2062 scilicet
2028 1997 2348 2062 tributum
2418 1995 2649 2062 Suum

263 2103 508 2169 Rhodii
554 2123 687 2168 esse
736 2101 1149 2187 probabiliter
1194 2103 1477 2187 disputat
1524 2100 1874 2167 Sternbach
1923 2100 2144 2166 Melet.
2183 2099 2296 2167 Gr.
2338 2101 2368 2166 I
2406 2123 2469 2187 p.
2521 2101 2645 2166 111

264 2231 353 2294 sq.
378 2257 395 2286 ‚
448 2230 585 2275 non·
618 2209 896 2294 amplius
942 2207 1396 2274 intellexerunt
1444 2207 1774 2294 Sophoclis
1823 2206 2158 2294 biographi
2205 2206 2476 2296 figurato
2525 2227 2653 2272 ser·

268 2337 457 2384 mone
517 2316 682 2381 nihil
747 2313 920 2381 aliud
984 2314 1343 2401 significare
1391 2336 1585 2399 quam
1633 2313 2012 2401 Sophoclem
2059 2317 2277 2400 poesin
2324 2321 2655 2400 artemque

268 2425 583 2511 tragicam
636 2422 714 2488 ad
760 2427 1034 2486 mortem
1083 2441 1284 2507 usque
1332 2419 1635 2501 coluisse,
1684 2427 1749 2486 et
1796 2423 2195 2508 ineptissima
2239 2421 2388 2486 hinc
2435 2440 2654 2507 propa-

266 2537 422 2619 gata
484 2537 580 2596 est
640 2528 874 2595 fabella
942 2527 1019 2593 de
1067 2528 1256 2593 modo
1301 2548 1423 2612 quo
1471 2548 1766 2593 summus
1813 2536 1999 2613 poeta
2042 2529 2292 2594 obierit.
2343 2528 2482 2608 Qua
2526 2549 2651 2594 non

266 2642 602 2703 contentus
662 2655 837 2702 serus
894 2638 1211 2719 poetaster
1272 2632 1356 2699 A.
1404 2634 1479 2699 P.
1532 2632 1648 2698 VII
1696 2632 1823 2699 621
1886 2636 2314 2701 semibarbaro
2361 2655 2653 2701 sermone

268 2745 535 2809 cecinit:

538 2848 777 2915 Ἐνθάδ’
824 2851 944 2929 ἐγὼ
996 2857 1319 2930 Σοφοκλῆς
1371 2848 1666 2930 στυγερὸν
1713 2845 1896 2924 δόμον
1933 2848 2150 2921 ’Ἄϊδος
2199 2846 2390 2926 ἔσβην

540 2954 888 3035 κάμμορος,
936 2955 1136 3021 εἷδοιτι
1189 2953 1445 3037 Σοιρδῴῳ
1493 2954 1746 3020 σελίνοιο
1793 2952 2146 3031 ysacio-mv.

530 3062 670 3135 “sse
719 3063 835 3141 μὲν
881 3060 1059 3148 ἐγών,
1105 3059 1291 3141 ἕτεροι
1341 3062 1393 3126 δ’
1440 3060 1686 3134 ἄλλως·
1737 3061 1969 3134 πάντες
2019 3058 2084 3125 δέ
2127 3084 2199 3125 τε
2247 3060 2515 3135 πάντως.

358 3277 479 3363 Ep.
531 3274 617 3340 42
664 3282 759 3342 est
805 3296 1055 3342 carmen
1108 3278 1174 3341 in
1220 3273 1653 3341 Callimachea
1700 3276 1890 3341 Λῖτιοι

532 3378 625 3448 'A
672 3386 849 3461 μέγα
902 3382 1259 3448 Βαττιάδαιο
1307 3388 1500 3462 σοφοῦ
1549 3384 1918 3460 περίπυστον
1963 3380 1996 3445 ὅ
2009 3406 2187 3447 νειοι
2203 3406 2273 3463 ρ,

546 3486 581 3565 ἦ
628 3491 675 3569 ῤ’
726 3490 890 3555 ἐτεὸν
939 3487 1187 3571 κεράων,
1236 3488 1358 3554 οὐδ’
1407 3488 1750 3569 ἐλέφαντος
1800 3487 1936 3564 ἕης·

543 3604 683 3661 τοῖα
732 3596 856 3677 γάρ
904 3594 1111 3673 ἄμμιν
1158 3594 1431 3675 ἔφηνοις,
1498 3592 1604 3661 ἅτ’
1649 3596 1716 3661 οὐ
1769 3593 1960 3674 πάρος
2010 3595 2213 3675 ἀνέρες
2262 3594 2288 3660 ἵ
2299 3593 2333 3659 δ
2345 3618 2490 3671 μεν

545 3702 724 3781 ἀμφί
770 3725 840 3765 τε
890 3702 1271 3780 ἀθάνάτους,
1320 3702 1498 3781 ἀμφί
1544 3726 1615 3765 τε
1667 3700 1966 3777 ἡμιθέους.

272 3808 491 3895 Longe
560 3807 687 3874 alia
758 3813 853 3874 est
924 3808 1209 3874 locorum
1274 3810 1437 3874 ratio
1501 3808 1614 3872 ubi
1682 3806 1870 3884 πάρος
1933 3810 2082 3874 noto
2139 3827 2262 3871 usu
2307 3805 2649 3873 Homerico

276 3917 565 4003 iungitur
632 3936 781 3980 cum
854 3920 1138 3999 tempore
1207 3914 1552 3980 Praesenti.
1625 3914 1754 3980 Hic
1817 3935 1964 3980 vero
2026 3916 2178 4000 quia
2240 3913 2428 3994 πάρος
2478 3914 2650 3981 valet

278 4030 451 4086 antea
514 4022 877 4105 (antequam
945 4028 1016 4086 tu
1080 4021 1377 4105 docuisti)
1401 4068 1415 4091 .
1478 4023 1902 4087 necessarium
1967 4026 2063 4086 est
2125 4018 2411 4102 ᾖσμεν,
2481 4021 2650 4105 quod

276 4125 433 4193 latet
493 4129 610 4193 sub
674 4126 996 4193 Planudea
1044 4128 1233 4192 lectio
1281 4126 1307 4189 1
1320 4150 1357 4189 c
1376 4150 1540 4203 μεν.
1590 4126 1862 4192 Hiatnm
1912 4125 2234 4211 duplicem
2281 4130 2345 4192 in
2394 4146 2486 4192 vs.
2537 4128 2648 4192 4to

276 4231 457 4305 facile
501 4236 781 4299 incertus
828 4239 1048 4298 auctor
1093 4234 1359 4297 vitasset
1403 4232 1729 4297 scribendo

724 4337 1061 4420 ἀμφότερ’,
1109 4338 1453 4410 ἀθανάτους
1502 4340 1676 4421 ἀμφὶ
1726 4339 1832 4404 καὶ
1883 4338 2180 4415 ἡμιθέους.
