3150 5000
1203 266 1671 316 manuumve.
1706 266 1715 278 ⁴
2503 249 2634 316 269

337 432 845 522 Lindenbrogius
865 481 881 512 ‚
944 454 1146 520 quum
1206 433 1373 518 apud
1422 433 1763 498 Arrianum
1782 482 1797 509 ,
1848 432 2031 499 illam
2078 433 2355 499 insulam
2405 435 2633 500 descri-

249 541 528 620 bentem,
583 541 847 629 legisset
898 539 1163 627 (Peripl.
1211 560 1270 625 p.
1325 539 1456 608 133
1505 538 1649 626 Β1.)’
1680 539 1893 620 ὄρνιθες
1934 540 1997 605 δὲ
2035 541 2250 605 πολλοὶ
2278 539 2630 621 αὐλίζονται

247 647 306 711 ἐν
375 657 453 730 τῇ
525 649 718 728 νήσῳ,
783 645 954 727 λάροι
1025 646 1128 712 καὶ
1194 644 1422 712 αἴθυιαι
1485 646 1590 711 καὶ
1654 652 1898 728 κορῶναι
1962 649 2029 712 αἱ
2092 641 2470 724 θαλάσσιοι,
2519 668 2631 735 pro

244 775 535 840 aquae,
602 755 770 841 quod
833 758 966 821 sine
1027 774 1216 820 sensu
1265 753 1512 820 editum
1560 759 1695 833 est,
1743 751 2048 842 gauiae
2092 753 2436 842 legendum
2484 775 2630 820 cen-

243 862 405 926 suit:
456 867 536 929 et
581 865 894 951 gauiae
943 867 1161 928 sunt.
1209 860 1479 927 Mallem
1529 861 1806 928 dedisset
1851 863 2151 950 gauiae
2197 868 2413 927 sunt.
2486 862 2631 929 Ma-

242 966 473 1034 nifesto
519 975 735 1036 autem
781 969 1032 1036 librarii
1071 988 1269 1033 manu
1307 967 1461 1034 haec
1502 969 1699 1034 uerba
1736 967 2063 1034 debentur.
2115 967 2187 1032 In
2228 965 2379 1035 Ood.
2422 968 2628 1057 Regio

240 1077 738 1163 superscriptum
804 1097 938 1142 esse
1011 1073 1344 1161 aquilae
1390 1073 1686 1140 Valesius
1738 1081 1975 1141 monet.

325 1319 388 1386 8.
441 1319 546 1386 46.
616 1319 903 1399 „Pontus
953 1368 971 1386 .
1001 1367 1015 1383 .
1046 1367 1061 1385 .
1089 1367 1105 1384 .
1156 1320 1484 1406 consurgit
1532 1321 1601 1384 in
1649 1321 1868 1386 breuia
1914 1325 1941 1386 t
1960 1340 1995 1385 o
2012 1342 2045 1384 r
2060 1325 2088 1385 t
2104 1342 2148 1386 u
2168 1342 2205 1388 o
2221 1343 2251 1388 s
2267 1342 2304 1388 a
2322 1373 2340 1407 ‚
2384 1323 2623 1390 limum

234 1427 318 1513 gl
337 1447 372 1493 o
390 1428 432 1493 b
450 1447 486 1494 ο
501 1450 532 1494 s
550 1449 590 1514 q
607 1449 650 1494 u
670 1449 703 1494 e
794 1427 1135 1514 adgerente
1219 1425 1638 1492 multitudine
1710 1428 2352 1494 circumuenientium
2423 1430 2624 1496 fluen-

235 1535 518 1599 torum.”
2191 1599 2203 1610 ,

322 1640 450 1706 Pro
513 1646 593 1707 to
611 1663 644 1706 r
659 1644 689 1705 t
705 1662 748 1707 u
764 1661 801 1707 o
818 1661 848 1706 s
865 1660 904 1706 a
967 1636 1272 1706 Gelenius
1332 1638 1508 1704 dedit
1559 1637 1601 1704 d
1616 1659 1653 1704 o
1670 1660 1702 1704 r
1716 1659 1747 1704 s
1760 1661 1799 1704 u
1820 1660 1903 1706 os
1921 1660 1958 1705 a
1974 1661 1991 1719 ς
2042 1645 2246 1708 recte:
2293 1641 2372 1706 cf.
2422 1641 2621 1709 Solin.

233 1744 338 1814 27.
392 1745 456 1812 3.
506 1746 580 1812 In
627 1745 769 1815 Vat.
819 1751 916 1812 est
960 1751 1194 1812 torsu
1213 1765 1298 1810 os
1317 1765 1372 1810 a.
1430 1783 1512 1794 -
1561 1744 1876 1832 Displicet
1911 1745 2112 1834 glob
2132 1768 2380 1834 osque
2400 1796 2417 1827 ‚
2453 1752 2622 1836 quod

229 1853 296 1916 in
342 1851 430 1940 gl
450 1874 484 1918 e
498 1854 539 1919 b
558 1845 642 1918 a's
658 1875 698 1939 q
716 1875 758 1918 u
773 1875 806 1919 e
847 1855 1132 1919 mutauit
1169 1850 1543 1940 Wagnerus.
1595 1851 1827 1918 Malim
1868 1852 2007 1941 gla
2022 1875 2055 1918 r
2073 1875 2106 1919 e
2120 1875 2156 1919 a
2173 1876 2204 1920 s
2220 1875 2259 1940 q
2278 1877 2321 1920 u
2339 1877 2393 1923 e.
2440 1856 2619 1924 Plur.

230 1979 408 2025 num.
461 1957 703 2046 legitur
748 1959 916 2046 apud
966 1959 1177 2024 Pacat.
1227 1959 1292 2022 in
1334 1979 1560 2045 paneg.
1604 1956 1713 2024 28.
1757 1957 1832 2023 2:
1880 1959 2260 2043 „fluminum
2298 1962 2620 2050 glareae.''

318 2188 380 2257 9.
436 2191 496 2255 1.
569 2192 656 2256 At
724 2193 1038 2276 prosperis
1107 2189 1394 2256 Iulianus
1467 2190 1725 2268 elatior,
1800 2179 1986 2258 ultra*
2037 2193 2079 2256 h
2102 2196 2423 2260 omines
2484 2198 2616 2263 iam

228 2299 538 2385 spirabat,
587 2297 890 2383 periculis
935 2303 1234 2383 expertus
1281 2296 1598 2382 adsiduis,
1647 2297 1814 2383 quod
1862 2301 1923 2364 ei
1972 2346 1988 2364 .
2018 2349 2033 2366 .
2062 2346 2078 2363 .
2107 2348 2121 2364 .
2171 2299 2354 2367 uelut
2401 2324 2466 2367 ιιι
2488 2325 2617 2368 ιιιι-

227 2405 266 2470 d
287 2426 377 2471 an
395 2427 435 2471 a
452 2427 520 2469 m
583 2407 1027 2488 cornucopiam
1087 2404 1370 2470 Fortuna
1414 2409 1671 2492 gestans
1717 2406 2017 2491 propitia,
2070 2413 2298 2473 cuncta
2340 2407 2618 2496 gloriosa

229 2511 550 2578 deferebat
597 2518 662 2578 et
708 2510 1070 2597 prospera.”

312 2618 604 2685 Iulianus
668 2638 828 2702 non,
893 2620 1146 2703 opinor,
1216 2618 1385 2683 ultra
1444 2618 1770 2704 homines,
1818 2619 1927 2685 sed
1977 2620 2147 2685 ultra
2193 2622 2613 2691 hominem

223 2727 524 2810 spirabat.
585 2762 666 2773 -
715 2723 862 2790 Non
907 2722 1214 2812 intellego
1266 2724 1799 2801 „mundanam
1846 2727 2337 2811 cornucopiam''
2393 2734 2458 2794 et
2509 2750 2607 2795 su·

221 2833 429 2916 spicor
477 2829 813 2897 librarium
861 2832 952 2895 sic
1013 2832 1243 2896 uitiose
1287 2831 1610 2915 scripsisse
1656 2849 1771 2915 pro
1822 2849 1897 2907 „e
1914 2852 1953 2894 x
1969 2852 2014 2895 u
2030 2853 2071 2896 n
2092 2832 2130 2897 d
2150 2852 2243 2897 an
2262 2838 2342 2900 te
2358 2855 2427 2899 m
2475 2855 2612 2901 cor-

225 2938 634 3022 nucopiam.”

308 3169 387 3235 In
437 3171 798 3257 marginem
843 3168 1261 3257 relegandum
1309 3175 1405 3235 est
1451 3171 1893 3237 iudicibus
1914 3219 1929 3250 ‚
1977 3175 2145 3259 quod
2190 3176 2405 3264 inepte
2450 3177 2610 3269 legi-

217 3278 323 3339 tur
374 3277 412 3360 ξ
456 3276 536 3339 9:
605 3274 758 3353 „ille
802 3276 1123 3341 iudicibus
1172 3273 1406 3341 Cassiis
1445 3277 1690 3343 tristior
1728 3283 1793 3344 et
1837 3278 2216 3368 Lycurgis'’.
2271 3284 2349 3351 cf.
2396 3284 2605 3353 XXX.

220 3379 282 3445 8.
331 3381 449 3447 13:
502 3382 878 3471 „Lycurgos
931 3384 1248 3449 inuenisse
1293 3382 1729 3468 proclamabat
1776 3390 1840 3449 et
1885 3382 2198 3452 Cassios.'’

305 3614 367 3682 9.
434 3614 539 3680 10.
619 3615 1006 3698 „Inimicum
1073 3616 1334 3702 quidam
1401 3639 1591 3684 suum
1641 3622 2038 3687 commisisse
2082 3624 2151 3687 in
2198 3628 2603 3694 maiestatem

216 3721 646 3787 turbulentius
694 3722 1012 3789 deferebat
1033 3770 1049 3799 ,
1089 3724 1596 3812 imperatoreque
1635 3727 2078 3795 dissimulante
2118 3730 2337 3797 eadem
2379 3734 2605 3803 diebus

216 3827 531 3891 continuis
591 3826 933 3911 replicans,
1000 3830 1430 3917 interrog-atus
1491 3832 1570 3896 ad
1633 3832 1941 3898 ultimum
2007 3838 2117 3921 qui
2182 3844 2344 3904 esset
2410 3862 2596 3925 quem

216 3938 534 4019 argueret.
589 3934 946 4018 respondit,
995 3939 1388 4021 municipem
1429 3935 1813 4023 locupletem
1843 3991 1858 4007 .
1885 3962 2010 4026 quo
2052 3944 2271 4011 audito
2312 3948 2602 4034 princeps

216 4036 545 4103 renidens''
595 4040 827 4123 quibus
873 4040 1127 4106 indiciis
1179 4044 1354 4118 „ait”
1403 4043 1479 4108 ad
1530 4044 1651 4110 boc
1690 4048 2034 4130 peruenisti
2052 4047 2123 4114 ‘P’
2164 4057 2228 4117 et
2268 4050 2381 4118 ille
2413 4075 2598 4139 „pur-

211 4161 477 4225 pureum
543 4144 668 4208 sibi
735 4147 1032 4231 „inquit”
1091 4147 1542 4214 indumentum
1590 4172 1667 4216 ex
1715 4154 1913 4219 serico
1956 4155 2151 4240 pallio
2200 4158 2423 4242 parat”
2470 4163 2596 4225 ius-

215 4266 440 4333 susque
500 4256 642 4335 post
702 4249 891 4328 haec,
959 4256 1034 4316 ut
1096 4252 1248 4318 uilis
1307 4256 1615 4322 arduae
1662 4262 1753 4323 rei
1802 4258 1997 4326 uilem
2048 4264 2378 4348 incusans,
2426 4266 2599 4333 abire

215 4355 442 4420 tacitus
488 4362 553 4422 et
601 4358 916 4435 innoxius,
967 4357 1171 4426 nihilo
1218 4363 1433 4427 minus
1478 4364 1826 4431 instabat.”
