3150 5000
1049 287 1322 337 ramus
1365 287 1700 338 sosarnus.
2244 334 2253 341 ,
2434 265 2567 337 375

217 446 372 529 ναξ,
419 454 520 519 uti
566 458 632 519 et
676 454 892 538 Antiq.
947 451 1049 519 15.
1101 450 1162 520 ’7.
1213 453 1289 518 4:
1339 456 1447 536 σὺν
1493 452 1875 534 κατηγορίαν
1938 449 2567 529 ἐσπουδασμένως

215 556 543 635 ποιούμενος
587 578 704 644 pro
750 559 1457 639 ἐσπουδασμένην.

287 768 518 837 Itidem
565 760 818 839 minuta
861 772 1104 860 aliquot
1149 774 1312 841 vitia
1349 779 1593 841 restant
1630 776 1698 839 in
1736 775 1952 858 Antiq.
1997 772 2100 837 15.
2140 772 2202 839 5.
2233 769 2306 839 3:
2346 773 2569 839 Πολλοὶ

209 876 368 956 περὶ
417 876 588 943 τόνδε
632 878 736 943 τὸν
783 882 984 960 καιρὸν
1028 880 1407 958 γεγένηται,
1459 900 1693 965 repono
1740 880 1989 961 παρὰ,
2053 879 2221 965 quod
2266 888 2435 947 recte
2483 880 2573 947 le-

207 982 370 1068 gitur
426 986 496 1049 in
557 992 841 1051 extrema
901 988 1313 1073 paragrapho.
1368 1024 1448 1035 —-
1501 988 1698 1052 Οὐδέν
1758 988 1848 1055 ἐςι
1910 991 2214 1060 τοιοῦτον,
2280 982 2308 1051 ὃ
2356 987 2445 1065 μὴ
2495 987 2571 1051 δι’

206 1087 315 1159 ἐνὸς
375 1088 554 1171 ἔργον
613 1094 818 1164 καλῶς
879 1091 1254 1174 πραχθέντος
1320 1090 1969 1178 ἐπανορθώσετε,
2016 1093 2197 1181 lege:
2247 1093 2571 1174 ἐπανορ-

205 1192 558 1263 θώσεται.
593 1235 658 1247 —-
696 1205 834 1265 Τῶν
881 1201 942 1265 ἐν
989 1200 1136 1279 ἡμῖν
1183 1199 1454 1266 δεινῶν
1503 1199 1667 1266 οὐδέν
1712 1201 1877 1279 ἕςιν,
1927 1200 2105 1289 lege:
2155 1198 2437 1267 δεινόν.

281 1408 454 1491 Quae
514 1412 732 1499 Antiq.
787 1413 893 1480 15.
944 1412 1006 1480 ¹7.
1056 1414 1132 1495 4,
1199 1413 1279 1480 de
1338 1412 1568 1481 Soemo
1630 1414 2001 1491 traduntur,
2068 1412 2289 1481 eadem
2352 1414 2573 1498 paucis

201 1518 440 1603 paginis
484 1525 630 1585 ante
678 1520 912 1585 tradita
947 1522 1198 1587 fuerant
1238 1522 1314 1586 de
1351 1520 1627 1608 Josepho
1666 1518 1953 1586 Salomes
1988 1522 2243 1587 marito.
2291 1521 2571 1605 Apparet

201 1619 394 1707 igitur
438 1632 684 1711 praeter
727 1629 900 1715 reg-is
944 1626 1220 1694 Herodis
1266 1630 1757 1694 commentarios
1776 1675 1794 1706 ‚
1843 1629 2063 1713 Antiq.
2118 1627 2219 1693 15.
2272 1625 2335 1691 6.
2387 1626 2459 1704 3,
2510 1632 2607 1711 et·

201 1724 524 1797 Nicolaum
588 1731 1054 1800 Damascenum
1111 1737 1310 1800 etiam
1373 1736 1640 1800 tertium
1704 1734 2017 1819 quendam
2069 1735 2439 1819 scriptorem
2493 1734 2574 1800 ab

201 1830 459 1921 Josepho
503 1838 870 1905 adhibitum
913 1840 1127 1907 fuisse.
1189 1841 1372 1907 Idem
1421 1839 1867 1908 confirmatum
1916 1840 2162 1909 videbis
2198 1842 2415 1927 Antiq.
2465 1836 2569 1904 16.

204 1936 257 2003 7.-
308 1942 363 2006 1.
433 1942 574 2025 Quo
618 1949 828 2033 magis
871 1950 942 2011 in
987 1947 1374 2033 excerpendo
1420 1948 1629 2013 caruit
1674 1948 1913 2013 iudicio
1956 1945 1995 2012 J
2000 1946 2273 2031 osephus
2291 1995 2309 2030 ,
2358 1966 2433 2012 eo
2479 1946 2570 2012 fa-

201 2045 376 2113 cilius
423 2069 498 2115 ea
543 2072 641 2117 res
686 2055 1000 2140 arguitur.

279 2260 696 2351 Mariamme,
760 2267 979 2355 Antiq.
1039 2268 1143 2335 15.
1194 2267 1258 2337 7.
1307 2266 1383 2347 6,
1444 2290 1568 2335 non
1632 2266 1854 2333 κάλλει
1918 2270 2204 2344 σώματος
2232 2266 2376 2339 ’τὰς
2425 2269 2571 2331 κατ’

202 2366 378 2441 αὐτὴν
426 2371 828 2452 ὑπερῆγεν
875 2375 984 2440 sed
1033 2374 1446 2457 ὑπερῆρεν.
1493 2374 1721 2461 Neque
1762 2374 2061 2461 intelligo
2100 2374 2317 2457 Antiq.
2364 2372 2467 2437 15.
2503 2370 2571 2440 9.

205 2470 274 2550 ὃ,
316 2476 428 2542 ubi
487 2486 781 2546 narratur
825 2480 1109 2548 Herodes
1151 2503 1455 2570 purgasse
1501 2503 1568 2548 se
1615 2481 1785 2568 apud
1832 2479 2143 2566 populum
2162 2531 2183 2564 ,
2228 2500 2426 2565 quum
2474 2478 2570 2545 di-

203 2591 354 2648 ceret
397 2605 466 2652 se
513 2586 1146 2674 magnificentissima
1182 2608 1342 2675 quae
1379 2592 1794 2654 exstruxisset
1828 2607 2041 2674 opera,
2072 2586 2361 2666 iacienda
2384 2607 2567 2652 cura-

202 2688 351 2756 visse
393 2691 462 2756 in
509 2694 788 2781 Augusti
834 2696 1171 2773 honorem,
1219 2697 1373 2774 μηδὲ
1414 2701 1528 2760 τῶν
1569 2696 1795 2762 οἰκείων
1836 2694 1976 2758 ἐθῶν
2015 2691 2149 2758 ὅσον
2188 2700 2298 2767 τῆς
2341 2691 2566 2759 ἐκείνου

202 2804 372 2871 τιμῆς
419 2799 758 2880 {euzoio-om
803 2801 1095 2883 χαριζό
1109 2827 1206 2880 με
1225 2826 1296 2868 νο
1315 2827 1369 2875 ς.
1443 2800 1647 2868 Sensu
1692 2821 1971 2869 vacuum
2017 2805 2115 2866 est
2154 2799 2564 2886 participium

205 2904 261 2964 et
299 2901 497 2972 incidi
537 2909 606 2972 in
648 2908 1392 2992 προφασιζόμενος.

283 3113 672 3186 Describitur
713 3125 935 3207 portus
979 3119 1319 3188 Caesareae
1363 3122 1577 3207 Antiq.
1622 3118 1729 3186 15.
1770 3119 1833 3185 9.
1876 3118 1918 3184 6
1933 3166 1949 3197 ,
1988 3121 2059 3184 in
2097 3139 2222 3204 quo
2246 3119 2567 3198 ἀπόβασις

207 3232 428 3290 πλατεῖ
478 3226 682 3309 κύκλῳ
743 3228 1239 3310 περιεςεφάνωκε
1297 3231 1400 3294 τὸν
1461 3226 1676 3294 πάντα
1739 3226 1967 3307 λιμένα
1985 3277 2004 3301 ,
2054 3229 2391 3309 περίπατος
2438 3233 2567 3299 τοῖς

209 3325 550 3397 θέλουσιν
594 3332 814 3410 ἤδιςος.
861 3335 1032 3418 Quid
1077 3337 1198 3404 hoc
1242 3342 1338 3401 est
1386 3342 1512 3407 τοῖς
1561 3332 1872 3401 Oenone-w?
1918 3336 2021 3400 An
2065 3342 2191 3406 τοῖς
2225 3335 2566 3416 sil-ndens?-

209 3432 322 3498 cav?
381 3436 631 3506 Certius
677 3446 892 3508 tamen
937 3447 1034 3508 est
1079 3443 1234 3528 quid
1278 3443 1637 3526 requiratur
1681 3444 1901 3528 Antiq.
1955 3438 2057 3505 15.
2114 3439 2221 3506 10.
2273 3441 2352 3504 3:
2398 3441 2565 3506 οὐδὲ

207 3544 552 3620 uranicae
610 3545 638 3611 ὃ
687 3557 930 3628 Καῖσαρ
989 3547 1231 3615 ἀπέλυε
1289 3555 1406 3613 τῶν
1473 3551 1681 3613 αἰτιῶν
1746 3548 2043 3628 Ἡρώδην,
2107 3547 2221 3612 ubi
2280 3566 2407 3613 non
2468 3553 2567 3612 eet

207 3649 340 3713 satis
383 3673 526 3718 cum
575 3653 865 3722 Bekkero
910 3657 1178 3723 scribere
1224 3657 1552 3735 μελλήσας
1573 3701 1591 3733 ,
1638 3675 1789 3721 nam
1830 3657 2145 3720 sincerum
2184 3659 2312 3719 est:
2355 3653 2562 3720 οὐδὲν

206 3776 246 3830 α
263 3771 398 3826 ελλ
417 3761 452 3836 ἦ
470 3785 564 3827 σοι
583 3785 638 3834 ς.

281 3967 576 4057 Sequitur
643 3973 982 4061 descriptio
1050 3975 1183 4043 fani
1202 4022 1219 4054 ‚
1280 3976 1447 4062 quod
1507 3974 1791 4042 Herodes
1853 3973 2245 4054 aedificavit5
2308 3975 2378 4040 in
2437 3994 2567 4062 qua

203 4091 380 4156 quum
450 4086 581 4146 tam
656 4081 864 4148 multa
921 4084 1234 4170 impedita
1291 4085 1687 4170 reperiantur
1704 4129 1721 4161 ,
1784 4083 1895 4149 vix
1960 4083 2314 4168 quidquam
2373 4080 2565 4148 refert

204 4183 434 4260 minuta
493 4187 802 4273 quaedam
867 4192 1179 4278 corrigere
1225 4194 1318 4268 et,
1375 4196 1449 4255 ut
1494 4190 1615 4256 hoc
1662 4195 1841 4272 utar,
1889 4190 2108 4275 Antiq.
2167 4187 2272 4254 15.
2327 4187 2433 4254 11.
2486 4189 2555 4268 1,

205 4301 304 4366 pro
357 4289 872 4373 ἀξιοπρεπέςατον
920 4317 1216 4382 reponere
1263 4295 1780 4377 αξιοπρεπέςερον.
1857 4293 1983 4361 Sed
2028 4297 2354 4380 imprimis
2401 4297 2561 4360 scire

213 4395 374 4476 cupio
415 4399 567 4484 quid
614 4403 868 4469 tandem
915 4406 1052 4471 veri
1097 4403 1298 4470 lateat
1340 4404 1561 4488 Antiq.
1615 4401 1720 4469 15.
1775 4403 1879 4468 11.
1928 4403 2002 4480 3,
2060 4401 2175 4468 ubi
2218 4421 2369 4468 saxa
2412 4400 2559 4467 sub·
