3150 5000
1307 228 1540 284 comm.
2510 220 2629 289 161
2706 190 2713 199 ’

261 400 484 467 utilius
531 409 624 466 est
670 401 1004 467 observare
1042 402 1443 467 rarissimum
1485 422 1621 467 esse
1667 404 1835 487 apud
1878 406 2123 471 veteres
2166 406 2417 475 Atticos
2455 407 2651 476 huius

260 510 435 575 verbi
474 507 740 573 καθιέναι
779 528 971 573 usum
1013 508 1254 574 formae
1299 509 1576 587 mediae,
1622 530 1766 575 cum
1806 529 2002 594 paene
2046 518 2404 579 constanter
2436 514 2651 583 dicant

255 626 693 703 praeterquam
742 619 1034 701 expectes
1083 615 1346 681 καθιέναι
1396 620 1461 681 et
1506 616 1795 691 καθεικὼς
1840 618 2115 696 πώγωνα
2139 666 2157 697 ,
2194 620 2460 706 τρίχας,
2499 622 2646 689 sim.

255 722 462 789 forma
507 725 738 789 activa.

345 937 814 1004 Pnuonswns
859 937 935 1002 fr.
991 937 1070 1004 11

433 1040 606 1119 οἶμαι
659 1042 712 1109 δ’
763 1044 950 1109 αὑτὸν
998 1041 1351 1109 κινδυνεύειν
1397 1045 1482 1118 είς
1531 1046 1641 1119 τὴν
1693 1043 2016 1125 Αἴγυπτον
2065 1045 2107 1085 '⁸'
2153 1045 2195 1085 '⁸'

436 1151 626 1223 οἴκους
678 1149 910 1235 λέξεις,
958 1148 1057 1215 ἰ”να
1104 1153 1192 1226 μὴ
1241 1148 1470 1233 ξυνέχῃ
1517 1159 1673 1216 τοῖσι
1724 1128 2083 1231 Λυκοῦργου
2134 1154 2543 1235 πατριώταις.

253 1258 397 1326 Non
444 1257 813 1323 defensurus
858 1280 1004 1324 sum
1052 1279 1213 1344 quae
1253 1258 1601 1325 admodum
1642 1258 2005 1325 adolescens
2044 1260 2122 1325 de
2165 1258 2446 1326 hocloco
2473 1264 2645 1326 certa

252 1368 496 1431 ratione
556 1363 895 1431 insanabili
958 1370 1357 1431 commentus
1417 1386 1561 1430 sum
1584 1412 1603 1442 ,
1666 1386 1782 1430 nec
1848 1386 2013 1432 nova
2082 1386 2427 1451 proponam
2450 1416 2469 1448 ‚
2536 1365 2646 1432 sed

254 1472 704 1539 tantummodo
749 1471 1076 1537 ostendam
1126 1471 1335 1537 multo
1381 1471 1838 1536 incredibiliora
1876 1492 2011 1538 esse
2055 1493 2216 1558 quae
2269 1471 2651 1540 confidenter

255 1587 556 1665 tanquam
604 1577 1079 1645 verisimillima
1127 1581 1457 1664 proposuit
1503 1577 1689 1643 Kock
1734 1580 2045 1645 scribens:

344 1697 424 1751 A.
472 1678 646 1761 οἶμαι
695 1682 750 1748 δ’
801 1682 988 1748 αὐτὸν
1042 1684 1434 1749 κινδυνεύσειν
1485 1684 1576 1758 εἷς
1618 1688 1729 1757 τὴν
1780 1682 2105 1763 Λίγυπτον
2152 1686 2451 1750 άποικεῒν.

343 1802 412 1857 Β.
476 1790 634 1862 εἰκός
675 1793 781 1867 γ’·
825 1788 1004 1868 ἔξεισ’
1043 1786 1117 1854 ἵν’
1143 1789 1306 1871 ''Apn
1348 1789 1591 1873 ξυνάγῃ
1633 1798 1787 1857 τοῖσι
1814 1793 2173 1872 Λυκούργου
2198 1790 2597 1871 πατριώταις.

255 1896 412 1979 Quis
459 1916 690 1982 quaeso
737 1895 1143 1963 Atheniensis
1189 1897 1316 1962 dici
1363 1900 1575 1984 potuit
1627 1899 1905 1963 άποικεῒν
1954 1898 2038 1971 εἷς
2083 1897 2443 1976 Myon-rou,
2495 1918 2645 1965 cum

256 2004 532 2069 άποικεῒν
572 1999 703 2087 (vel
742 2004 956 2088 potius
994 2004 1448 2090 άποικίζεσθαι)
1494 2025 1617 2070 non
1664 2006 1753 2069 sit
1787 2004 2166 2089 simpliciter
2194 2004 2647 2086 μετοικίζεσθαι

255 2130 304 2175 s.
345 2108 776 2192 ἐξοικίζεσθαι,
813 2110 1099 2191 mayn-are,
1141 2109 1248 2175 sed
1289 2110 1490 2196 abiquo
1530 2111 1863 2175 habitatum
1904 2112 2215 2175 concedere
2256 2112 2649 2197 anelontem,

255 2235 402 2281 cum
450 2216 822 2302 praesertim
873 2235 907 2279 e
954 2220 1240 2301 sequenti
1290 2238 1506 2301 versu,
1553 2216 1807 2302 qualem
1852 2214 2035 2282 finxit
2074 2217 2305 2303 editor,
2349 2223 2650 2304 appareat

255 2344 402 2389 eum
469 2319 749 2387 bellandi
813 2342 1002 2388 causa
1062 2342 1135 2388 eo
1199 2344 1266 2389 se
1327 2320 1651 2390 conferre?
1700 2322 1775 2388 In
1824 2321 2022 2389 altero
2069 2328 2288 2389 sutem
2338 2322 2649 2390 versiculo
2760 2392 2765 2397 ,
2884 2330 2889 2337 ’

253 2432 508 2515 praeter
551 2446 795 2493 morem
847 2425 1062 2503 ἔξεισιν
1110 2432 1445 2516 usurpavit
1507 2429 1585 2496 de
1646 2449 1717 2496 eo
1756 2432 1868 2516 qui
1906 2431 2309 2495 maritimum
2351 2429 2475 2495 iter
2513 2431 2649 2497 sive

257 2534 724 2622 expeditionem
798 2547 1204 2621 suscepturus
1259 2543 1422 2603 esset
1439 2583 1456 2615 ‚
1526 2557 1673 2602 cum
1738 2535 1960 2614 ἐξιέναι
2023 2542 2087 2602 et
2134 2534 2329 2612 ἔξοδος
2378 2534 2651 2603 sollenni

255 2663 376 2708 usu
437 2641 732 2708 dicantur
785 2641 862 2707 de
909 2642 1308 2728 expeditione
1353 2645 1657 2711 terrestri.
1720 2642 2078 2709 Dicendum
2130 2643 2335 2709 fuerat
2375 2642 2648 2708 ἐκπλεύ-

258 2773 476 2828 σεται,
533 2769 649 2814 nec
711 2747 816 2814 hic
878 2747 1056 2814 locus
1113 2758 1212 2814 est
1259 2770 1363 2815 me
1409 2749 1622 2815 iudice
1668 2749 2020 2827 eiusmodi,
2069 2751 2136 2815 in
2185 2769 2309 2835 quo
2357 2755 2649 2836 expectes

257 2855 670 2922 Homericam
734 2875 925 2940 quam
988 2857 1090 2922 vir
1151 2855 1373 2922 doctus
1431 2854 1661 2920 intulit
1713 2853 2098 2921 locutionem
2140 2855 2300 2934 ”Apu
2358 2855 2649 2935 ξυνάγειν

251 2981 364 3048 pro
411 2958 685 3036 πόλεμον
733 2959 1090 3044 ἐπιφέρειν..
1144 3000 1227 3011 -
1270 2961 1558 3027 Priorem
1603 2982 1859 3028 versum
1898 2964 2095 3027 etiam
2140 2961 2346 3029 hodie'
2367 2962 2647 3030 credide·

255 3069 377 3134 rim
433 3065 822 3154 explendum
882 3087 1014 3134 esse
1065 3070 1400 3155 participio
1447 3065 1619 3134 ἰόντα
1668 3067 1985 3149 similive,
2033 3067 2110 3135 de
2158 3071 2385 3136 ceteris
2430 3089 2648 3135 emen-

259 3174 484 3242 dandis
532 3173 816 3261 despero.

349 3385 532 3454 Idem
581 3387 656 3454 fr.
708 3384 834 3453 131

534 3488 576 3557 ὦ
624 3492 942 3575 μαλάχας
993 3494 1106 3572 μὲν
1153 3492 1363 3575 ἐξερῶν
1383 3541 1400 3572 ,
1449 3493 1771 3560 ἀναπνέων
1818 3490 1875 3558 δ’
1921 3490 2194 3561 ὑάκινθον
2213 3541 2229 3570 ,

536 3599 640 3665 καὶ
692 3603 1090 3677 μελιλώτινον
1137 3601 1347 3666 λαλῶν
1396 3600 1499 3666 καὶ
1549 3598 1698 3682 ῥόδα
1746 3599 2159 3680 προσσεσηρώς
2180 3619 2197 3637 ·

535 3703 578 3772 ὦ
624 3713 824 3789 φιλῶν
871 3707 984 3784 μὲν
1033 3705 1393 3789 άμάρακον,
1441 3712 1897 3789 προσκινῶν
1941 3705 2004 3772 δὲ
2052 3705 2301 3791 σέλινα,

537 3820 735 3893 γελῶν
782 3811 840 3877 δ’
888 3813 1261 3879 ἱπποσέλινα
1309 3812 1410 3879 καὶ
1468 3811 1953 3892 κοσμοσάνδαλα
2000 3810 2253 3891 βαίνων.

263 3915 541 3986 Gravem
607 3917 1048 3984 difficultatem
1108 3918 1302 3984 habet
1361 3938 1458 3984 vs.
1510 3920 1572 3997 3,
1642 3937 1832 4004 quem
1882 3915 2415 4005 schweighauser
2460 3919 2655 3985 inter·

265 4030 547 4109 pretatur
608 4027 834 4102 „cuius
880 4024 1096 4092 oscula
1141 4044 1506 4090 amaracum
1553 4024 1755 4104 olent,
1814 4025 2187 4091 concubitus
2234 4024 2515 4111 apium.”
2562 4023 2654 4091 Ut

267 4132 435 4196 enim
485 4130 562 4196 de
607 4131 859 4200 feminis
878 4179 892 4205 ,
939 4133 1050 4196 sed
1097 4130 1290 4196 etiam
1343 4130 1420 4196 de
1469 4131 1755 4196 maribus
1806 4129 1909 4218 (cf.
1955 4129 2277 4196 Xenarchi
2318 4128 2534 4196 locum
2557 4127 2653 4196 111

269 4257 329 4320 p.
380 4235 507 4302 617
555 4235 780 4324 Mein.)
828 4237 954 4303 dici
998 4235 1160 4303 solet
1205 4238 1653 4317 προσ-κινεῖσθαι
1676 4284 1692 4316 ,
1742 4239 1837 4303 ita
1882 4237 2171 4304 inaudita
2217 4242 2313 4303 est
2352 4255 2427 4302 eo
2466 4240 2668 4302 sensu'

269 4341 469 4407 forma
530 4346 738 4410 activa
798 4351 1151 4423 προσκινεῖν.
1221 4343 1436 4410 Etiam
1508 4343 1675 4428 quod
1745 4342 2151 4410 Hermannus
2220 4341 2652 4409 substituebat
