3150 5000
558 303 689 372 142
1552 265 1954 374 menon-us.

551 491 839 574 μυριάδες
925 491 1117 575 [ἑπτά
1201 489 1531 575 χιλιάδων]
1554 537 1570 568 ,
1653 485 1739 554 ἀλ
1751 490 1806 554 λ’
1865 487 1900 572 ᾖ
1964 512 2056 555 τοι
2119 489 2544 569 ἀπαρτιλογίη
2621 489 2724 554 ὑπ’
2807 487 2946 568 ἐμέο

552 597 1025 679 πεπληρωμένη.
1094 596 1328 663 Melius
1376 617 1480 662 me
1530 595 1742 662 iudice
1788 597 2056 663 aberunt
2099 597 2293 663 verba
2341 599 2647 682 separata.

648 815 779 882 VII
828 813 915 882 82
958 812 1330 894 βουλόμενος
1377 810 1453 878 ὦν
1498 812 1653 879 αὐτὸ
1699 816 1878 880 τοῦτο
1929 813 2219 892 ἐκμαθεῖν
2257 813 2626 894 ἀκριβῶς
2669 813 2948 892 ἔπεμπε.

552 921 843 989 Fortasse
892 942 1017 988 non
1078 922 1253 986 casui
1308 919 1718 986 tribuendum
1766 919 1936 1006 quod
1982 938 2203 985 omnes
2255 918 2502 985 codices
2550 924 2805 1006 practer
2855 919 2915 985 R.
2933 967 2952 999 ,

556 1030 668 1116 qui
705 1049 927 1095 vocem
968 1029 1153 1115 plane
1190 1027 1445 1104 omisit,
1481 1026 1720 1092 habent
1758 1027 1934 1106 ἀκρι
1955 1025 2006 1104 β
2025 1032 2068 1091 ῶ
2087 1051 2118 1099 ς
2140 1073 2159 1106 ,
2183 1046 2310 1092 non
2333 1025 2659 1107 ἀκριβέως.
2700 1027 2952 1113 Nempe

554 1134 917 1202 Herodotus
954 1135 1067 1220 qui
1103 1153 1457 1218 numquam
1505 1151 1578 1197 eo
1616 1130 1928 1199 vocabulo
1975 1134 2184 1198 utitur
2227 1151 2406 1198 more
2449 1152 2566 1198 suo
2611 1135 2954 1218 scripserat

556 1238 978 1322 ἀτρεκέως,
1040 1259 1203 1325 quae
1264 1237 1475 1304 Ionica
1536 1258 1664 1305 vox
1710 1239 1898 1303 cessit
1943 1237 2320 1324 glossemati
2389 1239 2608 1305 Attico
2655 1237 2952 1320 ἀκριβῶς.

555 1347 958 1433 Hesychium
1018 1346 1359 1430 inspiciens
1421 1342 1627 1431 leges:
1689 1343 2135 1425 ἀτρεκέως·
2209 1345 2488 1422 ἀληθῶς,
2559 1345 2950 1424 ἀκριβῶς.

555 1453 617 1520 Ν
620 1473 655 1518 e
716 1453 876 1518 forte
936 1471 1085 1516 cum
1150 1448 1389 1516 Oobeto
1452 1449 1793 1516 contendas
1846 1449 2103 1515 nullum
2151 1452 2288 1535 pati
2337 1451 2606 1517 verbum
2657 1449 2952 1528 ἐκμαθεῖν

556 1558 1066 1626 additamentum
1083 1604 1101 1634 ,
1164 1555 1510 1644 satisfaciet
1570 1555 1935 1623 Herodotus
1999 1555 2119 1621 VII
2185 1555 2268 1622 10
2335 1581 2370 1632 η
2420 1561 2579 1622 extr.
2630 1557 2949 1622 scribens:

558 1663 693 1745 πρὶν
757 1663 792 1740 ἢ
851 1661 1253 1743 ἀτρεκέως
1313 1661 1650 1746 έκμάθη.
1738 1659 1836 1728 Of.
1897 1663 2096 1728 etiam
2141 1683 2196 1728 c.
2247 1659 2332 1728 89
2379 1653 2466 1726 εὖ
2513 1686 2615 1728 νυν
2659 1660 2790 1728 τόδ’
2840 1661 2952 1740 ἐξ·

561 1769 846 1838 επίςασο.

650 1987 779 2055 VII
835 1985 918 2052 30
965 1989 1108 2052 init.
1148 1989 1401 2052 ’Άναυα
1444 1988 1507 2053 δὲ
1554 1985 1937 2066 καλεομένην
1987 1989 2238 2066 Φρυγῶν
2287 1985 2470 2054 πόλιν
2515 1994 2947 2066 παραμειΒΟ-

564 2118 742 2176 μενος
806 2131 890 2142 -
956 2093 1319 2159 ἀπίκετο.
1417 2093 1626 2159 Immo
1696 2101 2304 2172 παραμειΨΛμενος.
2402 2091 2664 2179 Optime
2734 2095 2948 2158 contra

562 2202 754 2268 habet
813 2200 1223 2286 participium
1284 2201 1631 2285 praesentis
1692 2200 1857 2265 infra
1916 2197 2002 2263 42
2065 2198 2499 2280 ἐπορεύετο
2573 2235 2660 2248 -
2747 2219 2950 2278 παρα·

565 2305 956 2388 μειβόμενος.

658 2526 792 2593 VII
852 2525 938 2594 36
1000 2525 1372 2608 ἐζεύγνυσαν
1435 2526 1497 2591 δὲ
1562 2522 1670 2592 ὦδε
1738 2528 1984 2615 (naves)
2012 2548 2028 2566 ·
2078 2527 2578 2609 πεντηκοντέρους
2628 2526 2735 2593 καὶ
2787 2528 2947 2607 τριή-

564 2658 705 2716 ρεας
769 2632 1115 2717 συνθέντες,
1180 2633 1292 2697 ὑπὸ
1356 2633 1468 2709 μὲν
1524 2633 1635 2707 την
1683 2633 1828 2713 πρὸς
1875 2639 1980 2699 τοῦ
2031 2633 2317 2710 Εὐξείνου
2368 2633 2600 2699 Πόντου
2649 2632 2946 2710 ἐξήκοντα

565 2744 662 2825 [τε
728 2740 885 2829 ᾶ81.]
953 2741 1058 2807 καὶ
1120 2738 1501 2819 τριηκοσίας)
1554 2740 1670 2805 ὑπὸ
1718 2740 1782 2804 δὲ
1828 2742 1936 2815 την
1985 2740 2190 2818 ἑτέρην
2241 2740 2797 2821 τεσσερεσκαίδεκα
2847 2737 2945 2803 καὶ

561 2848 943 2929 τριηκοσίας,
994 2851 1099 2911 τοῦ
1150 2847 1263 2923 μὲν
1312 2844 1542 2910 Πόντου
1591 2846 1952 2925 ἐπικαρσίας
2003 2852 2108 2911 τοῦ
2162 2848 2222 2911 δὲ
2266 2846 2731 2921 Ἑλλησπόντου
2778 2844 2946 2909 κατὰ

564 2952 717 3037 ῥόον,
786 2951 886 3017 ἵνα
949 2950 1304 3035 ἀνακωχεύῃ
1363 2954 1465 3017 τὸν
1527 2951 1690 3017 τόνον
1738 2958 1854 3017 τῶν
1900 2949 2140 3038 ὅπλων,
2197 2953 2508 3025 συνθέντες
2553 2954 2614 3018 δὲ
2663 2951 2948 3034 ἀγκύρας

567 3066 851 3132 κατῆκαν
897 3060 1310 3136 περιμήκεας,
1360 3057 1479 3128 τὰς
1526 3057 1832 3136 μὲνπρὸς
1879 3064 1984 3123 τοῦ
2036 3059 2266 3124 Πόντου
2313 3066 2456 3134 τῆς
2507 3058 2784 3139 ἑτέρης
2834 3063 2946 3122 τῶν

499 3200 503 3203 ’
565 3163 807 3243 ἀνέμων
869 3160 1087 3231 εἵνεκεν
1144 3171 1260 3228 τῶν
1308 3161 1521 3227 ἔσωθεν
1567 3164 1932 3230 ἐκπνεόντων
1983 3174 2125 3240 τῆς
2177 3165 2240 3230 δὲ
2288 3164 2565 3247 ἑτέρης
2613 3173 2757 3241 τῆς
2806 3163 2945 3243 πρὸς

566 3271 821 3352 ἑσπέρης
885 3294 955 3334 τε
1018 3269 1123 3335 καὶ
1185 3274 1291 3335 τοῦ
1357 3271 1626 3347 Αἰγαίου
1691 3271 1860 3352 εὔρου
1911 3295 1982 3336 τε
2030 3271 2136 3338 καὶ
2188 3272 2356 3337 νότου
2402 3272 2645 3337 εἵνεκεν.
2715 3270 2948 3337 Misero

563 3376 810 3445 laborat
867 3378 991 3443 loci
1052 3376 1424 3462 compositio
1486 3382 1550 3442 et
1598 3376 1783 3443 valde
1829 3376 2062 3443 durum
2111 3381 2244 3443 imo
2291 3378 2601 3444 absonum
2648 3384 2745 3444 est
2801 3397 2946 3443 cum

564 3472 811 3551 Steinio'
865 3494 976 3557 τῆς
1042 3483 1247 3563 ἑτέρης
1298 3482 1487 3549 aliter
1531 3485 1812 3569 accipere
1859 3504 2051 3569 quam
2103 3504 2542 3572 praegressum
2588 3486 2700 3559 την
2747 3483 2948 3564 ἑτέρην

567 3596 631 3658 et
687 3588 1049 3678 int-elligere
1108 3588 1333 3671 χειρός.
1418 3588 1612 3655 Recte
1671 3590 1932 3655 haberet
1993 3590 2110 3663 τάς
2175 3592 2290 3667 μὲν
2355 3590 2496 3670 πρὸς
2563 3595 2671 3656 τοῦ
2721 3591 2946 3657 Πόντου

564 3699 684 3763 τῶν
739 3696 977 3775 ἀνέμων
1038 3694 1257 3760 εἵνεκεν
1318 3701 1437 3761 τῶν
1484 3693 1696 3759 ἔσωθεν
1746 3694 2109 3761 ἐκπνεόντων
2132 3744 2148 3775 ,
2197 3698 2341 3769 τάς
2390 3697 2453 3762 δὲ
2501 3696 2644 3778 πρὸς
2695 3696 2944 3778 ἑσπέρης

564 3828 633 3869 τε
693 3803 820 3867 κτὲ.
848 3852 863 3877 ,
926 3808 1095 3867 recte
1158 3805 1354 3867 etiam
1404 3802 1701 3867 fortasse:
1751 3801 1868 3875 τας
1917 3803 2032 3879 μὲν
2080 3810 2190 3877 τῆς
2239 3804 2441 3884 ἑτέρης
2491 3810 2602 3879 τῆς
2651 3802 2798 3882 πρὸς
2845 3805 2946 3867 τοῦ

566 3907 795 3974 Πόντου
846 3944 929 3957 -
980 3908 1375 3985 ἐκπνεόντων,
1424 3905 1543 3981 τάς
1592 3907 1654 3972 δὲ
1703 3915 1815 3983 τῆς
1865 3908 2006 3989 πρὸς
2059 3908 2313 3990 ἑσπέρης
2362 3911 2492 3976 κτὲ.
2556 3907 2654 3975 Of.
2681 3908 2822 3976 VII
2844 3905 2947 3974 56.

658 4110 793 4177 VII
859 4110 943 4180 3¹7
993 4114 1330 4194 ὄστρατὸς
1378 4112 1447 4176 ἐκ
1493 4114 1613 4177 τῶν
1659 4112 1926 4193 Σαρδίων
1976 4115 2279 4195 ὁρμᾶτο
2329 4114 2478 4179 ἑλῶν
2527 4115 2588 4188 ές
2629 4113 2946 4193 Ἄβυδον·

566 4218 983 4301 ὁρμημένῳ
1046 4219 1106 4283 δὲ
1169 4221 1219 4283 οἱ
1280 4219 1307 4282 ό
1373 4216 1533 4293 ἥλιος
1593 4220 1857 4284 ἐκλιπὼν
1909 4256 1991 4267 -—
2040 4221 2292 4299 ἀφανης
2359 4215 2426 4293 ἦν
2475 4222 2606 4286 κτέ.
2675 4220 2951 4305 Requiro

566 4321 705 4407 ὄρμ.
727 4348 895 4410 ητο,
945 4345 1095 4390 nam
1143 4345 1432 4410 praesens
1472 4329 1537 4390 et
1573 4324 2018 4409 imperfectum
2058 4325 2251 4416 huius
2291 4327 2471 4392 verbi
2509 4326 2680 4411 apud
2703 4326 2790 4392 H.
2818 4328 2948 4412 sig-

565 4430 819 4498 nificare
878 4430 1084 4497 solent
1132 4432 1439 4515 proficisci
1456 4478 1472 4509 ‚
1548 4432 1900 4517 perfectum
1965 4438 2030 4497 et
2089 4430 2784 4519 plusquamperfectum
2853 4438 2946 4496 in-
