3150 5000
1173 270 1434 322 osssms
1475 271 1608 321 1210.
2452 246 2585 314 335

290 439 552 529 Singuli
600 439 750 507 libri
791 442 887 506 ita
932 441 1252 526 incipiunt

378 545 532 613 τάδε
587 545 816 614 ἔνεστιν
863 547 924 611 ἐν
972 533 1222 628 ‘rei-fi,
1265 532 1366 625 ’ᾗ
1411 570 1468 610 κ.
1495 571 1554 610 τ.
1579 561 1642 610 λ.
1692 550 1811 610 τῶν
1856 543 2052 614 δίωνος
2099 542 2414 624 ῥωμαικῶν

203 652 328 720 solo
389 652 564 720 libro
619 653 706 720 47
766 660 1028 740 excepto
1075 655 1220 739 qui,
1269 658 1342 720 ut
1386 656 1454 719 in
1501 651 1793 718 Mediceo
1840 661 1896 716 A
1917 699 1935 735 ,
1982 651 2384 716 inscribitur:
2432 647 2583 714 τάδε

203 762 422 824 ἔνεστιν
473 761 540 824 ἐν
587 770 662 843 τῇ
710 761 909 832 Βίωνος
959 764 1275 841 ρωμαικῶν
1323 747 1429 841 {Z
1507 759 2006 824 Subscribuntur
2052 761 2266 821 autem

1434 849 2519 860 ———-·-——.—-.——-

1110 957 2037 969 —————-.—.-

203 974 457 1038 sexties:
509 973 713 1046 δίωνος
759 979 1076 1057 ρωμαικῶν
1123 999 1252 1059 μς,
1299 1000 1411 1059 να,
1460 975 1575 1060 νβ,
1624 999 1741 1052 vy,
1776 997 1888 1073 E,
1950 995 2022 1038 νς·

203 1079 424 1146 semel:
509 1080 714 1154 Βίωνος
763 1085 1080 1146 κοκκιανοῦ
1129 1084 1446 1162 §nauseasse
1489 1079 1744 1158 βιβλίον
1790 1080 1876 1145 νδ.

279 1291 738 1360 Disserendum
809 1294 938 1359 ism
1021 1293 1098 1360 de
1173 1295 1402 1360 ceteris
1461 1294 1787 1360 codicibus
1850 1315 1955 1360 sex
2026 1297 2196 1380 (nam
2269 1290 2347 1356 de
2415 1289 2582 1356 libro

202 1396 546 1465 Vesontino
595 1419 709 1466 suo
749 1397 886 1465 loco
934 1399 1273 1466 dicendum
1321 1401 1490 1488 erit),
1530 1403 1643 1488 qui
1662 1450 1680 1486 ,
1721 1420 1940 1467 omnes
1977 1406 2121 1486 post
2174 1405 2423 1465 renatas
2473 1397 2583 1464 lit-

201 1509 352 1569 teras
413 1507 645 1591 scripti
670 1555 685 1580 ,
745 1508 840 1571 ita
899 1509 1069 1572 inter
1127 1527 1194 1572 se
1253 1510 1671 1585 conveniunt,
1737 1513 1813 1572 ut
1874 1507 2158 1574 eiusdem
2212 1505 2431 1590 stirpis
2476 1524 2582 1568 eos

204 1630 322 1676 esse
385 1613 608 1696 quivis
671 1611 855 1677 facile
911 1616 1232 1699 agnoscat.
1302 1613 1462 1678 Hoc·
1489 1613 1729 1679 habent
1776 1633 1997 1680 omnes
2018 1660 2036 1696 ,
2086 1611 2243 1697 (solo
2289 1609 2579 1675 Mediceo

201 1725 238 1778 Β
273 1722 539 1803 excepto
581 1718 692 1803 qui
732 1716 928 1784 libros
975 1717 1246 1784 42-60
1291 1719 1633 1806 continet),
1688 1725 1763 1784 ιιι
1806 1720 2115 1804 incipiant
2164 1738 2201 1782 a
2246 1715 2413 1782 libro
2455 1714 2539 1780 36
2562 1764 2580 1800 ,

202 1818 373 1888 finem
440 1823 686 1888 faciant
729 1825 796 1888 in
843 1822 1006 1890 libro
1055 1823 1140 1888 60
1161 1875 1180 1910 ,
1231 1827 1276 1892 i.
1301 1846 1354 1891 e.
1404 1832 1480 1892 ιιι
1526 1845 1632 1892 eos
1677 1825 1875 1891 libros
1920 1823 2425 1910 complectantur
2469 1825 2579 1906 qui

203 1947 268 1990 ex
315 1933 498 2013 parte
543 1931 614 1994 in
660 1929 954 1996 Mediceo
1001 1942 1054 1995 A
1077 1977 1094 2008 ,
1146 1951 1224 1996 ex
1271 1937 1452 2016 parte
1495 1934 1561 1996 in
1609 1931 1859 1998 Veneto
1905 1941 1961 1996 A
1982 1977 1998 2009 ‚
2048 1951 2127 1996 ex
2172 1935 2351 2014 parte
2397 1928 2574 1993 deni-

203 2051 308 2116 que
351 2035 418 2100 in
467 2041 743 2121 utroque
779 2039 1212 2104 inveniuntur.
1279 2037 1340 2103 N
1344 2058 1414 2104 ec
1451 2038 1668 2103 minus
1706 2040 1772 2102 in
1812 2038 1931 2104 hoc
1970 2037 2369 2102 consentiunt
2407 2034 2577 2120 quod

203 2137 262 2201 in
301 2143 514 2224 prima
561 2147 742 2227 parte
781 2141 1040 2208 lacunas
1076 2142 1354 2208 Medicei
1395 2153 1449 2207 A
1472 2191 1488 2221 ‚
1530 2143 1768 2209 Veneti
1806 2153 1865 2208 A
1898 2144 1967 2208 in
2007 2145 2199 2208 tertia
2236 2141 2573 2218 exhibent,

205 2244 261 2307 in
315 2247 527 2313 media
587 2267 738 2314 vero
791 2248 1028 2315 habent
1071 2248 1302 2315 nullas.
1373 2249 1470 2314 Ex
1517 2269 1645 2335 quo
1690 2251 1908 2317 statim
1958 2270 2071 2314 sua
2118 2251 2339 2332 sponte
2386 2267 2575 2332 appa·

205 2355 288 2414 ret
326 2351 440 2418 hos
489 2353 742 2420 codices
787 2375 864 2420 ex
909 2356 1070 2440 ipsis
1113 2353 1248 2420 illis
1291 2356 1749 2422 vetustissimis
1788 2375 1923 2420 esse
1963 2354 2324 2438 descriptos.
2391 2352 2573 2433 Quod

208 2461 334 2522 ante
397 2458 810 2525 Ludovicum
870 2459 1270 2527 Dindorfinm
1329 2463 1652 2527 neminem
1674 2510 1692 2545 ‚
1761 2481 1833 2527 ac
1902 2481 1983 2525 ne
2048 2459 2238 2525 illum
2310 2459 2571 2543 quidem

209 2559 370 2643 plane
427 2568 824 2651 perspexisse
885 2588 1036 2632 sane
1099 2567 1465 2633 mirandum
1533 2575 1647 2633 est.
1736 2567 1798 2632 Is
1858 2569 2027 2633 enim
2076 2569 2143 2630 in
2188 2565 2573 2653 praefatione

209 2667 484 2737 editionis
525 2672 874 2757 Lipsiensis
911 2695 970 2758 p.
1015 2673 1047 2739 Ι
1083 2694 1176 2759 sq.
1215 2676 1308 2741 ita
1347 2675 1603 2739 scribit:
1635 2674 1897 2758 „scripti
1920 2672 2491 2755 ambo⁴(Mediceus
2512 2681 2571 2736 A

210 2778 260 2836 et
311 2774 594 2844 Venetus
654 2780 736 2863 A)
805 2777 1140 2864 antequam
1191 2782 1518 2847 exsisteret
1565 2782 1677 2865 qui
1724 2782 1953 2865 partim
2004 2778 2263 2844 lacunas
2308 2777 2567 2847 illorum

209 2884 512 2969 utcunque
557 2883 810 2969 explere
850 2889 1085 2972 partim
1126 2889 1287 2953 vitia
1324 2907 1437 2972 pro
1475 2894 1667 2971 captu
1708 2906 1823 2953 suo
1863 2886 2196 2951 emendare
2234 2884 2567 2950 studeret”.

210 2981 278 3049 Et
329 2989 552 3075 paullo
611 2995 792 3075 post:
860 3012 1050 3069 „nam
1115 2992 1270 3059 adeo
1335 2995 1437 3057 sui
1483 2992 1721 3058 similis
1768 2998 1863 3057 est
1908 3013 2019 3077 per
2067 3011 2285 3057 omnes
2334 2992 2573 3078 viginti

211 3096 464 3181 quinque
511 3100 624 3182 qui
669 3098 993 3163 codicibus
1038 3098 1328 3165 Mediceo
1375 3105 1440 3165 et
1493 3098 1732 3166 Veneto
1779 3101 2131 3166 conservati
2180 3102 2330 3163 sunt
2375 3096 2572 3162 libros

213 3204 272 3261 ut
325 3222 526 3269 unum
593 3204 990 3290 eundemque
1034 3206 1228 3271 fuisse
1274 3210 1494 3291 putem
1543 3206 1871 3272 hominem
1922 3207 2033 3291 qui
2080 3204 2360 3270 codicem
2408 3204 2571 3269 Lau-

211 3310 473 3375 rentiano
536 3310 989 3396 Marcianoque
1049 3316 1274 3377 nactus
1333 3313 1585 3377 similem
1648 3334 1801 3383 eum,
1853 3318 1927 3379 ut
1970 3317 2181 3398 posset
2230 3313 2573 3398 corrigeret

215 3411 450 3499 eiusque
503 3418 783 3482 minores
840 3416 1098 3483 lacunas
1161 3438 1237 3483 ex
1283 3420 1542 3505 ingenio
1590 3420 1861 3484 maiores
1908 3440 1943 3484 e
1989 3416 2326 3503 Xiphilino
2375 3418 2569 3481 sarci-

213 3517 336 3583 ret”.
406 3521 552 3588 Imo
597 3544 750 3589 vero
795 3524 1008 3609 ipsum
1057 3522 1424 3589 Mediceum
1475 3525 1755 3591 codicem
1808 3530 1872 3591 et
1917 3524 2243 3589 Venetum
2290 3523 2567 3607 descrip-

217 3625 284 3687 sit
337 3626 524 3695 homo
587 3627 702 3695 ille
765 3629 1022 3706 doctus,
1091 3630 1472 3715 lacunasque
1530 3631 1795 3697 alterius
1867 3631 2127 3696 alterius
2198 3650 2315 3715 ope
2383 3631 2569 3694 sarsit

220 3724 384 3799 donec
432 3732 762 3801 deficiente
810 3737 940 3801 iem
989 3736 1279 3804 Mediceo
1327 3737 1651 3822 Xiphilini
1698 3738 2015 3803 auxilium
2064 3738 2408 3805 invocavit.

289 3835 584 3925 Sequitur
641 3847 716 3905 ut
776 3841 969 3908 huius
1030 3842 1338 3908 secundae
1385 3842 1606 3909 classis
1653 3844 2071 3930 archetypum
2096 3890 2111 3921 ‚
2157 3848 2232 3908 ιιι
2282 3843 2567 3909 homines

217 3938 498 4033 philologi
544 3946 929 4032 loquuntur,
977 3949 1460 4035 investigemus.
1529 3949 1755 4034 Neque
1801 3950 1868 4013 id
1916 3948 2187 4013 arduum
2237 3968 2395 4033 opus
2450 3954 2569 4013 est.

219 4042 546 4118 Secundum
597 4053 768 4118 enim
817 4058 1054 4119 certam
1103 4054 1312 4143 legem
1363 4060 1428 4121 et
1473 4060 1844 4143 perpetuam
1866 4102 1883 4133 ‚
1928 4075 2005 4121 ex
2053 4074 2178 4139 qua
2224 4056 2344 4121 hac
2385 4054 2463 4121 de
2498 4076 2567 4120 re

221 4149 521 4225 diiudicari
566 4164 776 4246 potest
795 4207 810 4237 ,
861 4179 1020 4245 quse
1069 4160 1144 4226 de
1193 4161 1484 4227 codicum
1530 4164 1877 4250 propagine
1918 4162 2092 4227 idem
2132 4161 2343 4227 valere
2385 4161 2567 4227 docet

221 4263 358 4341 quod
411 4272 562 4330 noto
621 4264 762 4331 loco
825 4263 969 4351 (Od.
1028 4264 1172 4351 111,
1238 4268 1314 4347 6,
1381 4266 1494 4349 46)
1544 4268 1621 4334 de
1666 4288 1897 4354 genere
1944 4267 2225 4334 humano
2269 4270 2338 4333 in
2385 4272 2565 4353 peius

221 4382 432 4455 semper
490 4370 822 4438 delabente
883 4374 1111 4439 cecinit
1175 4371 1486 4440 Horatius
1553 4410 1635 4423 -
1705 4373 2053 4440 secundum
2128 4374 2289 4439 hanc
2358 4376 2565 4463 igitur
