3150 5000
542 306 629 373 50
1454 321 1700 371 roman
1744 320 1992 371 enasor.

537 499 674 561 tam
737 493 1046 558 aoristum
1106 492 1321 575 potius
1385 510 1579 575 quam
1638 508 1931 574 praesens
2007 493 2261 575 tempus
2321 510 2456 557 esse
2513 490 2710 557 huius
2769 488 2916 556 looi.

536 600 670 668 Vix
716 598 902 666 aliter
947 618 1053 663 me
1096 596 1307 663 iudioe
1347 597 1831 681 antiquissimus
1869 601 2056 681 poeta
2099 617 2320 663 canere
2360 599 2572 684 potuit
2609 617 2801 682 quam
2827 599 2918 663 sis

808 706 959 771 ἀλλ’
1005 701 1129 783 ἄγε
1176 703 1247 778 δή
1296 726 1433 768 τινα
1480 702 1707 782 μάντιν
1753 703 2113 783 ἐρώμεθα
2159 701 2194 778 ἢ
2241 704 2414 786 ἱερῆα

536 819 613 881 ut
654 814 967 900 seriptum
1013 813 1221 877 exstat
1266 809 1295 873 θ
1346 807 1478 874 133

808 921 1045 997 Δεῦτε,
1092 918 1301 1000 φίλοι,
1350 916 1455 982 τὸν
1500 916 1690 994 ξεῖνον
1733 915 2131 998 ἐρώμεθα,
2179 913 2236 980 εἴ
2276 914 2396 981 τιν’
2445 914 2677 982 ὦέθλων

806 1020 930 1091 οἶδέ
977 1046 1049 1088 τε
1090 1023 1197 1088 καὶ
1242 1020 1523 1097 δεδάηκε.

535 1132 635 1201 Of.
682 1122 868 1213 ἔροιτο
914 1155 959 1196 α
1009 1127 1175 1208 135,
1224 1153 1271 1208 y
1320 1126 1426 1197 ¹77.

624 1238 797 1305 Fieri
841 1242 1051 1324 potest
1093 1241 1169 1301 ut
1212 1236 1558 1323 genuinam
1609 1237 1988 1320 scripturam
2030 1235 2185 1303 olim
2209 1236 2674 1303 oblitteraverit
2695 1254 2916 1324 gram-

532 1347 916 1413 maticorum
963 1341 1267 1411 cacozelia
1311 1361 1437 1408 non
1482 1341 1826 1407 ferentium
1874 1344 1986 1427 qui
2031 1341 2370 1431 legitimus
2409 1348 2506 1409 est
2540 1348 2687 1408 ente
2725 1342 2918 1408 bueo-

530 1452 724 1519 lieam
789 1470 1112 1517 caesuram
1174 1448 1391 1514 hiatus
1406 1496 1425 1526 ,
1488 1448 2032 1533 quemadmodum
2093 1448 2313 1515 eadem
2361 1449 2440 1517 de
2488 1469 2676 1517 eausa
2724 1448 2920 1535 (quod

530 1562 601 1625 in
642 1558 915 1625 Praefat.
963 1557 1043 1623 ad
1086 1554 1360 1622 Iliadem
1406 1575 1466 1637 p.
1496 1540 1657 1619 XIX
1703 1555 1978 1622 ostendit
2023 1554 2384 1639 Nauokius)
2425 1576 2503 1621 ex
2539 1576 2690 1621 vera
2711 1556 2920 1621 forma

532 1667 826 1747 εὐτείχεα
848 1712 865 1744 ,
928 1663 1130 1731 semel
1187 1666 1437 1731 servata
1480 1672 1537 1728 n
1591 1659 1675 1727 57
1698 1709 1714 1740 ‚
1769 1664 2047 1747 quinque
2089 1662 2248 1728 loeis
2291 1662 2575 1728 fecerunt
2620 1660 2921 1729 vocabuli

531 1780 891 1841 monstrum
940 1771 1253 1850 εὐτείχεον
1298 1778 1356 1835 Δ
1408 1765 1559 1834 129.
1609 1779 1654 1833 Β
1709 1766 1857 1834 113.
1906 1766 2061 1834 288.
2107 1778 2160 1835 E
2212 1766 2365 1834 716.
2415 1779 2470 1834 Θ
2518 1766 2672 1834 241.

622 1879 789 1945 Sunt
835 1880 946 1963 qui
990 1880 1276 1942 statuant
1319 1872 1558 1955 εἴρομαι
1581 1900 1664 1925 =
1687 1872 1822 1956 ε’ρέω
1847 1900 1929 1926 =
1951 1873 2180 1955 ἑρεεΙνω
2203 1898 2286 1925 --·
2310 1876 2525 1953 siper&
2565 1874 2758 1960 (quod
2779 1872 2918 1940 sols

530 1987 724 2056 habet
769 1984 1077 2072 Odyssea)
1124 2003 1258 2049 esse
1305 1982 1581 2048 formam
1627 1982 1908 2048 mediam
1958 1982 2136 2049 verbi
2183 1978 2314 2062 εἴρω
2338 2004 2421 2031 =-··
2442 1980 2634 2059 λέγω.
2703 1978 2916 2061 Quam

531 2095 891 2182 opinionem
950 2090 1178 2157 falsam
1243 2108 1376 2156 esse
1439 2088 1622 2155 dooet
1667 2089 2022 2156 observatio
2067 2089 2339 2156 verbum
2384 2088 2554 2174 quod
2599 2092 2696 2153 est
2741 2086 2917 2168 εἴρειν

528 2221 812 2289 quaeque
856 2198 1004 2264 inde
1050 2197 1410 2263 formantur
1454 2195 1754 2263 habuisse
1801 2195 2134 2284 digamma
2149 2245 2166 2272 ,
2213 2195 2409 2261 verba
2453 2194 2723 2285 rogandi
2769 2210 2916 2261 oon-

525 2315 627 2376 tra
671 2328 746 2374 ea
786 2306 1005 2373 littera
1048 2306 1343 2371 caruisse.

616 2414 791 2481 Infra
869 2433 932 2481 v.
1006 2408 1091 2479 6¹7
1161 2410 1515 2477 rectissime
1585 2406 1848 2476 Curtius
1919 2411 2189 2475 correxit
2251 2408 2515 2489 βούλητ’
2582 2406 2912 2481 inrideas.

524 2520 886 2602 ἈγεΙρομεν
932 2523 1147 2586 autem
1197 2537 1261 2586 v.
1314 2516 1445 2584 142
1508 2519 1728 2584 aoristi
1774 2517 2254 2584 coniunctivum
2299 2537 2433 2582 esse
2479 2536 2558 2582 ex
2601 2517 2742 2602 ipso
2774 2513 2912 2583 looo

525 2633 804 2718 apparet.

615 2871 659 2912 α
710 2843 843 2911 320
1024 2840 1170 2919 ὅρνις
1219 2841 1272 2907 δ’
1321 2836 1397 2911 ὣς
1445 2841 1816 2907 ανοπαΐα
1865 2838 2151 2905 διέπτετο
2197 2839 2324 2906 κτὲ.

614 2955 924 3020 ’Λνοπαῒα
944 2997 960 3028 ,
1009 2947 1176 3034 quod
1222 2948 1457 3014 frustra
1505 2947 1712 3013 adhue
1754 2950 2012 3014 vexavit
2053 2951 2461 3034 interpretes,
2503 2952 2758 3015 vetusto
2779 2966 2908 3014 eor·

522 3058 773 3147 ruptela
835 3057 1252 3142 depravatum
1316 3054 1571 3120 videtur
1637 3075 1714 3119 ex
1776 3063 2150 3133 μεμαυῖα
2218 3051 2316 3122 Of.
2383 3063 2438 3120 Ο
2489 3051 2579 3118 83
2638 3059 2704 3120 et
2752 3051 2906 3119 172.

522 3169 785 3234 Primus
828 3161 1153 3249 Odysseae
1200 3159 1362 3228 liber
1406 3180 1644 3248 magna
1691 3181 1770 3226 ex
1819 3167 1998 3247 parte
2044 3160 2352 3228 conflatus
2397 3166 2493 3228 est
2538 3181 2573 3227 e
2617 3160 2906 3229 versibus

522 3273 743 3342 Hiadis
788 3275 853 3337 et
899 3267 1239 3356 Odysseae.

607 3488 658 3569 β
708 3483 1152 3669 434πανννχίη
1200 3587 1315 3668 μέν
1361 3593 1419 3670 ρ’
1465 3585 1583 3667 ἥγε
1629 3587 1767 3654 καὶ
1819 3588 1903 3666 >36
1915 3613 1959 3654 α
2009 3598 2180 3672 πεῖρε
2227 3591 2525 3657 κέλευθον.

611 3697 797 3769 Nihil
841 3691 1089 3867 minu?
1138 3692 1309 3761 Nam
1359 3696 1472 3773 ἠώς
1520 3693 1742 3760 finitur
1786 3695 2082 3777 meridie,
2133 3700 2198 3763 et
2241 3697 2390 3766 vide
2433 3719 2566 3784 sqq.
2615 3697 2788 3786 Lege
2827 3697 2903 3772 ἐς

520 3807 698 3891 ἠόα,
745 3803 826 3870 ol.
875 3817 917 3869 7.
966 3802 1005 3868 5
1056 3803 1119 3867 3.

700 4015 834 4086 245

605 4045 653 4100 y
743 4125 868 4204 τρὶς
920 4123 1047 4204 γὰρ
1094 4123 1164 4198 δή
1212 4148 1321 4202 μιν
1367 4123 1564 4207 Φασὶν
1610 4122 2077 4200 ἀνάξασθαι
2125 4125 2290 4204 γένε’
2335 4125 2578 4206 ἀνδρῶν.

603 4230 897 4300 Absurda
956 4229 1147 4296 lectio
1210 4237 1361 4296 nata
1425 4230 1682 4297 videtur
1745 4251 1823 4296 ex
1887 4231 2322 4310 ἀλλάξασθαι.
2387 4233 2554 4318 quod
2601 4233 2686 4298 sit
2731 4231 2896 4321 glos·

512 4360 689 4408 sema
748 4338 1065 4426 genuinae
1130 4336 1421 4403 lectionis
1475 4337 2042 4421 ἀμείψασθαι,
2093 4347 2502 4418 commutasse,
2549 4344 2889 4419 transiisse,

513 4445 611 4514 Cf.
660 4444 737 4512 11.
785 4453 811 4509 1
851 4442 1005 4510 409.
