3150 5000
561 258 653 328 82
1547 272 1968 325 mormius.

559 443 716 532 quid
773 446 1148 528 interpretes
1209 440 1424 508 moliti
1477 444 1645 520 sint,
1690 450 1765 507 ut
1812 441 1978 507 illud
2022 444 2529 522 παρακαλοῦντες
2578 446 2930 514 tuerentur,

561 550 766 619 veluti
811 546 1264 615 Bloomfieldus
1313 548 1541 615 vertit:
1607 556 1709 613 not
1766 553 1971 631 cariny
2016 555 2075 613 to
2123 550 2273 613 have
2314 570 2433 631 any
2476 570 2547 613 ac
2592 547 2796 611 uidere
2840 546 2933 629 in,

559 660 686 722 aud
742 656 1038 742 therefore
1094 656 1392 720 witmer-ree
1451 656 1554 743 of,
1622 654 1781 721 tzaio-
1826 656 2137 742 im'quities
2150 702 2171 734 ,
2220 663 2321 719 not
2368 666 2427 720 to
2474 656 2542 720 be
2580 662 2699 739 put
2742 661 2803 717 to
2848 653 2936 717 cke

562 764 732 828 bema
790 773 858 827 at
917 760 1142 842 collinq
1203 763 1354 827 them
1398 761 1465 825 in
1513 772 1572 825 to
1618 763 1694 826 do
1741 762 1881 827 evil.
1955 760 2323 847 Classenius
2370 766 2619 827 autemz
2672 759 2765 825 cie
2804 758 2941 823 sind

559 871 727 934 nicht
763 868 1003 951 yeneiyt
1018 917 1036 952 ,
1085 868 1210 932 sich
1253 868 1383 931 dem
1429 868 1882 933 besckdmenden
1932 869 2164 955 Gefehc
2205 872 2583 933 anomalam
2615 868 2835 931 Andre
2868 888 2937 929 zu

559 976 946 1059 unqerecbten
1005 974 1548 1057 Unternekmunqen
1595 975 2059 1061 aufzufordern.
2130 974 2302 1041 Mihi
2348 975 2608 1060 quidem
2648 972 2815 1039 nihil
2835 974 2939 1038 ho·

561 1104 707 1149 rum
756 1080 1039 1147 sufficere
1083 1080 1339 1147 videtur
1359 1126 1376 1159 ,
1421 1098 1585 1169 quae
1633 1088 1773 1147 tum
1823 1082 2084 1147 demum
2132 1085 2387 1166 possent
2422 1080 2575 1148 ferri
2589 1130 2609 1166 ,
2650 1082 2707 1145 si
2729 1082 2940 1147 omnia

563 1190 642 1256 ab
702 1186 1073 1277 Corcyraeis
1131 1186 1315 1253 illata
1377 1186 1543 1253 bella
1586 1188 1913 1253 necessario
1957 1188 2226 1253 fuissent
2270 1189 2527 1253 iniusta.
2597 1186 2810 1253 Multo
2854 1186 2941 1251 fa-

564 1295 750 1362 cilius
793 1291 1198 1381 intelligam:
1249 1297 1958 1374 παρακαλοῦντος.
2028 1292 2407 1359 Facinorum
2450 1312 2713 1359 suorum
2758 1298 2941 1359 testes

564 1398 902 1488 Corcyraei
947 1400 1290 1465 adsciscere
1333 1392 1564 1465 nolunt
1577 1449 1596 1483 ,
1638 1419 1716 1465 ne
1758 1399 1919 1466 forte
1960 1399 2317 1465 admonitos
2356 1399 2775 1485 turpitudinis
2798 1417 2941 1463 suae

564 1507 820 1593 pudeat.
895 1503 1153 1587 obfuit,
1201 1506 1328 1570 nisi
1375 1504 1561 1571 fallor
1582 1554 1596 1571 .
1649 1505 1817 1590 quod
1866 1504 2033 1571 illud
2077 1507 2291 1592 ipsum
2332 1510 2841 1586 παρακαλοῦντος
2882 1505 2945 1569 in

569 1613 880 1680 mediocri
927 1611 1204 1697 quodam
1253 1608 1486 1677 Codice
1531 1632 1754 1679 revera
1796 1612 2136 1678 invenitur.

655 1823 810 1912 Cap.
857 1825 912 1890 I.
964 1822 1080 1891 39:
1131 1826 1196 1891 οὐ
1241 1826 1345 1891 τὸν
1393 1825 1859 1907 προῦχοντα
1918 1828 2022 1891 καὶ
2074 1828 2143 1892 ἐκ
2188 1832 2295 1893 τοῦ
2344 1829 2679 1909 ἀσφαλοῦς
2729 1848 2947 1907 προκα-

565 1932 856 2009 λούμενον
900 1931 1108 2010 λέγειν
1157 1954 1218 1996 τι
1263 1932 1452 1997 δοκεῖν
1501 1933 1628 1997 δεῖ·
1692 1938 1981 2019 potestne
2024 1936 2437 2019 participium
2484 1932 2840 2015 προῦχοντα
2884 1931 2946 1997 id

567 2037 924 2128 significare
987 2038 1154 2123 quod
1213 2046 1546 2105 contextus
1610 2036 1905 2127 flagitat?
1976 2036 2162 2107 Certe
2216 2040 2295 2106 ad
2342 2039 2793 2127 explicandum
2840 2039 2943 2103 vix

566 2144 775 2212 ausim
824 2142 898 2209 ad
951 2141 1222 2209 Homeri
1266 2164 1458 2211 usum
1507 2144 1866 2230 confugere.
1919 2144 2079 2211 Vide
2130 2166 2209 2209 an
2256 2148 2417 2211 forte
2463 2146 2661 2231 possit
2698 2142 2945 2230 probari

567 2248 1256 2333 προϋπάρχοντα,
1305 2250 1474 2335 quod
1520 2251 1789 2315 verbum
1838 2250 2006 2337 apud
2055 2249 2497 2338 Thucydidem
2548 2253 2822 2316 minime
2860 2270 2945 2313 ra·

565 2378 714 2423 rum
772 2361 888 2421 est.
959 2352 1085 2420 Sed
1141 2358 1458 2421 incertum
1519 2357 1641 2422 hoc
1702 2377 1835 2421 esse
1852 2404 1869 2433 ,
1920 2359 2055 2443 ipse
2100 2355 2271 2424 ultro
2316 2358 2517 2423 fateor
2563 2363 2629 2423 et
2674 2362 2945 2443 praestat

565 2463 636 2531 in
681 2461 1089 2551 sequentibus
1133 2463 1480 2551 corrigere:
1531 2461 1762 2529 αὐτοὶ
1812 2463 1875 2529 δὲ
1924 2462 2319 2530 κινδυνεύουσι
2369 2484 2482 2552 pro
2526 2459 2609 2530 οὖ
2622 2486 2770 2530 τοι.

659 2675 978 2745 Corinthii
1043 2678 1094 2748 Ι.
1156 2678 1239 2744 41
1305 2679 1800 2746 Atheniensibus
1858 2681 1924 2744 in
1989 2681 2369 2746 memoriam
2434 2687 2733 2747 revocant
2794 2681 2943 2748 olim

568 2787 872 2873 praestita
933 2783 1268 2869 beneficia,
1331 2802 1491 2871 quae
1549 2787 1660 2851 οὐκ
1706 2787 1904 2866 ἐχθροὶ
1952 2785 2117 2859 ὄντες
2168 2784 2282 2855 ciis-e
2328 2786 2649 2864 βλάπτειν
2696 2787 2825 2854 οὐδ’
2873 2779 2946 2852 αὖ

567 2893 741 2974 φίλοι
805 2889 908 2959 ὅς’
970 2893 1000 2956 ἐ
1017 2915 1099 2957 ra
1115 2893 1514 2976 χρῆσθαι,
1570 2891 1948 2967 ἐπιδοθῆναι
1997 2895 2142 2969 ἡμῖν
2190 2893 2251 2957 ἐν
2296 2895 2381 2972 τῷ
2432 2893 2685 2973 παρόντι
2736 2899 2947 2974 Φαμὲν

567 3007 815 3082 χρῆναι.
895 2997 1220 3064 Sententia
1280 2999 1449 3064 haud
1513 2997 1853 3064 difficulter
1915 3003 2209 3085 apparet:
2291 3001 2528 3066 obortis
2588 3002 2945 3067 inimicitiis

568 3102 872 3172 beneficia
914 3095 1068 3188 olim
1119 3106 1187 3168 in
1227 3110 1291 3169 te
1338 3102 1569 3169 collata
1616 3105 1950 3191 rependere
1994 3104 2158 3170 nihil
2195 3126 2445 3172 necesse
2468 3113 2562 3172 est
2583 3125 2603 3185 3
2627 3127 2752 3174 non
2778 3110 2945 3173 enim

569 3212 860 3278 hostibus
918 3210 1210 3296 prodesse
1269 3213 1564 3295 cupimus
1622 3210 1731 3276 sed
1779 3229 2030 3288 nocere:
2097 3232 2245 3276 cum
2293 3214 2518 3278 amicis
2564 3219 2781 3278 autem
2828 3233 2945 3279 non

571 3319 1043 3385 exactissimam
1087 3318 1400 3380 rationem
1445 3315 1605 3380 inire
1652 3316 1864 3392 decet,
1904 3319 2207 3402 numquis
2245 3337 2357 3383 nos
2395 3317 2557 3384 forte
2594 3321 2809 3407 gratia
2852 3339 2946 3386 su·

571 3425 923 3511 peraverit;
985 3442 1131 3488 nam
1199 3424 1365 3487 κοινὰ
1428 3423 1514 3486 τα
1574 3428 1691 3486 τῶν
1750 3423 1951 3502 φίλων
2012 3429 2076 3488 et
2129 3423 2480 3489 amicorum
2528 3425 2755 3510 opibus
2800 3425 2945 3492 licet

571 3532 707 3608 uti,
775 3531 929 3614 quin
989 3534 1054 3594 et
1092 3527 1415 3594 interdum
1462 3530 1661 3594 abuti.
1734 3527 1861 3594 Sed
1908 3529 2062 3614 quid
2110 3541 2206 3594 est
2252 3527 2663 3610 ε’πιχρῖῖσθαιῗ
2708 3529 2944 3598 Secun-

573 3637 730 3701 dum
775 3634 1112 3701 nonnullos
1158 3635 1462 3714 editores,
1508 3655 1666 3720 quos
1714 3637 1909 3700 etiam
1954 3633 2451 3702 Herwerdenum
2502 3640 2683 3723 sequi
2728 3639 2945 3714 video,

573 3740 890 3830 significat
921 3741 1326 3830 familiariter
1373 3747 1487 3805 uti.
1558 3741 1855 3806 Primum
1904 3753 2215 3827 quantum
2264 3745 2575 3830 comperi,
2627 3765 2703 3810 ea
2747 3746 2948 3833 signi-

573 3847 783 3914 ficatio
846 3867 971 3913 non
1032 3849 1540 3933 frequentissima
1602 3853 1726 3926 est;
1780 3847 2005 3914 deinde
2052 3847 2219 3933 quod
2268 3855 2601 3915 contextus
2645 3854 2945 3937 requirit,

576 3955 900 4020 diversum
947 3959 1061 4020 est.
1135 3952 1396 4018 Utimur
1449 3973 1599 4018 sane
1644 3955 1875 4018 nostris
1922 3954 2145 4018 amicis
2192 3953 2629 4034 familiariter,
2678 3955 2789 4022 sed
2837 3957 2947 4022 hoc

576 4062 732 4128 dicit
809 4057 1176 4126 Corinthius
1248 4058 1536 4147 legatus,
1613 4057 2062 4135 Athenienses,
2126 4080 2273 4125 cum
2336 4080 2461 4126 non
2524 4060 2945 4126 arctissimum

576 4169 895 4234 amicitiae
959 4165 1286 4231 vinculum
1348 4165 1732 4249 intercedat,
1794 4186 1907 4251 par
1971 4168 2106 4251 pari
2166 4165 2503 4250 rependere
2565 4166 2829 4251 debere,
2874 4183 2945 4230 ne

576 4273 891 4344 Corinthii
955 4273 1328 4358 exprobrare
1391 4273 1661 4358 possint,
1730 4271 1893 4356 quod
1960 4269 2117 4336 olim
2169 4272 2665 4338 Atheniensibus
2710 4272 2941 4339 auxilio

573 4382 830 4454 fuerint.
877 4378 1019 4446 Non
1069 4398 1330 4462 sumus,
1376 4378 1623 4462 inquit,
1671 4377 1843 4460 φίλοι
1893 4373 1997 4444 ὦς’
2042 4379 2603 4460 ἀποχρῆσθαι·
2643 4379 2763 4446 hoc
2788 4377 2943 4445 mihi
