3150 5000
1280 341 1522 393 monuo.
2516 319 2597 385 51

239 509 536 597 Archytas
577 509 793 575 Laelio
840 511 1282 576 auctoritatem
1323 507 1641 574 conciliat.
1704 507 1989 594 Lag-atur
2026 508 2263 595 igitur:
2309 508 2595 582 „iracun-

239 619 390 682 diam
407 661 424 692 ‚
471 615 772 680 videlicet
809 615 1218 681 dissidentem
1261 635 1300 679 a
1333 617 1576 680 ratione
1596 661 1611 692 ,
1652 613 2029 680 seditionem
2054 613 2374 698 quandam
2398 611 2597 675 animo

237 741 470 789 movere
516 719 854 788 ducebat”.

313 931 416 999 60.
461 931 688 999 Minus
729 937 902 1000 recte
947 931 1193 998 dictum
1237 931 1496 1000 videtur
1533 933 1653 998 sub
1676 931 1871 999 finem
1896 931 2313 1020 paragraphi:
2358 934 2603 1017 „impe-

237 1041 416 1116 rium,
465 1039 638 1125 quod
683 1039 974 1125 quidem,
1023 1041 1148 1103 nisi
1194 1059 1398 1103 unum
1447 1042 1568 1123 sit,
1610 1059 1745 1104 esse
1784 1038 2042 1104 nullum
2067 1036 2328 1123 potest”.
2372 1036 2606 1122 Populi

237 1153 292 1210 et
345 1148 734 1230 optimorum
791 1147 1140 1231 imperium
1201 1165 1406 1210 unum
1470 1153 1600 1223 est,
1658 1148 1713 1210 si
1762 1145 2054 1268 concordi
2100 1147 2317 1210 animo
2365 1151 2603 1231 agunt3

235 1255 498 1336 requiro.
553 1253 721 1330 „nisi
767 1255 948 1318 unius
1003 1250 1146 1317 sit”.

315 1459 414 1527 61.
463 1461 660 1528 Haud
705 1464 840 1528 scio
886 1483 966 1528 an
1013 1467 1346 1548 peccatum
1387 1469 1472 1531 sit
1510 1463 1630 1530 hac
1676 1469 1741 1529 et
1789 1463 1875 1528 63
1916 1463 2313 1552 paragrapho
2354 1468 2608 1529 mutato

236 1568 434 1634 ordine
493 1569 868 1646 verborum3
937 1569 1256 1654 praefero:
1322 1569 1642 1647 „adducor
1662 1617 1679 1648 ,
1730 1572 1972 1656 inquit,
2022 1570 2480 1656 propemodum
2532 1575 2607 1632 ut

236 1673 568 1740 assentiar'’
629 1674 897 1762 (vulgoz
965 1685 1036 1738 ut
1086 1677 1377 1760 propem.)
1403 1723 1419 1752 ,
1485 1681 1550 1740 et
1616 1683 1869 1752 „noster
1913 1675 2187 1762 populus
2232 1678 2301 1740 in
2348 1695 2501 1760 pace
2549 1684 2613 1740 et

237 1777 390 1844 domi
435 1783 712 1865 imperat
755 1782 914 1864 ipsis
959 1780 1444 1868 magistratibus
1490 1787 1556 1847 et
1601 1785 1887 1846 minatur
1906 1829 1923 1858 ,
1962 1787 2253 1860 recusat,
2292 1780 2571 1866 appellat
2591 1827 2609 1858 ‚

235 1887 562 1967 provocat”
611 1907 722 1972 pro
771 1907 842 1952 eo
889 1887 1058 1972 quod
1104 1891 1173 1952 in
1219 1887 1434 1953 codice
1479 1893 1578 1952 est
1620 1890 1937 1972 „imperat
1976 1895 2039 1953 et
2077 1890 2233 1973 ipsis
2268 1890 2609 1974 magistra-

237 1991 394 2055 tibus
453 1991 800 2056 minatur”.
886 1992 1032 2057 Nisi
1077 1993 1238 2058 forte
1286 1999 1564 2078 praestat
1612 2001 1669 2056 et
1714 1995 2029 2058 omittere.
2094 1993 2298 2058 Paulo
2344 1995 2609 2080 gravius

239 2102 354 2161 est:
421 2097 618 2180 „licet
678 2099 848 2163 enim
911 2097 1240 2181 lascivire,
1305 2098 1459 2164 dum
1523 2097 1689 2164 nihil
1754 2105 2035 2176 metuas,
2104 2105 2177 2163 ut
2225 2101 2295 2163 in
2340 2101 2489 2164 navi
2536 2119 2609 2164 ae

238 2221 406 2289 saepe
451 2207 652 2270 etiam
699 2207 768 2268 in
816 2205 1038 2270 morbo
1084 2203 1271 2270 levi'’.
1349 2205 1550 2270 Recte
1597 2204 1844 2269 dictum
1892 2210 2092 2270 esset:
2146 2211 2263 2281 „ut
2312 2225 2497 2289 saepe
2543 2207 2612 2270 in

239 2310 374 2374 navi
431 2319 626 2395 atque
689 2313 884 2374 etiam
931 2313 1000 2374 in
1045 2310 1269 2376 morbo
1315 2309 1538 2395 [levi]’'
1584 2317 1696 2374 aut
1752 2312 1862 2387 „in
1908 2312 2316 2397 navigatione
2364 2310 2613 2395 placida

241 2413 490 2498 (quieta)
540 2425 735 2501 atque
781 2417 974 2481 etiam
1023 2418 1092 2479 in
1137 2416 1361 2480 morbo
1408 2414 1572 2480 levi”
1614 2416 1722 2480 sed
1766 2436 1889 2480 non
1929 2415 1997 2479 id
2038 2416 2205 2501 quod
2244 2437 2412 2481 nuno
2451 2415 2613 2503 legi-

241 2526 354 2586 tur.
425 2522 688 2587 Excidit
734 2521 1008 2607 aliquid,
1047 2523 1312 2587 fortasse
1351 2528 1507 2608 post·
1531 2522 1711 2586 navi:
1756 2524 2116 2606 tranquillo,
2156 2522 2321 2607 quod
2366 2528 2613 2588 constat

241 2626 512 2693 absolute
577 2627 866 2693 adverbii
921 2647 1096 2693 more
1141 2629 1312 2713 poni.
1383 2626 1806 2693 Proverbium
1856 2628 2024 2711 apud
2072 2626 2375 2693 Senecam
2424 2630 2607 2712 epist.

243 2728 338 2795 85.
385 2732 472 2797 34
523 2731 946 2818 „tranquillo,
996 2741 1072 2798 ut
1121 2737 1336 2811 aiunt,
1389 2733 1659 2818 quilibet
1706 2754 1795 2821 gu
1806 2734 2094 2799 bernator
2141 2734 2287 2799 est'’.

321 2836 656 2905 Soloecum
718 2845 814 2904 est
861 2841 898 2923 ξ
945 2838 1063 2903 64:
1121 2860 1290 2917 ,,ιιοιι
1335 2859 1472 2905 eros
1517 2859 1633 2903 nec
1682 2839 1971 2904 dominos
2019 2839 2425 2925 appellabant
2472 2860 2610 2920 eos,

244 2945 457 3025 quibus
515 2948 688 3011 iuste
738 2956 1114 3029 paruerunt,
1179 2946 1448 3029 denique
1510 2964 1590 3010 ne
1635 2965 1817 3031 reges
1864 2945 2161 3029 quidem,
2212 2946 2323 3011 sed
2371 2950 2611 3032 patriae

245 3051 555 3127 custodes,
605 3050 718 3115 sed
757 3057 1004 3135 patres,
1044 3051 1153 3116 sed
1191 3050 1391 3117 deos''.
1441 3050 1585 3116 Dici
1623 3056 1865 3136 potest.
1908 3051 2421 3136 appellaverunt,
2466 3057 2611 3138 qui-

245 3154 350 3220 bus
407 3156 791 3243 paruerunt’'
851 3157 952 3224 vel
1018 3157 1497 3245 wappellabant
1558 3158 1791 3243 quibus
1838 3159 2175 3243 parebant,
2216 3160 2607 3243 paruerant&

243 3258 372 3327 Hoc
413 3270 812 3349 postremum
857 3264 1348 3330 restituendum.

327 3470 492 3542 Cum
529 3497 700 3543 nexu
737 3496 952 3542 rerum
994 3483 1241 3565 pugnat
1278 3477 1315 3563 ξ
1355 3474 1440 3542 65
1479 3476 1774 3543 futurum
1818 3482 2149 3544 exactum:
2196 3483 2333 3556 „est
2358 3482 2616 3547 omnino

243 3600 378 3645 cum
434 3584 515 3651 de
572 3604 804 3671 genere
863 3582 980 3649 illo
1039 3586 1133 3649 rei
1193 3584 1519 3669 publicae,
1584 3585 1751 3667 quod
1813 3586 2097 3649 maxime
2158 3585 2389 3669 probo,
2453 3606 2614 3669 quae

245 3690 433 3755 sentio
492 3692 728 3765 dixero,
812 3692 1170 3755 accuratius
1229 3690 1394 3753 mihi
1459 3689 1797 3754 dicendum
1860 3690 1937 3754 de
2000 3692 2616 3756 commutationibus

245 3812 440 3857 rerum
513 3794 984 3881 publicarum”.
1072 3784 1168 3860 De
1229 3814 1301 3860 eo
1362 3797 1530 3860 e'nim
1596 3815 1720 3859 non
1784 3795 2056 3859 dicturus
2118 3804 2202 3859 est
2222 3844 2241 3879 ,
2308 3796 2417 3861 sed
2486 3796 2618 3863 iam

246 3898 424 3983 dicit,
475 3908 540 3966 et
585 3904 808 3966 statim
855 3901 934 3965 ad
981 3903 1369 3965 mutationes
1418 3904 1668 3966 transit.
1744 3900 2161 3965 Scribendum
2202 3908 2297 3967 est
2338 3904 2617 3968 dixerim.

247 4003 375 4070 Non
411 4008 628 4072 minus
671 4012 918 4071 eertum
961 4013 1057 4071 est
1095 4008 1330 4090 requiri
1373 4005 1565 4091 paulo
1604 4013 1782 4090 post:
1824 4012 2175 4093 „tyrannus
2200 4008 2617 4073 deterrimum

247 4130 470 4195 genus,
520 4114 626 4176 ced
671 4110 1044 4175 finitumum
1095 4111 1368 4196 optimo”
1415 4132 1541 4176 ιιοιι
1589 4122 1647 4175 et
1685 4112 1852 4196 quod
1892 4132 1970 4176 ex
2008 4120 2095 4177 set
2114 4158 2129 4189 ‚
2176 4112 2375 4177 semel
2416 4116 2621 4198 posita

249 4238 306 4289 ε,
363 4226 588 4283 natum
653 4224 768 4284 est.
858 4216 1012 4282 Post
1075 4236 1303 4301 pauca:
1376 4218 1514 4293 „sin
1579 4217 1829 4301 quando
1892 4222 2005 4282 aut
2066 4220 2205 4304 regi
2264 4220 2435 4284 iusto
2482 4222 2617 4284 vim

253 4322 512 4407 populus
571 4322 837 4389 attulit”
893 4323 1297 4388 scribendum
1355 4324 1615 4387 videtur
1659 4342 1771 4408 pro
1814 4324 1887 4386 ei.
1962 4320 2061 4389 Of.
2112 4323 2285 4388 Orat.
2340 4324 2451 4389 111.
2503 4326 2611 4390 95.

251 4424 382 4491 Non
421 4430 640 4493 minus
683 4428 806 4495 hoo
849 4426 988 4493 loco
1034 4428 1100 4493 id
1148 4431 1569 4495 necessarium
1608 4442 1740 4507 est,
1789 4448 1977 4513 quam
2022 4427 2216 4515 paulo
2255 4438 2435 4495 ante:
2482 4432 2618 4517 „cin
