3150 5000
1185 286 1618 339 morinum.
2376 319 2381 325 .
2472 264 2599 333 139

209 453 468 521 etiamsi
514 454 932 540 interpretum
980 454 1244 523 verbosa
1293 452 1642 540 loquacitas
1679 469 1847 518 nunc
1890 455 2145 538 repente
2185 449 2597 518 obmutuerit.

214 560 388 641 Quid
409 558 793 647 requiritur?
834 562 1116 649 Nempe:
1143 567 1261 627 τῶν
1299 558 1752 648 (ἐπίπλουν)
1793 558 2315 637 ποιουμένων.
2358 556 2602 625 Deinde

210 668 482 735 victoria
548 670 890 755 est-penes
937 668 1470 737 Lacedaemonios
1518 674 1583 734 et
1628 674 1789 750 τρεῖς
1838 666 1941 732 κα)
1991 665 2142 732 δέκα
2190 669 2336 739 ναῦς
2384 662 2605 748 ἔχον·

211 799 350 847 τες
377 780 514 840 τῶν
570 775 942 856 Κορκυραίων
993 777 1433 855 ἀπέπλευσαν,
1487 796 1542 841 c.
1596 772 1706 853 ¹79,
1756 774 1867 840 ubi
1914 773 2264 841 videndum
2312 792 2393 837 an
2440 772 2603 838 forte

209 886 525 969 praestet:
611 880 976 967 ἑλόντες,
1047 902 1127 948 ne
1196 884 1481 948 omisisse
1554 883 1820 968 scriptor
1890 880 2185 948 videatur
2258 898 2603 955 numerum

212 1010 435 1056 earum
481 990 750 1056 navium
798 1010 954 1075 quas
1000 987 1373 1056 κατέδυσαν.

303 1202 806 1293 Corcyraeorum
876 1203 1219 1271 crudelitas
1293 1204 1663 1293 depingitur
1727 1225 1782 1270 c.
1843 1202 1954 1289 81,
2017 1202 2131 1269 ubi
2192 1204 2387 1269 etiam
2448 1201 2605 1269 haec

206 1310 533 1399 legimus:
590 1312 644 1377 οἱ
703 1311 768 1377 δέ
831 1335 990 1383 τινες
1054 1310 1160 1376 καὶ
1228 1310 1848 1392 περιοικοδομηθέντες
1913 1311 1975 1375 ἐν
2020 1312 2126 1376 τοῦ
2178 1309 2467 1374 Διονύσου
2518 1308 2603 1390 τῷ

210 1420 231 1484 ἱ
249 1443 326 1498 ερ
346 1421 389 1501 ᾧ
438 1418 766 1497 ἀπέθανον,
820 1416 928 1485 sed
979 1418 1056 1483 de
1101 1416 1362 1503 reliquis
1409 1419 1689 1484 traditur
1736 1437 1860 1505 quo
1905 1418 2036 1483 fato
2082 1417 2387 1502 perierint
2431 1421 2496 1481 et
2532 1413 2605 1480 hi

211 1545 464 1611 quoque
536 1526 855 1592 ὥπὲθανον.
931 1523 1166 1590 Verum
1242 1521 1603 1610 quomodo?
1674 1523 1943 1610 Opinor,
2017 1523 2078 1588 ἐν
2141 1525 2248 1588 τοῦ
2312 1519 2604 1589 Διονύσου

208 1634 422 1711 λιμῷ
488 1630 622 1711 vel,
688 1632 743 1697 si
806 1630 873 1698 id
937 1633 1178 1706 mavia,
1235 1632 1296 1695 ἐν
1348 1634 1456 1696 τοῦ
1507 1630 1797 1697 Διονύσου
1846 1630 1930 1713 τῷ
1980 1630 2153 1712 ἱερῷ
2200 1629 2451 1713 λιμῷ·
2496 1626 2607 1696 sed

210 1734 383 1803 illud
433 1740 645 1825 magis
691 1736 926 1825 placet.

301 1946 522 2015 Hodie
561 1948 881 2036 plerisque
929 1953 1120 2034 caput
1167 1946 1255 2014 84
1303 1950 1593 2035 spurium
1640 1948 1896 2017 videtur
1942 1970 2077 2017 esse
2095 1996 2113 2029 ,
2159 1971 2276 2017 neo
2323 1949 2604 2038 refraga-

213 2055 371 2141 bor,
438 2075 586 2120 cum
645 2075 793 2121 mea
858 2054 1024 2120 nihil
1082 2056 1338 2122 intersit
1401 2058 1562 2121 scire
1608 2058 1903 2142 spuriane
1949 2078 2063 2123 nec
2107 2076 2187 2121 ne
2234 2058 2392 2134 sint,
2442 2076 2605 2143 quae

215 2182 449 2247 parum
520 2159 920 2250 intellegam.
990 2160 1117 2228 Sed
1188 2164 1485 2229 obscuras
1545 2164 1893 2229 sententias
1958 2168 2125 2229 certe
2172 2183 2319 2229 cum
2365 2159 2606 2229 Coboto

213 2270 444 2334 Mnem.
507 2267 674 2333 XIX
738 2268 869 2334 143
935 2289 1058 2334 uon
1119 2268 1398 2337 Philisto
1457 2270 1737 2336 tribuam
1759 2317 1777 2349 ‚
1826 2271 1968 2355 qui,
2015 2272 2270 2337 etiamsi
2316 2267 2605 2337 Ciceroni

210 2395 410 2460 paene
476 2373 750 2462 pusillus
811 2374 1220 2461 Thucydides
1267 2378 1387 2454 sit,
1436 2378 1789 2443 secundum
1839 2374 2345 2457 Quinctilianum
2392 2375 2604 2442 Instit.

212 2479 386 2550 Orat.
455 2480 519 2546 X
569 2480 630 2548 1.
677 2483 969 2548 imitator
1015 2482 1272 2570 quidem
1324 2482 1724 2572 Thucydidis
1770 2482 1934 2559 fuit,
1983 2483 2091 2550 sed
2138 2488 2213 2549 ut
2260 2481 2469 2549 multo
2512 2484 2607 2549 in-

211 2587 458 2655 firmior
478 2635 495 2667 ‚
560 2591 654 2654 ita
716 2588 1114 2675 aliquatenus
1161 2590 1445 2667 baddim,
1499 2610 1615 2656 nec
1662 2589 1902 2655 recedit
1946 2590 2257 2655 iudicium
2304 2589 2605 2676 Dionysii

211 2693 424 2764 Halia.
481 2699 635 2760 tom.
687 2693 742 2759 V
787 2716 851 2781 p.
900 2693 1065 2760 427:
1113 2700 1222 2768 τῆς
1271 2693 1492 2772 λέξεως
1543 2693 1607 2760 δὲ
1655 2697 1725 2761 τὸ
1770 2694 1884 2773 μὲν
1927 2693 2455 2772 γλωσσηματικὸν
2492 2692 2599 2760 καὶ

216 2801 531 2881 περίεργον
574 2800 681 2865 ούιι
720 2798 988 2881 ἐζήλωκε
1039 2801 1399 2867 Θουκυδίδου
1447 2805 1512 2866 et
1558 2821 1720 2886 quae
1766 2806 2138 2886 sequuntur.
2190 2799 2467 2866 Minime
2489 2820 2602 2866 ne-

213 2905 534 2994 glegenda
593 2912 743 2972 sunt
799 2927 958 2994 quae
1021 2907 1099 2974 de
1144 2908 1264 2974 hoc
1311 2909 1519 2995 capite
1568 2905 1886 2974 Arnoldus
1934 2911 1999 2972 et
2046 2905 2333 2973 Stahlius
2379 2910 2444 2972 et
2489 2906 2605 2972 alii

214 3013 621 3081 contulerunt
637 3063 655 3098 ‚
717 3013 827 3080 sed
888 3033 1016 3079 una
1077 3020 1399 3100 praeterea
1459 3035 1558 3080 res
1621 3011 2184 3080 animadvertenda
2244 3017 2341 3079 est
2360 3062 2378 3098 ‚
2442 3033 2605 3099 quae

213 3117 541 3205 hucusque
588 3118 870 3185 nondum
919 3123 986 3186 in
1033 3121 1202 3187 clara
1249 3121 1390 3187 luce
1429 3122 1635 3206 posita
1671 3120 1815 3186 fuit.
1864 3119 1963 3186 Ne
2001 3119 2235 3188 viderit
2269 3119 2388 3186 hoc
2413 3125 2605 3206 caput

213 3223 558 3314 Dionysius
583 3275 600 3304 ,
665 3248 1052 3314 quamquam
1117 3230 1359 3293 mirum
1405 3247 1533 3293 non
1582 3233 1678 3292 est
1724 3247 1874 3294 eum
1920 3226 2197 3293 noluisse
2245 3227 2606 3292 examinare

215 3349 372 3414 quae
417 3353 608 3398 nemo
652 3332 1014 3421 intelligere
1061 3340 1301 3420 potest,
1357 3333 1466 3400 sed
1511 3331 1635 3400 Dio
1682 3332 1937 3401 Cassius
1976 3333 2317 3419 impeditas
2358 3339 2603 3400 senten·

215 3439 336 3504 tias
383 3446 447 3505 et
497 3438 660 3527 legit
706 3445 772 3506 et
817 3441 1112 3526 probavit
1158 3446 1222 3506 et
1268 3443 1564 3508 imitatus
1616 3444 1730 3506 est.
1779 3440 2023 3507 Attulit
2067 3439 2287 3525 Poppo
2322 3438 2442 3506 LII
2485 3438 2600 3505 34:

217 3544 425 3610 πολλοὶ
473 3544 602 3627 γὰρ
650 3549 684 3622 ἦ
732 3545 921 3629 φύσις
971 3545 1073 3610 καὶ
1125 3547 1297 3628 παρὰ
1344 3546 1449 3612 τὸν
1495 3545 1675 3625 νόμον
1722 3547 1993 3619 πολλοὺς
2038 3535 2421 3625 dicandum
2460 3545 2605 3624 ἐξιέ-

213 3670 348 3730 yse,
393 3657 472 3718 ut
519 3657 924 3739 componeret
969 3674 1116 3719 cum
1167 3652 1578 3741 Thucydide:
1631 3655 1665 3730 ἦ
1709 3650 2067 3734 ἀνθρωπεία
2114 3651 2305 3737 φύσις
2346 3649 2605 3720 εἰωθυῖα

218 3755 314 3821 καὶ
363 3759 540 3838 παρὰ
587 3759 727 3832 τοὺς
776 3757 988 3838 νόμους
1035 3761 1298 3839 ὥδικεῖν,
1350 3781 1510 3848 quae
1557 3762 1841 3827 imitatio
1888 3781 2014 3827 non
2061 3759 2249 3828 valde
2276 3759 2606 3827 luculenta

217 3868 325 3930 est.
398 3866 526 3933 Sed
586 3867 754 3953 quod
817 3867 986 3952 apud
1048 3868 1218 3933 hunc
1281 3875 1412 3934 est:
1469 3864 1532 3933 οἵ
1566 3891 1638 3932 τε
1683 3875 1937 3938 πλεῖς-ον
1985 3865 2378 3947 ἐκφερόμενοι
2431 3870 2605 3944 ὠμῶς

221 3969 320 4033 καὶ
369 3974 959 4053 ὦπαραιτήτως
1000 3973 1459 4052 ἐπέλθοιεν,
1499 3976 1767 4041 recurrit
1808 3973 1978 4062 apud
2017 3973 2284 4040 Dionem
2313 3972 2455 4040 LVI
2479 3971 2603 4040 40:

221 4085 340 4150 τοῖς
387 4087 510 4158 τῶν,
551 4079 932 4146 οὶκειοτοὶτων
980 4079 1355 4160 ύβρίσμασιν
1402 4082 2010 4163 ἀπαραιτήτως
2062 4081 2425 4159 ἐπεξιών.
2487 4081 2606 4146 Iti·
2646 4115 2659 4128 ·

225 4179 362 4248 dem
422 4188 505 4253 τὰ
568 4185 1121 4269 προτετολμημένα
1183 4187 1305 4253 Dio
1371 4183 1627 4256 Cassius
1690 4185 1865 4252 XLV
1932 4185 2018 4252 34
2080 4209 2159 4254 ex
2207 4184 2605 4274 Thucydidis

226 4283 359 4355 loco
403 4293 656 4362 videtur
693 4296 1080 4383 cognovisse.
1134 4294 1416 4379 Apparet
1446 4296 1653 4383 igitur
1688 4314 1881 4381 quam
1921 4300 2173 4361 mature
2204 4293 2359 4360 haec
2390 4295 2608 4360 omnia

228 4411 368 4461 cum
416 4395 810 4488 Thucydidis
854 4405 1039 4468 textu
1085 4399 1456 4468 coaluerint.
