3150 5000
1041 292 1316 345 rmvms
1361 291 1697 344 sosarnus.
2430 271 2563 339 26¹7

205 460 466 527 occidere
522 460 818 544 debebat,
883 460 1079 526 donec
1140 462 1446 545 pernicies
1513 459 1898 544 pervenisset
1967 458 2047 523 ad
2120 479 2359 523 omnes.
2412 457 2557 538 Φέρε

205 567 420 646 κλήρῳ,
465 567 595 632 dux
638 567 886 650 inquit,
934 567 1052 638 τὰς
1097 566 1392 641 άλλήλων
1439 565 1710 644 σφαγὰς
1760 561 2217 642 ἐπιτρέψωμεν·
2266 564 2295 628 ὁ
2344 565 2564 645 λαχὼν

207 671 258 736 δὲ
301 673 410 736 ὑπὸ
455 677 562 736 τοῦ
609 675 753 749 μετ’
800 674 989 737 αὐτὸν
1035 671 1337 736 πιπτέτω.
1409 670 1723 746 Tandem,
1788 691 1941 735 nam
1990 669 2263 735 anilium
2312 669 2561 734 fabula-

205 801 331 844 rum
391 777 534 844 finis
594 778 936 864 aliquando
982 777 1375 863 quaerendus
1423 783 1550 854 est,
1604 777 1900 842 omnibus
1946 775 2311 850 trucidatis,
2384 774 2564 840 Jose-

206 885 348 969 phua
391 884 568 952 solus
615 905 762 950 cum
815 904 940 950 uno
985 884 1182 950 sodali
1229 889 1548 969 superest:
1602 883 2079 948 Καταλείπεται
2130 881 2193 945 δὲ
2237 881 2563 956 Ἰώσηπος,

206 989 312 1055 εἴτε
355 993 472 1058 ὑπὸ
518 991 720 1071 τύχης
773 993 893 1071 χρὴ
943 991 1184 1074 λέγειν,
1234 990 1362 1056 εἴτε
1413 989 1528 1053 ὑπὸ
1577 990 1709 1054 θεοῦ
1757 989 2035 1068 προνοίας
2084 989 2194 1054 σὺν
2241 987 2417 1067 ἑτέρῳ
2458 988 2563 1052 καὶ

205 1096 536 1178 σπουδάζων
597 1097 760 1173 μήτε
823 1097 938 1161 ὑπὸ
999 1081 1106 1161 τοῦ
1154 1097 1373 1176 κλήρου
1421 1097 1983 1172 καταδικασθῆναι,
2038 1095 2201 1169 μήτε
2246 1095 2296 1159 εἰ
2346 1107 2563 1158 τελευ-

203 1211 354 1274 ταῖος
396 1204 714 1280 λείποιτο,
762 1206 984 1279 μιᾶναι
1031 1204 1140 1277 τὴν
1190 1200 1396 1277 δεξιὰν
1447 1201 1741 1281 ὁμοφύλῳ
1790 1201 1991 1281 Φάνῳ,
2032 1200 2221 1264 πείθει
2265 1200 2370 1264 καὶ
2412 1201 2567 1264 ἐκεῖ·

204 1333 280 1373 νον
323 1309 417 1374 ἐπὶ
468 1309 642 1377 πίςει
691 1307 818 1388 ζῆν.
889 1307 1134 1374 Deinde
1183 1309 1482 1374 omnibus
1525 1312 1751 1373 notum
1802 1314 1931 1390 est,
1972 1307 2287 1392 quomodo
2326 1327 2461 1371 sese
2497 1309 2565 1370 in

201 1413 560 1500 Vespasiani
621 1416 898 1502 gratiam
961 1417 1401 1480 insinuaverit.
1473 1414 1683 1494 Quam
1746 1411 1977 1479 vellem
2044 1414 2205 1478 scire
2252 1413 2566 1496 quomodo

202 1519 402 1586 Justus
457 1521 632 1588 Pieti
703 1519 908 1596 filius,
983 1521 1380 1587 adversarius
1447 1519 1743 1605 Josephi,
1815 1539 1953 1584 rem
2024 1525 2159 1584 tam
2230 1519 2561 1604 indignam

203 1631 582 1702 tractaverit,
635 1627 744 1692 sed
792 1617 950 1692 bene
993 1625 1237 1692 factum
1287 1625 1454 1711 quod
1492 1625 1528 1690 J
1535 1625 1755 1710 osephi
1795 1625 2114 1691 malitiam
2163 1627 2317 1688 satis
2355 1626 2559 1708 ipsam

203 1754 296 1817 per
349 1755 414 1800 se
473 1739 762 1820 spectare
825 1739 889 1798 et
946 1753 1213 1819 arguere
1259 1729 1617 1817 possum'us.
1686 1731 2039 1815 Postquam
2084 1729 2373 1796 Romano
2420 1730 2568 1794 duci

205 1841 569 1906 vaticinatus
614 1840 822 1906 fuerat
865 1841 1247 1923 imperium,
1289 1841 1537 1904 amicus
1577 1837 1839 1922 quidam
1880 1835 2041 1902 Bell.
2083 1835 2231 1902 Jud.
2277 1833 2335 1900 3.
2382 1834 2445 1900 8.
2485 1834 2563 1912 9,

205 1946 520 2027 θαυμάζειν
587 1944 710 2026 ἔφη
775 1950 900 2016 πῶς
965 1944 1105 2010 οὔτε
1161 1953 1287 2017 τοῖς
1336 1944 1439 2009 ἐπὶ
1488 1949 1605 2007 τῶν
1652 1945 2051 2008 Ἰωταπάτων
2100 1941 2231 2019 περὶ
2282 1942 2567 2012 άλῶσεως

203 2053 322 2116 οὔτε
369 2053 542 2132 αὐτῷ
585 2049 1125 2131 προεμαντεύσατο
1173 2050 1308 2131 περ)
1357 2050 1848 2132 αἰχμαλωσίας,
1897 2050 1949 2113 εἰ
1999 2051 2086 2126 μῆ
2135 2052 2347 2112 ταῦτα
2388 2056 2565 2128 λῆρος

204 2157 276 2231 εἴη
321 2158 776 2236 διακρουομένου
823 2157 940 2230 τὰς
983 2155 1086 2221 ἐπ’
1133 2158 1318 2222 αὑτὸν
1358 2156 1570 2235 ὀργάς.
1612 2157 1901 2231 Ἰώσηπος
1940 2155 2003 2220 δὲ
2044 2155 2147 2218 καὶ
2188 2162 2314 2226 τοῖς
2356 2157 2567 2219 Ἰωτα-

205 2273 476 2338 πατηνοῑς
528 2263 622 2330 ὅτι
669 2264 843 2341 μετὰ
888 2266 1348 2344 τεσσαρακοτῆν
1399 2261 1671 2340 ἑβδόμην
1722 2263 1951 2343 ἡμέραν
1990 2260 2336 2326 ἁλώσονται
2375 2285 2565 2338 προει-

205 2378 318 2433 πεῖν
377 2369 544 2450 ἔφη,
610 2370 716 2435 καὶ
783 2368 874 2435 ὅτι
938 2372 1080 2449 πρὸς
1147 2369 1464 2448 Ῥωμαίων
1518 2369 1707 2442 αὐτὸς
1758 2368 2230 2450 ζωγρηθήσεται.
2304 2367 2565 2434 Scilicet

202 2478 488 2559 proditori
533 2477 691 2543 talia
740 2478 1043 2545 vaticinia
1088 2497 1210 2543 non
1260 2497 1494 2564 magno
1539 2480 1852 2542 constant.

275 2583 690 2672 Negligentia
743 2582 1006 2668 Josephi
1072 2603 1386 2669 nusquam
1445 2582 1699 2649 facilius
1760 2584 1949 2669 argui
2000 2587 2209 2667 potest
2256 2602 2449 2665 quam
2494 2584 2564 2647 in

203 2710 592 2757 numerorum
655 2710 811 2774 quos
871 2690 1204 2775 perscribit
1256 2692 1765 2777 exaggeratione.
1830 2687 2085 2754 Bellum
2136 2691 2271 2772 ipse
2312 2688 2563 2753 viderat

204 2816 380 2880 neque
441 2797 871 2861 umbraticam
937 2798 1136 2861 vitam
1203 2803 1422 2882 egerat
1484 2802 1548 2861 et
1608 2801 1823 2861 tamen
1884 2815 2226 2860 numerum
2278 2793 2565 2859 militum

206 2905 610 2989 pugnantium
666 2900 773 2968 vel
818 2920 1142 2967 caesorum
1189 2921 1376 2987 saepe
1419 2900 1863 2966 incredibilem
1910 2902 1977 2964 in
2026 2900 2290 2965 modum
2339 2898 2567 2984 ampli-

207 3004 348 3073 ficat.
418 3008 598 3073 idem
661 3010 898 3073 metuit
953 3028 1034 3072 ne
1095 3010 1297 3072 oratio
1357 3008 1555 3071 nimis
1614 3004 1863 3070 humile
1924 3012 2134 3088 sonet,
2192 3007 2317 3069 nisi
2380 3008 2571 3069 tertia

209 3130 429 3198 quaque
474 3116 712 3199 pagina
757 3111 1000 3198 aliquot
1047 3112 1432 3178 talentorum
1483 3111 1695 3177 millia
1740 3110 1844 3177 vel
1892 3110 2157 3177 collecta
2203 3123 2416 3195 crepet
2463 3108 2569 3176 vel

207 3220 470 3303 impensa
514 3218 621 3285 vel
667 3219 984 3285 absumta.
1055 3218 1282 3284 Veluti
1329 3218 1643 3284 molestus
1690 3220 1751 3283 ei
1799 3216 1944 3283 nolo
1990 3236 2123 3282 esse
2144 3264 2161 3286 .
2210 3237 2357 3281 cum
2408 3219 2568 3281 scri-

209 3322 289 3387 bit
343 3328 559 3409 Antiq.
622 3324 686 3389 8.
756 3324 860 3391 11.
913 3323 952 3389 3
999 3327 1068 3389 in
1114 3345 1331 3412 pugna
1375 3324 1689 3408 quadam,
1740 3343 1933 3407 quam
1983 3320 2189 3387 Judae
2234 3344 2345 3387 rex
2387 3344 2563 3388 com-

209 3432 366 3495 misit
402 3424 704 3497 adversns
750 3450 970 3516 regem
1019 3432 1237 3497 decem
1279 3431 1564 3495 tribuum
1592 3430 1889 3494 cecidisse
1915 3427 2347 3493 Israelitarum
2377 3430 2566 3513 quin-

209 3542 382 3619 genta
436 3535 682 3613 millia,
748 3536 1126 3609 πεντιὶκοντα
1188 3536 1526 3613 μυριάδας,
1593 3535 1659 3599 h.
1707 3556 1741 3601 e
1814 3532 2115 3612 500000,
2161 3554 2311 3598 nam
2362 3538 2567 3617 potest

211 3660 266 3704 sc
299 3646 455 3708 tueri
509 3644 890 3708 auctoritate
936 3640 1114 3709 Sacri
1159 3639 1448 3725 Codicis,
1500 3643 1615 3706 ubi
1662 3641 1931 3706 eundem
1980 3660 2323 3705 numerum
2372 3659 2569 3724 quan-

212 3750 430 3814 tumvis
489 3748 838 3815 absurdum
903 3750 1234 3815 invenerat
1281 3753 1502 3813 tamen*
1541 3747 1585 3811 2
1631 3744 1865 3813 Chron.
1916 3744 2017 3811 13.
2075 3741 2179 3810 17.
2254 3742 2379 3809 Sed
2426 3748 2570 3830 quis

213 3872 568 3941 concoquere
627 3858 860 3941 poterit
919 3854 1087 3939 quod
1148 3854 1388 3941 legitur
1446 3856 1662 3938 Antiq.
1731 3851 1797 3918 ¹7.
1860 3850 1965 3916 13.
2028 3849 2111 3917 1?
2170 3846 2291 3915 ’Ἢν
2340 3852 2403 3917 δὲ
2452 3858 2569 3915 τῶν

213 3954 398 4025 ἄλλων
457 3960 846 4040 Ἰσραηλιτῶν
893 3960 1138 4039 άριθμὸς
1189 3960 1548 4035 ἐνενήκοντα
1594 3957 1917 4037 μυριάδες,
1975 3956 2333 4043 (900000),
2396 3955 2566 4023 ὅπλα

215 4062 494 4147 Bas-am
543 4067 647 4133 καὶ
697 4068 1099 4145 ςρατεύεσθαι
1138 4066 1518 4149 δυναμένων,
1563 4068 1599 4141 ἦ
1640 4066 1703 4131 δὲ
1744 4065 1942 4130 Ἰούδα
1982 4065 2153 4145 Φυλὺ
2180 4065 2315 4127 καθ’
2342 4065 2567 4140 ἑαυτὴν

215 4172 655 4253 τεσσαράκοντα
714 4173 1006 4250 μυριάδες
1067 4169 1222 4247 ἦσαν
1285 4168 1671 4255 (4000001).
1758 4170 2089 4235 Praeterea
2136 4170 2286 4237 vide
2331 4173 2565 4255 pretio-

216 4294 336 4340 sam
377 4279 837 4365 supellectilem
886 4281 954 4343 in
993 4279 1231 4364 templo
1278 4278 1672 4362 Salomonis,
1719 4278 1939 4362 Antiq.
1989 4274 2048 4340 8.
2080 4275 2139 4341 3.
2168 4275 2210 4341 8
2230 4324 2246 4353 ,
2288 4278 2567 4355 οἰνοχόας

219 4384 490 4462 μυριάδας
553 4388 706 4453 ὀκτὼ
762 4383 1044 4471 (80000)
1105 4385 1210 4450 καὶ
1271 4386 1519 4465 Φιαλῶν
1567 4389 1809 4463 χρυσῶν
1853 4383 2005 4447 δέκα
2053 4382 2377 4461 (100000)
2398 4430 2413 4459 ,
2462 4384 2565 4461 άρ-
