<?xml version="1.0" encoding="UTF-8"?>
<!DOCTYPE html PUBLIC "-//W3C//DTD XHTML 1.0 Transitional//EN"
    "http://www.w3.org/TR/xhtml1/DTD/xhtml1-transitional.dtd">
<html xmlns="http://www.w3.org/1999/xhtml" xml:lang="en" lang="en">
 <head>
  <title>
</title>
<meta http-equiv="Content-Type" content="text/html;charset=utf-8" />
  <meta name='ocr-system' content='tesseract 3.04.00' />
  <meta name='ocr-capabilities' content='ocr_page ocr_carea ocr_par ocr_line ocrx_word'/>
</head>
<body>
  <div class='ocr_page' id='page_1' title='image "./mnemosyne06servgoog_0657.png"; bbox 0 0 3150 5000; ppageno 0'>
   <div class='ocr_carea' id='block_1_1' title="bbox 1327 190 2639 282">
    <p class='ocr_par' dir='ltr' id='par_1_1' title="bbox 1327 190 2639 282">
     <span class='ocr_line' id='line_1_1' title="bbox 1327 190 2639 282; baseline -0.003 0"><span class='ocrx_word' id='word_1_1' title='bbox 1327 232 1560 282; x_wconf 76' lang='lat' dir='ltr'><strong>comm.</strong></span> <span class='ocrx_word' id='word_1_2' title='bbox 2154 190 2163 210; x_wconf 59' lang='lat'>¹</span> <span class='ocrx_word' id='word_1_3' title='bbox 2511 210 2639 280; x_wconf 86' lang='lat'><strong>179</strong></span> 
     </span>
    </p>
   </div>
   <div class='ocr_carea' id='block_1_2' title="bbox 260 392 2641 792">
    <p class='ocr_par' dir='ltr' id='par_1_2' title="bbox 260 392 2641 792">
     <span class='ocr_line' id='line_1_2' title="bbox 267 392 2641 478; baseline -0.001 -16"><span class='ocrx_word' id='word_1_4' title='bbox 267 397 436 478; x_wconf 71' lang='grc' dir='ltr'><strong><em>αὐτῷ</em></strong></span> <span class='ocrx_word' id='word_1_5' title='bbox 498 395 566 462; x_wconf 84' lang='grc' dir='ltr'><strong>τὸ</strong></span> <span class='ocrx_word' id='word_1_6' title='bbox 617 401 813 474; x_wconf 73' lang='grc' dir='ltr'><strong><em>γῆρας</em></strong></span> <span class='ocrx_word' id='word_1_7' title='bbox 861 402 978 462; x_wconf 82' lang='grc' dir='ltr'><strong>τῶν</strong></span> <span class='ocrx_word' id='word_1_8' title='bbox 1025 396 1283 476; x_wconf 62' lang='lat' dir='ltr'><strong>monim</strong></span> <span class='ocrx_word' id='word_1_9' title='bbox 1328 397 1629 477; x_wconf 76' lang='grc' dir='ltr'><strong><em>μέγιστον</em></strong></span> <span class='ocrx_word' id='word_1_10' title='bbox 1671 393 1902 464; x_wconf 76' lang='grc' dir='ltr'><strong><em>εἶναι.</em></strong></span> <span class='ocrx_word' id='word_1_11' title='bbox 1948 399 2048 464; x_wconf 88' lang='lat' dir='ltr'><strong>An</strong></span> <span class='ocrx_word' id='word_1_12' title='bbox 2096 417 2317 463; x_wconf 77' lang='lat' dir='ltr'><strong>versus</strong></span> <span class='ocrx_word' id='word_1_13' title='bbox 2362 392 2641 462; x_wconf 73' lang='lat' dir='ltr'><strong>excidit?</strong></span> 
     </span>
     <span class='ocr_line' id='line_1_3' title="bbox 263 501 2640 590; baseline -0 -21"><span class='ocrx_word' id='word_1_14' title='bbox 263 501 410 569; x_wconf 83' lang='lat' dir='ltr'><strong>Non</strong></span> <span class='ocrx_word' id='word_1_15' title='bbox 469 501 826 588; x_wconf 79' lang='lat' dir='ltr'><strong>haererem,</strong></span> <span class='ocrx_word' id='word_1_16' title='bbox 873 505 926 568; x_wconf 89' lang='lat' dir='ltr'><strong>si</strong></span> <span class='ocrx_word' id='word_1_17' title='bbox 975 505 1283 590; x_wconf 86' lang='lat' dir='ltr'><strong>scriptum</strong></span> <span class='ocrx_word' id='word_1_18' title='bbox 1331 504 1597 570; x_wconf 85' lang='lat' dir='ltr'><strong>fuisset:</strong></span> <span class='ocrx_word' id='word_1_19' title='bbox 1644 507 1793 570; x_wconf 71' lang='grc' dir='ltr'>ἀλλ’</span> <span class='ocrx_word' id='word_1_20' title='bbox 1840 501 1903 575; x_wconf 69' lang='grc' dir='ltr'><strong>ὃς</strong></span> <span class='ocrx_word' id='word_1_21' title='bbox 1951 503 2028 571; x_wconf 75' lang='grc' dir='ltr'><strong>ἂν</strong></span> <span class='ocrx_word' id='word_1_22' title='bbox 2074 503 2230 584; x_wconf 67' lang='grc' dir='ltr'><strong>Φέρῃ</strong></span> <span class='ocrx_word' id='word_1_23' title='bbox 2274 502 2640 582; x_wconf 76' lang='grc' dir='ltr'><strong><em>ἀγνωμόνως</em></strong></span> 
     </span>
     <span class='ocr_line' id='line_1_4' title="bbox 263 607 2639 692; baseline 0.001 -19"><span class='ocrx_word' id='word_1_24' title='bbox 263 607 427 692; x_wconf 79' lang='grc' dir='ltr'><strong><em>αὔθ’,</em></strong></span> <span class='ocrx_word' id='word_1_25' title='bbox 500 607 740 674; x_wconf 78' lang='grc' dir='ltr'><strong><em>αὑτὸν</em></strong></span> <span class='ocrx_word' id='word_1_26' title='bbox 801 608 1306 676; x_wconf 69' lang='grc' dir='ltr'><strong><em>αἰτιάσεται.</em></strong></span> <span class='ocrx_word' id='word_1_27' title='bbox 1370 609 1460 676; x_wconf 89' lang='lat' dir='ltr'><strong>Ut</strong></span> <span class='ocrx_word' id='word_1_28' title='bbox 1519 632 1688 678; x_wconf 86' lang='lat' dir='ltr'><strong>nunc</strong></span> <span class='ocrx_word' id='word_1_29' title='bbox 1745 611 1900 676; x_wconf 85' lang='lat' dir='ltr'><strong>haec</strong></span> <span class='ocrx_word' id='word_1_30' title='bbox 1964 610 2197 676; x_wconf 86' lang='lat' dir='ltr'><strong>tradita</strong></span> <span class='ocrx_word' id='word_1_31' title='bbox 2240 615 2417 689; x_wconf 84' lang='lat' dir='ltr'><strong>sunt,</strong></span> <span class='ocrx_word' id='word_1_32' title='bbox 2468 615 2639 676; x_wconf 89' lang='lat' dir='ltr'><strong>certe</strong></span> 
     </span>
     <span class='ocr_line' id='line_1_5' title="bbox 260 709 2443 792; baseline -0 -11"><span class='ocrx_word' id='word_1_33' title='bbox 260 713 493 792; x_wconf 81' lang='lat' dir='ltr'><strong>malim</strong></span> <span class='ocrx_word' id='word_1_34' title='bbox 539 714 784 789; x_wconf 77' lang='grc' dir='ltr'><strong><em>αὐτός</em></strong></span> <span class='ocrx_word' id='word_1_35' title='bbox 833 718 1059 782; x_wconf 75' lang='grc' dir='ltr'><strong><em>ἐστιν</em></strong></span> <span class='ocrx_word' id='word_1_36' title='bbox 1107 709 1378 792; x_wconf 68' lang='grc' dir='ltr'><strong><em>αἴτιος</em></strong></span> <span class='ocrx_word' id='word_1_37' title='bbox 1427 715 1534 786; x_wconf 77' lang='lat' dir='ltr'><strong>vel</strong></span> <span class='ocrx_word' id='word_1_38' title='bbox 1578 714 1805 791; x_wconf 78' lang='grc' dir='ltr'><strong><em>οὗτος</em></strong></span> <span class='ocrx_word' id='word_1_39' title='bbox 1852 716 2101 791; x_wconf 74' lang='grc' dir='ltr'><strong><em>αὐτὸς</em></strong></span> <span class='ocrx_word' id='word_1_40' title='bbox 2148 715 2443 791; x_wconf 69' lang='grc' dir='ltr'><strong><em>αἴτιος.</em></strong></span> 
     </span>
    </p>
   </div>
   <div class='ocr_carea' id='block_1_3' title="bbox 259 946 2641 1136">
    <p class='ocr_par' dir='ltr' id='par_1_3' title="bbox 259 946 2641 1136">
     <span class='ocr_line' id='line_1_6' title="bbox 354 946 2641 1038; baseline -0.001 -22"><span class='ocrx_word' id='word_1_41' title='bbox 354 949 459 1016; x_wconf 68' lang='lat' dir='ltr'><strong>Ad</strong></span> <span class='ocrx_word' id='word_1_42' title='bbox 517 949 595 1014; x_wconf 78' lang='lat' dir='ltr'><strong>fr.</strong></span> <span class='ocrx_word' id='word_1_43' title='bbox 659 946 771 1034; x_wconf 88' lang='lat'><strong>46,</strong></span> <span class='ocrx_word' id='word_1_44' title='bbox 835 949 869 1014; x_wconf 91' lang='lat'>1</span> <span class='ocrx_word' id='word_1_45' title='bbox 935 949 1142 1016; x_wconf 81' lang='lat' dir='ltr'><strong>editor</strong></span> <span class='ocrx_word' id='word_1_46' title='bbox 1185 967 1687 1018; x_wconf 86' lang='lat' dir='ltr'><strong>commemorare</strong></span> <span class='ocrx_word' id='word_1_47' title='bbox 1731 949 2033 1018; x_wconf 74' lang='lat' dir='ltr'><strong>debuerat</strong></span> <span class='ocrx_word' id='word_1_48' title='bbox 2082 971 2191 1018; x_wconf 86' lang='lat' dir='ltr'><strong>me</strong></span> <span class='ocrx_word' id='word_1_49' title='bbox 2232 951 2517 1038; x_wconf 84' lang='lat' dir='ltr'><strong>primum</strong></span> <span class='ocrx_word' id='word_1_50' title='bbox 2563 968 2641 1015; x_wconf 87' lang='lat' dir='ltr'><strong>ex</strong></span> 
     </span>
     <span class='ocr_line' id='line_1_7' title="bbox 259 1053 1604 1136; baseline 0 -14"><span class='ocrx_word' id='word_1_51' title='bbox 259 1054 664 1134; x_wconf 70' lang='grc' dir='ltr'><strong>ὠνομασμένη</strong></span> <span class='ocrx_word' id='word_1_52' title='bbox 711 1053 1024 1124; x_wconf 73' lang='lat' dir='ltr'><strong>elicuisse.</strong></span> <span class='ocrx_word' id='word_1_53' title='bbox 1073 1101 1092 1121; x_wconf 85' lang='lat'><strong>.</strong></span> <span class='ocrx_word' id='word_1_54' title='bbox 1123 1105 1138 1122; x_wconf 93' lang='lat'><strong>.</strong></span> <span class='ocrx_word' id='word_1_55' title='bbox 1171 1102 1186 1120; x_wconf 93' lang='lat'><strong>.</strong></span> <span class='ocrx_word' id='word_1_56' title='bbox 1213 1104 1228 1122; x_wconf 87' lang='lat'>.</span> <span class='ocrx_word' id='word_1_57' title='bbox 1280 1055 1604 1136; x_wconf 70' lang='grc' dir='ltr'><strong><em>ἀσμένη.</em></strong></span> 
     </span>
    </p>
   </div>
   <div class='ocr_carea' id='block_1_4' title="bbox 351 1287 1032 1367">
    <p class='ocr_par' dir='ltr' id='par_1_4' title="bbox 351 1287 1032 1367">
     <span class='ocr_line' id='line_1_8' title="bbox 351 1287 1032 1367; baseline 0 -11"><span class='ocrx_word' id='word_1_58' title='bbox 351 1287 699 1367; x_wconf 69' lang='lat' dir='ltr'><strong>Eunones,</strong></span> <span class='ocrx_word' id='word_1_59' title='bbox 746 1289 826 1354; x_wconf 88' lang='lat' dir='ltr'><strong>fr.</strong></span> <span class='ocrx_word' id='word_1_60' title='bbox 877 1287 939 1365; x_wconf 87' lang='grc'><strong>9,</strong></span> <span class='ocrx_word' id='word_1_61' title='bbox 989 1287 1032 1356; x_wconf 83' lang='grc'><strong>3</strong></span> 
     </span>
    </p>
   </div>
   <div class='ocr_carea' id='block_1_5' title="bbox 260 1396 2644 1696">
    <p class='ocr_par' dir='ltr' id='par_1_5' title="bbox 260 1396 2644 1696">
     <span class='ocr_line' id='line_1_9' title="bbox 628 1396 2030 1479; baseline 0.001 -17"><span class='ocrx_word' id='word_1_62' title='bbox 628 1396 887 1462; x_wconf 80' lang='grc' dir='ltr'><strong><em>δύναται</em></strong></span> <span class='ocrx_word' id='word_1_63' title='bbox 933 1406 1268 1464; x_wconf 71' lang='grc' dir='ltr'><strong><em>καταπιεῖν</em></strong></span> <span class='ocrx_word' id='word_1_64' title='bbox 1315 1398 1383 1462; x_wconf 71' lang='grc' dir='ltr'><strong>ἐκ</strong></span> <span class='ocrx_word' id='word_1_65' title='bbox 1427 1396 1679 1479; x_wconf 79' lang='grc' dir='ltr'><strong><em>ζεόντων</em></strong></span> <span class='ocrx_word' id='word_1_66' title='bbox 1725 1397 2030 1464; x_wconf 73' lang='grc' dir='ltr'><strong><em>λοπαδίων</em></strong></span> 
     </span>
     <span class='ocr_line' id='line_1_10' title="bbox 629 1499 2256 1584; baseline 0 -15"><span class='ocrx_word' id='word_1_67' title='bbox 629 1501 856 1583; x_wconf 63' lang='grc' dir='ltr'><strong>ἅθρουςο</strong></span> <span class='ocrx_word' id='word_1_68' title='bbox 884 1504 1250 1584; x_wconf 70' lang='grc' dir='ltr'><strong><em>τεμαχίτας</em></strong></span> <span class='ocrx_word' id='word_1_69' title='bbox 1270 1551 1288 1584; x_wconf 89' lang='grc'><em>,</em></span> <span class='ocrx_word' id='word_1_70' title='bbox 1335 1502 1507 1569; x_wconf 73' lang='grc' dir='ltr'><strong>ὥστ’</strong></span> <span class='ocrx_word' id='word_1_71' title='bbox 1555 1505 1631 1569; x_wconf 79' lang='grc' dir='ltr'><strong>ἐν</strong></span> <span class='ocrx_word' id='word_1_72' title='bbox 1647 1529 1677 1569; x_wconf 91' lang='grc' dir='ltr'><strong><em>ε</em></strong></span> <span class='ocrx_word' id='word_1_73' title='bbox 1694 1511 1763 1569; x_wconf 76' lang='grc' dir='ltr'><strong>ἲν</strong></span> <span class='ocrx_word' id='word_1_74' title='bbox 1781 1527 1824 1569; x_wconf 81' lang='grc' dir='ltr'><strong><em>α</em></strong></span> <span class='ocrx_word' id='word_1_75' title='bbox 1844 1526 1862 1568; x_wconf 94' lang='grc' dir='ltr'><strong><em>ι</em></strong></span> <span class='ocrx_word' id='word_1_76' title='bbox 1909 1529 1960 1582; x_wconf 88' lang='grc' dir='ltr'><strong><em>μ</em></strong></span> <span class='ocrx_word' id='word_1_77' title='bbox 1978 1503 2106 1580; x_wconf 66' lang='grc' dir='ltr'><strong>ηδε</strong></span> <span class='ocrx_word' id='word_1_78' title='bbox 2152 1499 2256 1571; x_wconf 82' lang='grc' dir='ltr'><strong>ἓν.</strong></span> 
     </span>
     <span class='ocr_line' id='line_1_11' title="bbox 260 1606 2644 1696; baseline 0 -21"><span class='ocrx_word' id='word_1_79' title='bbox 260 1606 546 1676; x_wconf 86' lang='lat' dir='ltr'><strong>Ooraesii</strong></span> <span class='ocrx_word' id='word_1_80' title='bbox 585 1613 942 1675; x_wconf 82' lang='lat' dir='ltr'><strong>coniectura</strong></span> <span class='ocrx_word' id='word_1_81' title='bbox 987 1608 1031 1672; x_wconf 71' lang='grc' dir='ltr'><strong>ὦ*</strong></span> <span class='ocrx_word' id='word_1_82' title='bbox 1047 1634 1086 1676; x_wconf 74' lang='lat' dir='ltr'><strong>c</strong></span> <span class='ocrx_word' id='word_1_83' title='bbox 1106 1635 1146 1674; x_wconf 84' lang='grc' dir='ltr'><strong><em>τ</em></strong></span> <span class='ocrx_word' id='word_1_84' title='bbox 1163 1635 1193 1676; x_wconf 87' lang='grc' dir='ltr'><strong><em>ε</em></strong></span> <span class='ocrx_word' id='word_1_85' title='bbox 1237 1636 1290 1688; x_wconf 81' lang='grc' dir='ltr'><strong>μ,</strong></span> <span class='ocrx_word' id='word_1_86' title='bbox 1307 1636 1336 1675; x_wconf 82' lang='grc' dir='ltr'><strong><em>ε</em></strong></span> <span class='ocrx_word' id='word_1_87' title='bbox 1351 1619 1419 1676; x_wconf 76' lang='grc' dir='ltr'><strong><em>ἲν</em></strong></span> <span class='ocrx_word' id='word_1_88' title='bbox 1436 1634 1479 1676; x_wconf 78' lang='grc' dir='ltr'><strong><em>α</em></strong></span> <span class='ocrx_word' id='word_1_89' title='bbox 1501 1635 1520 1675; x_wconf 86' lang='grc' dir='ltr'><strong><em>ι</em></strong></span> <span class='ocrx_word' id='word_1_90' title='bbox 1567 1636 1619 1688; x_wconf 81' lang='grc' dir='ltr'><strong><em>μ</em></strong></span> <span class='ocrx_word' id='word_1_91' title='bbox 1635 1637 1669 1685; x_wconf 74' lang='lat' dir='ltr'><em>n</em></span> <span class='ocrx_word' id='word_1_92' title='bbox 1686 1610 1765 1676; x_wconf 73' lang='grc' dir='ltr'><strong>δὲ</strong></span> <span class='ocrx_word' id='word_1_93' title='bbox 1811 1608 1841 1676; x_wconf 79' lang='grc' dir='ltr'>ἔ</span> <span class='ocrx_word' id='word_1_94' title='bbox 1858 1635 1889 1674; x_wconf 90' lang='grc' dir='ltr'><strong>ν</strong></span> <span class='ocrx_word' id='word_1_95' title='bbox 1934 1629 2154 1678; x_wconf 83' lang='lat' dir='ltr'><strong>vereor</strong></span> <span class='ocrx_word' id='word_1_96' title='bbox 2199 1617 2275 1676; x_wconf 91' lang='lat' dir='ltr'><strong>ut</strong></span> <span class='ocrx_word' id='word_1_97' title='bbox 2319 1630 2470 1678; x_wconf 81' lang='lat' dir='ltr'><strong>vera</strong></span> <span class='ocrx_word' id='word_1_98' title='bbox 2516 1611 2606 1676; x_wconf 87' lang='lat' dir='ltr'><strong>sit</strong></span> <span class='ocrx_word' id='word_1_99' title='bbox 2622 1659 2644 1696; x_wconf 87' lang='lat'>,</span> 
     </span>
    </p>
   </div>
   <div class='ocr_carea' id='block_1_6' title="bbox 258 1709 2642 1901">
    <p class='ocr_par' dir='ltr' id='par_1_6' title="bbox 258 1709 2642 1901">
     <span class='ocr_line' id='line_1_12' title="bbox 258 1709 2642 1802; baseline 0 -20"><span class='ocrx_word' id='word_1_100' title='bbox 258 1735 414 1782; x_wconf 86' lang='lat' dir='ltr'><strong>cum</strong></span> <span class='ocrx_word' id='word_1_101' title='bbox 471 1709 706 1781; x_wconf 83' lang='lat' dir='ltr'><strong>Graece</strong></span> <span class='ocrx_word' id='word_1_102' title='bbox 749 1715 879 1781; x_wconf 92' lang='lat' dir='ltr'><strong>dici</strong></span> <span class='ocrx_word' id='word_1_103' title='bbox 923 1715 1124 1782; x_wconf 78' lang='lat' dir='ltr'><strong>soleat</strong></span> <span class='ocrx_word' id='word_1_104' title='bbox 1166 1715 1308 1781; x_wconf 77' lang='grc' dir='ltr'><strong>ὥστ’</strong></span> <span class='ocrx_word' id='word_1_105' title='bbox 1358 1718 1453 1794; x_wconf 76' lang='grc' dir='ltr'><strong>ἐμ</strong></span> <span class='ocrx_word' id='word_1_106' title='bbox 1471 1741 1567 1795; x_wconf 81' lang='grc' dir='ltr'><strong>με</strong></span> <span class='ocrx_word' id='word_1_107' title='bbox 1585 1725 1655 1782; x_wconf 68' lang='lat' dir='ltr'><strong>fv</strong></span> <span class='ocrx_word' id='word_1_108' title='bbox 1674 1739 1770 1782; x_wconf 78' lang='grc' dir='ltr'><strong><em>ιιι.</em></strong></span> <span class='ocrx_word' id='word_1_109' title='bbox 1822 1716 2163 1802; x_wconf 81' lang='lat' dir='ltr'><strong>Propterea</strong></span> <span class='ocrx_word' id='word_1_110' title='bbox 2210 1719 2448 1784; x_wconf 88' lang='lat' dir='ltr'><strong>conieci</strong></span> <span class='ocrx_word' id='word_1_111' title='bbox 2495 1713 2642 1783; x_wconf 76' lang='grc' dir='ltr'><strong>ὥστ’</strong></span> 
     </span>
     <span class='ocr_line' id='line_1_13' title="bbox 259 1819 975 1901; baseline 0.001 -15"><span class='ocrx_word' id='word_1_112' title='bbox 259 1821 481 1887; x_wconf 62' lang='grc' dir='ltr'><strong><em>ἐνεῖναι</em></strong></span> <span class='ocrx_word' id='word_1_113' title='bbox 527 1820 704 1901; x_wconf 74' lang='grc' dir='ltr'><strong>μηδ’</strong></span> <span class='ocrx_word' id='word_1_114' title='bbox 749 1821 847 1887; x_wconf 79' lang='grc' dir='ltr'><strong>ἔθ’</strong></span> <span class='ocrx_word' id='word_1_115' title='bbox 893 1819 975 1888; x_wconf 77' lang='grc' dir='ltr'><strong>ἓν.</strong></span> 
     </span>
    </p>
   </div>
   <div class='ocr_carea' id='block_1_7' title="bbox 352 2069 930 2158">
    <p class='ocr_par' dir='ltr' id='par_1_7' title="bbox 352 2069 930 2158">
     <span class='ocr_line' id='line_1_14' title="bbox 352 2069 930 2158; baseline -0.007 -18"><span class='ocrx_word' id='word_1_116' title='bbox 352 2072 536 2140; x_wconf 87' lang='lat' dir='ltr'><strong>Idem</strong></span> <span class='ocrx_word' id='word_1_117' title='bbox 581 2071 658 2140; x_wconf 84' lang='lat' dir='ltr'><strong>fr.</strong></span> <span class='ocrx_word' id='word_1_118' title='bbox 710 2069 820 2158; x_wconf 79' lang='lat'><strong>3¹7,</strong></span> <span class='ocrx_word' id='word_1_119' title='bbox 866 2069 930 2138; x_wconf 92' lang='grc'><strong>2.</strong></span> 
     </span>
    </p>
   </div>
   <div class='ocr_carea' id='block_1_8' title="bbox 257 2149 2644 2479">
    <p class='ocr_par' dir='ltr' id='par_1_8' title="bbox 257 2149 2644 2479">
     <span class='ocr_line' id='line_1_15' title="bbox 1469 2149 2231 2258; baseline -0.001 -14"><span class='ocrx_word' id='word_1_120' title='bbox 1469 2176 1548 2245; x_wconf 76' lang='grc' dir='ltr'><strong>αἵ</strong></span> <span class='ocrx_word' id='word_1_121' title='bbox 1582 2203 1653 2244; x_wconf 84' lang='grc' dir='ltr'><strong>τε</strong></span> <span class='ocrx_word' id='word_1_122' title='bbox 1703 2149 2231 2258; x_wconf 64' lang='grc' dir='ltr'><strong><em>λιμνοσιὸματοι.</em></strong></span> 
     </span>
     <span class='ocr_line' id='line_1_16' title="bbox 257 2283 2642 2374; baseline -0 -23"><span class='ocrx_word' id='word_1_123' title='bbox 257 2284 611 2352; x_wconf 86' lang='lat' dir='ltr'><strong>Infeliciter</strong></span> <span class='ocrx_word' id='word_1_124' title='bbox 667 2283 852 2352; x_wconf 80' lang='lat' dir='ltr'><strong>Kock</strong></span> <span class='ocrx_word' id='word_1_125' title='bbox 911 2287 1428 2366; x_wconf 75' lang='grc' dir='ltr'><strong><em>χιονοσώματοι.</em></strong></span> <span class='ocrx_word' id='word_1_126' title='bbox 1492 2286 1662 2352; x_wconf 88' lang='lat' dir='ltr'><strong>Nam</strong></span> <span class='ocrx_word' id='word_1_127' title='bbox 1726 2288 1781 2352; x_wconf 85' lang='lat' dir='ltr'><strong>si</strong></span> <span class='ocrx_word' id='word_1_128' title='bbox 1841 2292 2011 2353; x_wconf 85' lang='lat' dir='ltr'><strong>recte</strong></span> <span class='ocrx_word' id='word_1_129' title='bbox 2056 2283 2380 2374; x_wconf 75' lang='lat' dir='ltr'><strong>anguillae</strong></span> <span class='ocrx_word' id='word_1_130' title='bbox 2428 2285 2505 2350; x_wconf 89' lang='lat' dir='ltr'><strong>fr.</strong></span> <span class='ocrx_word' id='word_1_131' title='bbox 2555 2283 2642 2351; x_wconf 82' lang='lat'><strong>35</strong></span> 
     </span>
     <span class='ocr_line' id='line_1_17' title="bbox 258 2392 2644 2479; baseline 0 -21"><span class='ocrx_word' id='word_1_132' title='bbox 258 2392 680 2473; x_wconf 77' lang='grc' dir='ltr'><strong><em>λευκόχρωτες</em></strong></span> <span class='ocrx_word' id='word_1_133' title='bbox 753 2393 960 2458; x_wconf 82' lang='lat' dir='ltr'><strong>dictae</strong></span> <span class='ocrx_word' id='word_1_134' title='bbox 1029 2399 1208 2470; x_wconf 85' lang='lat' dir='ltr'><strong>sunt,</strong></span> <span class='ocrx_word' id='word_1_135' title='bbox 1279 2395 1551 2459; x_wconf 88' lang='lat' dir='ltr'><strong>minime</strong></span> <span class='ocrx_word' id='word_1_136' title='bbox 1619 2394 1767 2459; x_wconf 88' lang='lat' dir='ltr'><strong>inde</strong></span> <span class='ocrx_word' id='word_1_137' title='bbox 1828 2396 2116 2479; x_wconf 86' lang='lat' dir='ltr'><strong>sequitur</strong></span> <span class='ocrx_word' id='word_1_138' title='bbox 2176 2392 2303 2458; x_wconf 88' lang='lat' dir='ltr'><strong>dici</strong></span> <span class='ocrx_word' id='word_1_139' title='bbox 2362 2394 2644 2479; x_wconf 79' lang='lat' dir='ltr'><strong>potuisse</strong></span> 
     </span>
    </p>
   </div>
   <div class='ocr_carea' id='block_1_9' title="bbox 259 2498 2643 2687">
    <p class='ocr_par' dir='ltr' id='par_1_9' title="bbox 259 2498 2643 2687">
     <span class='ocr_line' id='line_1_18' title="bbox 259 2498 2643 2585; baseline 0 -20"><span class='ocrx_word' id='word_1_140' title='bbox 259 2501 433 2567; x_wconf 74' lang='lat' dir='ltr'><strong>niveo</strong></span> <span class='ocrx_word' id='word_1_141' title='bbox 482 2522 738 2585; x_wconf 80' lang='lat' dir='ltr'><strong>corpore.</strong></span> <span class='ocrx_word' id='word_1_142' title='bbox 797 2498 1130 2566; x_wconf 72' lang='lat' dir='ltr'><strong>Praestent</strong></span> <span class='ocrx_word' id='word_1_143' title='bbox 1178 2520 1282 2565; x_wconf 88' lang='lat' dir='ltr'><strong>me</strong></span> <span class='ocrx_word' id='word_1_144' title='bbox 1325 2500 1540 2567; x_wconf 88' lang='lat' dir='ltr'><strong>iudice</strong></span> <span class='ocrx_word' id='word_1_145' title='bbox 1586 2507 1830 2569; x_wconf 85' lang='lat' dir='ltr'><strong>veteres</strong></span> <span class='ocrx_word' id='word_1_146' title='bbox 1876 2503 2273 2568; x_wconf 86' lang='lat' dir='ltr'><strong>coniecturae</strong></span> <span class='ocrx_word' id='word_1_147' title='bbox 2318 2513 2562 2580; x_wconf 74' lang='grc' dir='ltr'><strong><em>λιπαρ</em></strong></span> <span class='ocrx_word' id='word_1_148' title='bbox 2581 2522 2643 2565; x_wconf 86' lang='grc' dir='ltr'><strong>ο-</strong></span> 
     </span>
     <span class='ocr_line' id='line_1_19' title="bbox 259 2594 1903 2687; baseline 0 -14"><span class='ocrx_word' id='word_1_149' title='bbox 259 2607 538 2687; x_wconf 71' lang='grc' dir='ltr'><strong><em>σῶματοι</em></strong></span> <span class='ocrx_word' id='word_1_150' title='bbox 585 2615 651 2673; x_wconf 93' lang='lat' dir='ltr'><strong>et</strong></span> <span class='ocrx_word' id='word_1_151' title='bbox 693 2605 1161 2685; x_wconf 74' lang='grc' dir='ltr'><strong><em>λειοσῶματοι,</em></strong></span> <span class='ocrx_word' id='word_1_152' title='bbox 1888 2594 1903 2607; x_wconf 67' lang='grc'>’</span> 
     </span>
    </p>
   </div>
   <div class='ocr_carea' id='block_1_10' title="bbox 352 2834 794 2905">
    <p class='ocr_par' dir='ltr' id='par_1_10' title="bbox 352 2834 794 2905">
     <span class='ocr_line' id='line_1_20' title="bbox 352 2834 794 2905; baseline -0.011 0"><span class='ocrx_word' id='word_1_153' title='bbox 352 2837 534 2905; x_wconf 88' lang='lat' dir='ltr'><strong>Idem</strong></span> <span class='ocrx_word' id='word_1_154' title='bbox 578 2838 656 2904; x_wconf 81' lang='lat' dir='ltr'><strong>fr.</strong></span> <span class='ocrx_word' id='word_1_155' title='bbox 707 2834 794 2901; x_wconf 82' lang='lat'><strong>42</strong></span> 
     </span>
    </p>
   </div>
   <div class='ocr_carea' id='block_1_11' title="bbox 264 2944 2649 4415">
    <p class='ocr_par' dir='ltr' id='par_1_11' title="bbox 625 2944 2367 3455">
     <span class='ocr_line' id='line_1_21' title="bbox 1539 2944 2367 3025; baseline 0 -14"><span class='ocrx_word' id='word_1_156' title='bbox 1539 2946 1617 3019; x_wconf 80' lang='grc' dir='ltr'><strong>ὥς</strong></span> <span class='ocrx_word' id='word_1_157' title='bbox 1664 2944 1717 3010; x_wconf 73' lang='grc' dir='ltr'><strong>δ’</strong></span> <span class='ocrx_word' id='word_1_158' title='bbox 1765 2944 2021 3011; x_wconf 71' lang='grc' dir='ltr'><strong><em>ἐδείπνει</em></strong></span> <span class='ocrx_word' id='word_1_159' title='bbox 2069 2944 2367 3025; x_wconf 76' lang='grc' dir='ltr'><strong>κοσμίως,</strong></span> 
     </span>
     <span class='ocr_line' id='line_1_22' title="bbox 625 3046 2155 3134; baseline 0.001 -17"><span class='ocrx_word' id='word_1_160' title='bbox 625 3053 747 3133; x_wconf 74' lang='grc' dir='ltr'><strong>οὐχ</strong></span> <span class='ocrx_word' id='word_1_161' title='bbox 793 3046 992 3134; x_wconf 70' lang='grc' dir='ltr'><strong><em>ὥσπερ</em></strong></span> <span class='ocrx_word' id='word_1_162' title='bbox 1040 3049 1298 3118; x_wconf 77' lang='grc' dir='ltr'><strong><em>ἄλλαι</em></strong></span> <span class='ocrx_word' id='word_1_163' title='bbox 1343 3058 1460 3117; x_wconf 78' lang='grc' dir='ltr'><strong>τῶν</strong></span> <span class='ocrx_word' id='word_1_164' title='bbox 1507 3052 1754 3132; x_wconf 72' lang='grc' dir='ltr'><strong><em>πράσων</em></strong></span> <span class='ocrx_word' id='word_1_165' title='bbox 1804 3052 2155 3130; x_wconf 72' lang='grc' dir='ltr'><strong><em>ποιούμεναι</em></strong></span> 
     </span>
     <span class='ocr_line' id='line_1_23' title="bbox 627 3157 2236 3241; baseline 0.001 -18"><span class='ocrx_word' id='word_1_166' title='bbox 627 3158 906 3230; x_wconf 78' lang='grc' dir='ltr'><strong><em>τολύπας</em></strong></span> <span class='ocrx_word' id='word_1_167' title='bbox 954 3157 1216 3225; x_wconf 76' lang='grc' dir='ltr'><strong><em>ἔσαττον</em></strong></span> <span class='ocrx_word' id='word_1_168' title='bbox 1262 3160 1380 3232; x_wconf 73' lang='grc' dir='ltr'><strong>τὰς</strong></span> <span class='ocrx_word' id='word_1_169' title='bbox 1427 3161 1687 3238; x_wconf 70' lang='grc' dir='ltr'><strong><em>γνάθους</em></strong></span> <span class='ocrx_word' id='word_1_170' title='bbox 1740 3159 1844 3225; x_wconf 72' lang='grc' dir='ltr'><strong>καὶ</strong></span> <span class='ocrx_word' id='word_1_171' title='bbox 1891 3161 2009 3225; x_wconf 83' lang='grc' dir='ltr'><strong>τῶν</strong></span> <span class='ocrx_word' id='word_1_172' title='bbox 2056 3164 2236 3241; x_wconf 74' lang='grc' dir='ltr'><strong><em>κρεῶν</em></strong></span> 
     </span>
     <span class='ocr_line' id='line_1_24' title="bbox 627 3265 2098 3349; baseline -0.001 -17"><span class='ocrx_word' id='word_1_173' title='bbox 627 3265 978 3345; x_wconf 68' lang='grc' dir='ltr'><strong><em>ἀπέβρυκον</em></strong></span> <span class='ocrx_word' id='word_1_174' title='bbox 1024 3267 1327 3348; x_wconf 77' lang='grc' dir='ltr'><strong>αἰσχρῶς,</strong></span> <span class='ocrx_word' id='word_1_175' title='bbox 1380 3266 1532 3332; x_wconf 69' lang='grc' dir='ltr'><strong>αλλ’</strong></span> <span class='ocrx_word' id='word_1_176' title='bbox 1583 3265 1843 3333; x_wconf 73' lang='grc' dir='ltr'><strong><em>ἑκάστου</em></strong></span> <span class='ocrx_word' id='word_1_177' title='bbox 1890 3265 2098 3349; x_wconf 79' lang='grc' dir='ltr'><strong><em>μικρὸν</em></strong></span> 
     </span>
     <span class='ocr_line' id='line_1_25' title="bbox 625 3371 2017 3455; baseline 0 -16"><span class='ocrx_word' id='word_1_178' title='bbox 625 3372 700 3439; x_wconf 71' lang='grc' dir='ltr'><strong>ἂν</strong></span> <span class='ocrx_word' id='word_1_179' title='bbox 747 3373 1080 3451; x_wconf 72' lang='grc' dir='ltr'><strong><em>ἀπεγεύεθ’</em></strong></span> <span class='ocrx_word' id='word_1_180' title='bbox 1125 3371 1325 3455; x_wconf 76' lang='grc' dir='ltr'><strong><em>ὥσπερ</em></strong></span> <span class='ocrx_word' id='word_1_181' title='bbox 1372 3374 1658 3452; x_wconf 74' lang='grc' dir='ltr'><strong><em>παρθένος</em></strong></span> <span class='ocrx_word' id='word_1_182' title='bbox 1712 3374 2017 3449; x_wconf 74' lang='grc' dir='ltr'><strong><em>Μιλησία.</em></strong></span> 
     </span>
    </p>

    <p class='ocr_par' dir='ltr' id='par_1_12' title="bbox 264 3477 2649 4415">
     <span class='ocr_line' id='line_1_26' title="bbox 353 3477 2647 3569; baseline -0.001 -22"><span class='ocrx_word' id='word_1_183' title='bbox 353 3481 525 3547; x_wconf 84' lang='lat' dir='ltr'><strong>Nota</strong></span> <span class='ocrx_word' id='word_1_184' title='bbox 591 3478 803 3564; x_wconf 87' lang='lat' dir='ltr'><strong>ellipsi</strong></span> <span class='ocrx_word' id='word_1_185' title='bbox 874 3479 976 3566; x_wconf 88' lang='lat' dir='ltr'><strong>(cf.</strong></span> <span class='ocrx_word' id='word_1_186' title='bbox 1044 3486 1292 3566; x_wconf 88' lang='lat' dir='ltr'><strong>practer</strong></span> <span class='ocrx_word' id='word_1_187' title='bbox 1353 3480 1679 3547; x_wconf 82' lang='lat' dir='ltr'><strong>Kockium</strong></span> <span class='ocrx_word' id='word_1_188' title='bbox 1742 3478 2153 3569; x_wconf 85' lang='lat' dir='ltr'><strong>Heindorfius</strong></span> <span class='ocrx_word' id='word_1_189' title='bbox 2216 3480 2295 3545; x_wconf 89' lang='lat' dir='ltr'><strong>ad</strong></span> <span class='ocrx_word' id='word_1_190' title='bbox 2358 3477 2647 3545; x_wconf 77' lang='lat' dir='ltr'><strong>Platonis</strong></span> 
     </span>
     <span class='ocr_line' id='line_1_27' title="bbox 264 3581 2647 3675; baseline 0 -23"><span class='ocrx_word' id='word_1_191' title='bbox 264 3581 462 3675; x_wconf 78' lang='lat' dir='ltr'><strong>Gorg.</strong></span> <span class='ocrx_word' id='word_1_192' title='bbox 532 3584 662 3651; x_wconf 82' lang='lat'><strong>522</strong></span> <span class='ocrx_word' id='word_1_193' title='bbox 713 3598 764 3651; x_wconf 80' lang='lat' dir='ltr'>A</span> <span class='ocrx_word' id='word_1_194' title='bbox 829 3593 894 3651; x_wconf 86' lang='lat' dir='ltr'><strong>et</strong></span> <span class='ocrx_word' id='word_1_195' title='bbox 957 3584 1342 3651; x_wconf 84' lang='lat' dir='ltr'><strong>Stallbaum.</strong></span> <span class='ocrx_word' id='word_1_196' title='bbox 1409 3591 1599 3672; x_wconf 86' lang='lat' dir='ltr'><strong>atque</strong></span> <span class='ocrx_word' id='word_1_197' title='bbox 1657 3586 1956 3674; x_wconf 83' lang='lat' dir='ltr'><strong>Hugium</strong></span> <span class='ocrx_word' id='word_1_198' title='bbox 2005 3586 2083 3653; x_wconf 88' lang='lat' dir='ltr'><strong>ad</strong></span> <span class='ocrx_word' id='word_1_199' title='bbox 2133 3584 2331 3654; x_wconf 83' lang='lat' dir='ltr'><strong>Oonv.</strong></span> <span class='ocrx_word' id='word_1_200' title='bbox 2387 3584 2515 3652; x_wconf 85' lang='lat'><strong>1¹79</strong></span> <span class='ocrx_word' id='word_1_201' title='bbox 2562 3584 2647 3674; x_wconf 86' lang='lat' dir='ltr'><strong>E)</strong></span> 
     </span>
     <span class='ocr_line' id='line_1_28' title="bbox 265 3689 2649 3777; baseline 0.001 -20"><span class='ocrx_word' id='word_1_202' title='bbox 265 3694 388 3775; x_wconf 78' lang='grc' dir='ltr'><strong>οὐχ</strong></span> <span class='ocrx_word' id='word_1_203' title='bbox 433 3690 629 3771; x_wconf 75' lang='grc' dir='ltr'><strong><em>ὥσπερ</em></strong></span> <span class='ocrx_word' id='word_1_204' title='bbox 674 3689 1008 3777; x_wconf 79' lang='lat' dir='ltr'><strong>respondet</strong></span> <span class='ocrx_word' id='word_1_205' title='bbox 1046 3690 1356 3757; x_wconf 84' lang='lat' dir='ltr'><strong>formulae</strong></span> <span class='ocrx_word' id='word_1_206' title='bbox 1395 3692 1661 3759; x_wconf 81' lang='lat' dir='ltr'><strong>Latinae</strong></span> <span class='ocrx_word' id='word_1_207' title='bbox 1702 3716 1829 3757; x_wconf 81' lang='lat' dir='ltr'><strong>cum</strong></span> <span class='ocrx_word' id='word_1_208' title='bbox 1872 3701 2096 3759; x_wconf 73' lang='lat' dir='ltr'><strong>contra.</strong></span> <span class='ocrx_word' id='word_1_209' title='bbox 2140 3689 2649 3759; x_wconf 75' lang='lat' dir='ltr'><strong>Consentaneum</strong></span> 
     </span>
     <span class='ocr_line' id='line_1_29' title="bbox 267 3796 2647 3884; baseline 0 -21"><span class='ocrx_word' id='word_1_210' title='bbox 267 3804 364 3865; x_wconf 88' lang='lat' dir='ltr'><strong>est</strong></span> <span class='ocrx_word' id='word_1_211' title='bbox 408 3806 522 3877; x_wconf 87' lang='lat' dir='ltr'><strong>ut,</strong></span> <span class='ocrx_word' id='word_1_212' title='bbox 566 3801 622 3864; x_wconf 87' lang='lat' dir='ltr'><strong>si</strong></span> <span class='ocrx_word' id='word_1_213' title='bbox 669 3804 836 3865; x_wconf 88' lang='lat' dir='ltr'><strong>recte</strong></span> <span class='ocrx_word' id='word_1_214' title='bbox 881 3798 1086 3864; x_wconf 84' lang='lat' dir='ltr'><strong>editor</strong></span> <span class='ocrx_word' id='word_1_215' title='bbox 1129 3798 1342 3864; x_wconf 86' lang='lat' dir='ltr'><strong>locum</strong></span> <span class='ocrx_word' id='word_1_216' title='bbox 1389 3798 1631 3863; x_wconf 82' lang='lat' dir='ltr'><strong>Eubuli</strong></span> <span class='ocrx_word' id='word_1_217' title='bbox 1678 3799 1883 3865; x_wconf 85' lang='lat' dir='ltr'><strong>tuitus</strong></span> <span class='ocrx_word' id='word_1_218' title='bbox 1930 3806 2063 3884; x_wconf 84' lang='lat' dir='ltr'><strong>est,</strong></span> <span class='ocrx_word' id='word_1_219' title='bbox 2112 3796 2312 3864; x_wconf 74' lang='grc' dir='ltr'><strong><em>ἄλλαι</em></strong></span> <span class='ocrx_word' id='word_1_220' title='bbox 2372 3818 2497 3865; x_wconf 89' lang='lat' dir='ltr'><strong>non</strong></span> <span class='ocrx_word' id='word_1_221' title='bbox 2560 3800 2647 3864; x_wconf 85' lang='lat' dir='ltr'><strong>si-</strong></span> 
     </span>
     <span class='ocr_line' id='line_1_30' title="bbox 266 3902 2646 3993; baseline 0.001 -25"><span class='ocrx_word' id='word_1_222' title='bbox 266 3902 561 3989; x_wconf 79' lang='lat' dir='ltr'><strong>gnificet,</strong></span> <span class='ocrx_word' id='word_1_223' title='bbox 610 3904 777 3989; x_wconf 89' lang='lat' dir='ltr'><strong>quod</strong></span> <span class='ocrx_word' id='word_1_224' title='bbox 826 3902 980 3970; x_wconf 89' lang='lat' dir='ltr'><strong>olim</strong></span> <span class='ocrx_word' id='word_1_225' title='bbox 1031 3904 1370 3989; x_wconf 86' lang='lat' dir='ltr'><strong>putabam,</strong></span> <span class='ocrx_word' id='word_1_226' title='bbox 1419 3904 1722 3971; x_wconf 85' lang='lat' dir='ltr'><strong>mulieres</strong></span> <span class='ocrx_word' id='word_1_227' title='bbox 1762 3907 1831 3970; x_wconf 88' lang='lat' dir='ltr'><strong>in</strong></span> <span class='ocrx_word' id='word_1_228' title='bbox 1877 3926 2116 3993; x_wconf 82' lang='lat' dir='ltr'><strong>genus,</strong></span> <span class='ocrx_word' id='word_1_229' title='bbox 2164 3909 2255 3971; x_wconf 86' lang='lat' dir='ltr'><strong>ita</strong></span> <span class='ocrx_word' id='word_1_230' title='bbox 2303 3907 2477 3972; x_wconf 89' lang='lat' dir='ltr'><strong>enim</strong></span> <span class='ocrx_word' id='word_1_231' title='bbox 2514 3907 2646 3970; x_wconf 90' lang='lat' dir='ltr'><strong>im-</strong></span> 
     </span>
     <span class='ocr_line' id='line_1_31' title="bbox 268 4007 2649 4097; baseline 0.003 -24"><span class='ocrx_word' id='word_1_232' title='bbox 268 4008 527 4091; x_wconf 85' lang='lat' dir='ltr'><strong>perfecti</strong></span> <span class='ocrx_word' id='word_1_233' title='bbox 586 4030 789 4097; x_wconf 79' lang='lat' dir='ltr'><strong>genus</strong></span> <span class='ocrx_word' id='word_1_234' title='bbox 852 4007 1096 4095; x_wconf 77' lang='lat' dir='ltr'><strong>plurale</strong></span> <span class='ocrx_word' id='word_1_235' title='bbox 1155 4016 1324 4076; x_wconf 86' lang='lat' dir='ltr'><strong>stare</strong></span> <span class='ocrx_word' id='word_1_236' title='bbox 1381 4030 1504 4077; x_wconf 89' lang='lat' dir='ltr'><strong>non</strong></span> <span class='ocrx_word' id='word_1_237' title='bbox 1569 4030 1749 4097; x_wconf 86' lang='lat' dir='ltr'><strong>posse</strong></span> <span class='ocrx_word' id='word_1_238' title='bbox 1813 4011 2097 4097; x_wconf 83' lang='lat' dir='ltr'><strong>videtur,</strong></span> <span class='ocrx_word' id='word_1_239' title='bbox 2144 4011 2254 4078; x_wconf 81' lang='lat' dir='ltr'><strong>sed</strong></span> <span class='ocrx_word' id='word_1_240' title='bbox 2302 4011 2459 4079; x_wconf 87' lang='lat' dir='ltr'><strong>alias</strong></span> <span class='ocrx_word' id='word_1_241' title='bbox 2506 4030 2649 4079; x_wconf 83' lang='lat' dir='ltr'><strong>mu-</strong></span> 
     </span>
     <span class='ocr_line' id='line_1_32' title="bbox 267 4110 2649 4216; baseline 0.003 -40"><span class='ocrx_word' id='word_1_242' title='bbox 267 4110 450 4180; x_wconf 89' lang='lat' dir='ltr'><strong>lieres</strong></span> <span class='ocrx_word' id='word_1_243' title='bbox 517 4135 644 4181; x_wconf 87' lang='lat' dir='ltr'><strong>una</strong></span> <span class='ocrx_word' id='word_1_244' title='bbox 713 4120 1044 4181; x_wconf 82' lang='lat' dir='ltr'><strong>coenantes</strong></span> <span class='ocrx_word' id='word_1_245' title='bbox 1064 4164 1081 4199; x_wconf 92' lang='lat'>,</span> <span class='ocrx_word' id='word_1_246' title='bbox 1152 4135 1189 4179; x_wconf 84' lang='lat' dir='ltr'><strong>a</strong></span> <span class='ocrx_word' id='word_1_247' title='bbox 1258 4135 1528 4201; x_wconf 87' lang='lat' dir='ltr'><strong>quarum</strong></span> <span class='ocrx_word' id='word_1_248' title='bbox 1601 4116 1887 4216; x_wconf 67' lang='lat' dir='ltr'><strong>moribus</strong></span> <span class='ocrx_word' id='word_1_249' title='bbox 1956 4119 2243 4184; x_wconf 85' lang='lat' dir='ltr'><strong>modesta</strong></span> <span class='ocrx_word' id='word_1_250' title='bbox 2308 4116 2427 4183; x_wconf 85' lang='lat' dir='ltr'><strong>illa</strong></span> <span class='ocrx_word' id='word_1_251' title='bbox 2486 4136 2649 4202; x_wconf 85' lang='lat' dir='ltr'><strong>quae</strong></span> 
     </span>
     <span class='ocr_line' id='line_1_33' title="bbox 270 4214 2648 4312; baseline 0.003 -30"><span class='ocrx_word' id='word_1_252' title='bbox 270 4214 563 4286; x_wconf 82' lang='lat' dir='ltr'><strong>laudatur</strong></span> <span class='ocrx_word' id='word_1_253' title='bbox 623 4242 662 4287; x_wconf 84' lang='lat' dir='ltr'><strong>a</strong></span> <span class='ocrx_word' id='word_1_254' title='bbox 723 4227 908 4308; x_wconf 84' lang='lat' dir='ltr'><strong>poeta</strong></span> <span class='ocrx_word' id='word_1_255' title='bbox 951 4220 1190 4287; x_wconf 89' lang='lat' dir='ltr'><strong>mulier</strong></span> <span class='ocrx_word' id='word_1_256' title='bbox 1233 4221 1617 4289; x_wconf 83' lang='lat' dir='ltr'><strong>abhorreret.</strong></span> <span class='ocrx_word' id='word_1_257' title='bbox 1668 4220 1850 4303; x_wconf 84' lang='lat' dir='ltr'><strong>Quod</strong></span> <span class='ocrx_word' id='word_1_258' title='bbox 1896 4224 1952 4289; x_wconf 85' lang='lat' dir='ltr'><strong>si</strong></span> <span class='ocrx_word' id='word_1_259' title='bbox 1999 4224 2207 4291; x_wconf 84' lang='lat' dir='ltr'><strong>voluit</strong></span> <span class='ocrx_word' id='word_1_260' title='bbox 2252 4220 2648 4312; x_wconf 78' lang='lat' dir='ltr'><strong>siguificare,</strong></span> 
     </span>
     <span class='ocr_line' id='line_1_34' title="bbox 273 4326 2093 4415; baseline 0.003 -26"><span class='ocrx_word' id='word_1_261' title='bbox 273 4327 478 4393; x_wconf 85' lang='lat' dir='ltr'><strong>nescio</strong></span> <span class='ocrx_word' id='word_1_262' title='bbox 521 4326 650 4395; x_wconf 84' lang='lat' dir='ltr'><strong>fere</strong></span> <span class='ocrx_word' id='word_1_263' title='bbox 698 4348 776 4393; x_wconf 80' lang='lat' dir='ltr'><strong>an</strong></span> <span class='ocrx_word' id='word_1_264' title='bbox 824 4333 1075 4395; x_wconf 82' lang='lat' dir='ltr'><strong>mutato</strong></span> <span class='ocrx_word' id='word_1_265' title='bbox 1121 4330 1352 4414; x_wconf 83' lang='lat' dir='ltr'><strong>spiritu</strong></span> <span class='ocrx_word' id='word_1_266' title='bbox 1397 4328 1738 4395; x_wconf 88' lang='lat' dir='ltr'><strong>rescribere</strong></span> <span class='ocrx_word' id='word_1_267' title='bbox 1784 4334 2093 4415; x_wconf 82' lang='lat' dir='ltr'><strong>praestet:</strong></span> 
     </span>
    </p>
   </div>
  </div>
 </body>
</html>
