3150 5000
593 290 724 357 308
1658 307 1901 360 mosao.

589 494 805 540 amore
863 475 1290 561 ingenuorum
1351 472 1551 538 libido
1612 475 1809 538 stiam
1872 473 2249 556 permissam
2311 472 2505 539 habet
2566 479 2632 538 et
2690 474 2943 539 solutam

587 578 951 648 licentiam:
1003 578 1486 644 Lacedaemonii
1531 577 1715 664 ipsi'',
1768 575 1908 644 rell.
1950 577 2292 644 delendum
2326 579 2585 645 videtur
2608 581 2781 665 prius
2804 581 2949 664 apud

587 684 756 770 quod
819 683 1093 772 diligens
1155 683 1452 771 loquendi
1513 686 1678 750 ratio
1723 704 1849 749 non
1895 685 2019 749 fert
2035 733 2054 768 ,
2102 685 2476 770 praesertim
2524 705 2671 752 cum
2718 688 2947 771 saepius

590 811 796 865 errore
857 792 955 856 bis
1017 790 1190 856 idem
1248 789 1635 857 vocabulum
1698 792 1893 856 etiam
1956 791 2023 855 in
2072 790 2174 856 bis
2218 790 2403 856 libris
2448 793 2727 876 positum
2772 795 2853 856 sit
2890 797 2949 858 et

587 899 878 984 proxime
939 898 1105 982 apud
1161 904 1478 982 sequatur.
1553 893 1653 962 Of.
1702 915 1894 980 supra
1938 895 2017 960 ad
2062 895 2119 961 Ι.
2171 897 2278 963 47.
2348 895 2525 962 Infra
2573 896 2647 961 V.
2696 901 2772 965 3:
2824 902 2950 982 „qui

587 1008 795 1070 essent
833 1004 998 1089 regii
1034 1003 1140 1084 qui
1173 1001 1652 1087 colerenturque
1690 1003 1827 1066 sine
1864 1021 2093 1088 reg-um
2134 1000 2367 1088 opera”
2391 1001 2629 1068 vitium
2652 1003 2821 1068 idem
2844 1009 2945 1070 est.

679 1108 871 1174 Libro
933 1107 987 1172 V
1033 1129 1096 1194 p.
1145 1106 1277 1174 247
1325 1129 1418 1193 sq.
1471 1107 1869 1194 paragrapho
1919 1106 1959 1172 3
2008 1107 2087 1172 de
2131 1109 2393 1196 regibus
2441 1111 2667 1194 priscis
2714 1112 2943 1199 agitur:

591 1215 714 1292 „ob
763 1234 993 1298 sasque
1039 1234 1258 1282 causas
1306 1214 1407 1299 (ut
1453 1215 1583 1278 iuri
1628 1212 1902 1279 dicundo
1949 1231 2175 1280 vacare
2219 1215 2499 1300 possent)
2546 1217 2687 1302 agri
2724 1218 2857 1281 arvi
2892 1221 2947 1280 et

587 1323 830 1386 arbusti
893 1327 957 1385 et
1017 1322 1238 1406 pascui
1301 1319 1420 1386 lati
1481 1327 1673 1404 atque
1726 1318 1951 1384 uberes
2018 1318 2510 1397 definiebantur,
2584 1324 2696 1406 qui
2762 1327 2951 1388 essent

587 1425 817 1513 regii”.
890 1425 1074 1491 Nihil
1133 1429 1202 1491 in
1261 1427 1400 1511 ipsa
1461 1423 1917 1490 vocabulorum
1981 1425 2185 1490 forma
2239 1425 2569 1512 prohibet,
2629 1432 2949 1513 quominus

588 1534 868 1598 arbastus
929 1552 1124 1616 aeque
1185 1539 1375 1616 atque
1437 1553 1620 1596 arvus
1680 1533 1785 1616 (=
1806 1531 2014 1616 arnus)
2060 1538 2130 1596 et
2172 1554 2432 1615 pascum
2476 1533 2791 1602 adiectiva
2834 1557 2951 1602 esse

587 1645 925 1726 putemus;
987 1638 1246 1703 fuerunt
1312 1638 1392 1703 ab
1454 1637 1703 1724 origine
1748 1639 1883 1701 sine
1929 1636 2123 1702 dubio
2170 1637 2506 1706 adiectiva.
2581 1637 2748 1706 Cum
2794 1643 2949 1706 arbu-

585 1753 714 1808 atus
742 1745 820 1811 cf.
857 1751 1138 1818 onmem,
1181 1753 1470 1824 suquatur
1488 1792 1506 1827 ,
1547 1744 1858 1820 robustus,
1882 1745 2121 1820 simm„
2146 1763 2296 1808 cum
2322 1766 2510 1808 arum
2534 1747 2640 1830 (ab
2664 1748 2945 1834 arando):

587 1851 845 1916 caedum
861 1899 879 1934 ,
942 1851 1226 1915 dividuus
1246 1899 1264 1927 ,
1329 1848 1457 1914 alia
1473 1896 1489 1924 ,
1559 1869 1708 1913 cum
1764 1870 2027 1930 pascuus
2041 1873 2062 1913 .·
2123 1871 2499 1933 compascmu
2513 1897 2532 1928 ,
2605 1854 2775 1937 quod
2839 1873 2949 1919 non

587 1959 804 2023 minus
870 1977 1062 2042 quam
1133 1956 1256 2021 loci
1325 1976 1364 2020 a
1432 1952 1902 2041 lexicographis
1968 1954 2215 2020 laudati
2274 1955 2517 2041 (Plaut.
2582 1955 2771 2024 True.
2838 1957 2947 2024 149

591 2083 755 2142 „non
819 2083 1006 2127 aruos
1065 2062 1171 2126 hic
1231 2061 1340 2126 sed
1400 2080 1667 2146 pascuos
1722 2080 1877 2146 ager
1936 2059 2096 2136 est”‚
2162 2059 2350 2126 Lucr.
2410 2061 2483 2126 V.
2537 2062 2711 2128 1248
2760 2065 2949 2131 ambi·
3064 2121 3066 2132 .

585 2169 820 2256 guum)
881 2167 1116 2232 indicio
1176 2171 1302 2244 est,
1367 2167 1755 2231 adiectivum
1818 2168 1885 2230 in
1956 2185 2077 2231 usu
2150 2166 2369 2244 fuisse;
2446 2168 2557 2233 sed
2626 2170 2777 2236 hinc
2842 2191 2946 2236 non
3064 2237 3066 2260 γ

585 2276 874 2358 sequitur
935 2270 1300 2338 Ciceronem
1367 2292 1617 2357 quoque
1685 2273 1829 2336 istis
1892 2271 2224 2337 adiectivis
2294 2293 2487 2338 usum
2558 2297 2727 2354 esse,
2799 2275 2947 2362 quod
3065 2277 3066 2280 ’

585 2379 748 2443 mihi
806 2378 1169 2465 negandum
1219 2378 1495 2445 videtur.
1568 2376 1901 2444 Postrema
1945 2376 2258 2443 vocabula
2306 2383 2567 2464 „pascui
2612 2379 2730 2447 lati
2781 2391 2949 2468 atque

585 2482 849 2552 uberes”
913 2485 1100 2549 metri
1163 2484 1399 2550 habent
1460 2484 1766 2571 vestig-im
1828 2485 2106 2569 respexit
2167 2486 2389 2569 opinor
2452 2487 2533 2552 ad
2577 2494 2801 2573 poetae
2843 2487 2945 2554 ali-

587 2590 770 2658 cuius
815 2590 1060 2675 antiqui
1107 2610 1362 2655 versum
1413 2590 1644 2655 talem:
2808 2578 2825 2591 ”

906 2697 1090 2782 „agri
1135 2694 1309 2773 arui,
1358 2696 1631 2771 arbusti,
1685 2696 1903 2779 pascui
1950 2694 2067 2760 lati
2116 2700 2307 2781 atque
2352 2698 2645 2765 uberes’'.

583 2802 1058 2868 Enumerantur
1119 2803 1279 2879 tria,
1343 2822 1504 2886 quas
1559 2801 1821 2867 divitias
1866 2820 2165 2888 agrorum
2216 2802 2535 2883 efficiunt,
2585 2827 2743 2892 quae
2790 2811 2946 2875 iocu-

580 2908 800 2974 lariter
846 2911 912 2973 in
957 2906 1326 2973 Mamurrae
1371 2907 1540 2973 saltu
1591 2906 1845 2973 extollit
1892 2910 2085 2973 etiam
2136 2906 2434 2975 Catullus
2482 2917 2765 2981 carmine
2814 2916 2948 2981 115.

583 3017 657 3079 δε
727 3022 986 3100 „pi-ata,
1046 3034 1233 3090 arva,
1299 3016 1583 3100 ing-entis
1644 3012 1883 3080 silvas”
1946 3020 2044 3091 et,
2092 3015 2149 3078 si
2202 3035 2350 3081 vere
2397 3021 2667 3085 coniecit
2710 3020 2949 3087 Riesius

581 3123 650 3184 in
695 3140 896 3204 nuper
942 3121 1175 3186 emissa
1219 3119 1496 3185 editione
1541 3120 1764 3184 initio:
1817 3118 2155 3196 „Mentula
2203 3121 2394 3187 babet
2432 3128 2619 3190 ednas
2638 3174 2655 3203 ‚
2696 3130 2945 3215 triginta

577 3226 805 3309 iugera
863 3225 1066 3307 prati,
1132 3224 1556 3311 quadraginta
1620 3222 1819 3289 arvi”.
1899 3260 1984 3273 —
2054 3224 2186 3290 Sub
2257 3224 2447 3293 finem
2520 3233 2946 3299 coniunctivus

583 3328 799 3406 suisset
861 3330 928 3392 in
983 3329 1118 3394 his:
1187 3331 1342 3415 „qui
1403 3329 1625 3417 legum
1686 3332 1883 3395 etiam
1944 3333 2213 3416 scriptor
2276 3332 2537 3413 fuisset,
2586 3358 2743 3423 quas
2788 3340 2947 3404 scitis
3063 3354 3064 3373 ³

581 3442 828 3511 extare,
881 3434 1048 3519 quod
1086 3435 1342 3521 quidem
1387 3434 1583 3501 huius
1620 3437 1783 3500 civis
1820 3439 2182 3520 proprium,
2227 3437 2306 3503 de
2346 3459 2471 3523 quo
2510 3442 2945 3530 agimu3,„,”
3063 3458 3064 3476 ¹

580 3541 838 3625 (desunt
898 3540 1203 3626 reliqua),
1264 3540 1576 3625 quidquid
1638 3547 1927 3607 secutum
1992 3547 2119 3620 est,
2186 3550 2356 3610 recte
2414 3566 2481 3611 se
2544 3548 2774 3616 habere
2837 3568 2947 3615 non

579 3653 823 3732 potsst3
885 3645 1230 3734 significari
1290 3666 1363 3712 eo
1419 3666 1542 3711 non
1594 3666 1807 3731 posse,
1856 3647 2009 3732 quid
2067 3648 2240 3714 fama
2287 3651 2481 3717 dubia
2528 3654 2607 3720 de
2654 3676 2727 3721 eo
2772 3656 2945 3721 ferret

583 3756 688 3826 (=
709 3753 903 3819 fuisse
964 3752 1274 3829 creditur,
1327 3771 1442 3817 zou
1489 3762 1769 3839 geweest
1814 3754 1959 3839 zijn)
2019 3774 2207 3821 nemo
2252 3755 2449 3822 latine
2496 3758 2721 3825 doctus
2764 3780 2945 3847 nega-

581 3860 710 3938 bit;
773 3880 886 3926 nec
947 3857 1166 3925 Cicero
1229 3858 1601 3935 dubitabat,
1666 3860 1821 3942 quin
1882 3858 2101 3926 Numa
2165 3868 2385 3927 auctor
2429 3861 2693 3930 illarum
2739 3866 2945 3954 legum

582 3970 748 4031 esset
807 3964 885 4030 cf.
952 3963 1002 4029 1.
1061 3962 1170 4029 26.
1243 3961 1504 4031 Gonicio
1551 3963 1857 4029 excidisse
1900 3973 2045 4049 post
2090 3973 2227 4051 qui.-
2272 3990 2440 4050 qum
2492 3972 2786 4056 periodus
2830 3980 2943 4037 ter·

581 4073 814 4137 minari
876 4072 1086 4155 potuit
1140 4071 1260 4135 hac
1309 4071 1436 4136 fere
1483 4072 1831 4137 sententia:
1886 4074 2061 4157 „ipse
2107 4072 2361 4161 leg-ibus
2406 4077 2687 4161 paruit”.
2762 4078 2948 4144 Verba

587 4177 796 4261 „quod
833 4212 906 4225 -
935 4176 1221 4264 agimus”
1255 4184 1631 4262 praeparant
1677 4176 1979 4261 apodosin
2026 4178 2209 4245 hanc.
2272 4180 2349 4245 In
2396 4182 2516 4249 hoc
2561 4184 2777 4251 codice
2818 4200 2945 4269 pro-

583 4284 862 4349 babilius
908 4290 1004 4348 est
1050 4284 1359 4349 omissum
1407 4304 1542 4349 esse
1579 4303 1781 4349 unum
1826 4283 2204 4351 vocabulum
2230 4334 2248 4364 ,
2288 4307 2481 4372 quam
2514 4290 2655 4375 suit
2694 4293 2759 4355 in
2784 4294 2947 4378 suie-

583 4398 670 4455 σοι
729 4408 876 4455 casu
933 4394 1046 4455 aut
1097 4387 1358 4455 consilio
1407 4396 1755 4457 mutatum.
1826 4388 2032 4476 Supra
2079 4390 2206 4457 vol.
2256 4392 2414 4459 XII.
2468 4394 2600 4461 290
2648 4394 2945 4485 significa·
