3150 5000
1054 281 1328 339 mvms
1373 287 1707 339 sosarnus.
2438 267 2571 340 373

94 484 99 563 J
303 452 502 542 Antiq.
553 454 658 521 14.
711 456 818 523 15.
868 457 946 525 7:
997 454 1270 539 ἐξαρκεῖν
1317 454 1380 521 δὲ
1427 456 1532 523 καὶ
1582 458 1824 523 αὐτὸν
1871 456 2018 537 πρὸς
2064 458 2173 532 τήν
2218 453 2571 535 Ἀντιγόνου

94 564 96 571 ’
233 562 567 641 καθαίρεσιν,
618 567 963 650 requiritur
1007 564 1196 636 αὐτός
1215 611 1232 639 ,
1296 564 1406 629 sed
1453 563 1630 631 locus
1674 564 1925 652 longior
1970 569 2069 631 est
2115 584 2307 650 quam
2354 569 2429 629 ut
2476 568 2573 630 to-

231 672 312 733 tus
362 668 748 736 describatur
809 677 874 737 et
934 692 1102 737 nunc
1164 671 1352 737 video
1396 670 1566 737 idem
1608 674 1746 737 iam
1793 673 2131 737 correxisse
2176 670 2569 737 Bekkerum.

227 772 490 841 Nondum
552 778 823 843 correxit
880 777 1100 862 Antiq.
1172 776 1276 843 14.
1332 774 1434 841 16.
1485 776 1561 854 2,
1624 778 1739 843 ubi
1787 780 2147 864 Antigonus
2194 776 2373 843 Sosio
2418 798 2571 863 sup-

92 870 94 873 *
223 878 402 963 plicat.
489 882 610 947 Καὶ
683 883 903 956 ἐκεῖνος
966 883 1152 961 μηδὲν
1216 884 1404 949 αὑτὸν
1465 884 1765 963 οἰκτείρας
1828 884 1971 962 πρὸς
2033 883 2141 956 τήν
2202 884 2569 961 μεταβολὴν

92 1054 94 1075 Ι
223 985 693 1067 ἐπεκράτησε
757 990 870 1067 μὲν
931 991 1212 1069 ἀκρατῶς
1279 990 1384 1055 καὶ
1445 989 1803 1069 Ἀντιγόνην
1852 990 2169 1055 ἐκάλεσεν.
2242 990 2425 1057 Nihil
2470 996 2571 1056 est

90 1113 92 1115 ’
221 1090 318 1159 hoo
359 1094 742 1177 ἐπεκράτησε.
804 1092 1214 1165 Consentiam
1261 1117 1484 1163 verum
1533 1118 1667 1164 esse
1713 1095 1989 1177 ἐκερτό
2006 1093 2253 1175 μησεῖ

287 1308 486 1385 Quam
547 1310 714 1377 nihil
775 1310 1098 1377 interdum
1159 1313 1444 1397 cogitent
1491 1310 1765 1377 editores
1783 1360 1801 1395 ‚
1848 1309 2054 1376 denuo
2102 1311 2337 1397 poterit
2382 1330 2574 1395 appa·-

216 1434 327 1480 rere
366 1416 586 1503 Antiq.
643 1416 744 1483 15.
802 1416 859 1483 1.
917 1417 948 1481 1
969 1464 986 1495 ,
1037 1417 1149 1483 ubi
1196 1414 1477 1504 legimus
1523 1416 1849 1484 Herodem
1896 1439 2113 1504 regem
2149 1417 2567 1503 promovisse,

214 1517 314 1587 ὅσοι
355 1525 470 1599 μὲν
517 1520 671 1597 ἦσαν
719 1522 1282 1595 ἰδιωτεύοντες
1323 1521 1414 1588 ἔτι
1462 1524 1548 1589 τὰ
1598 1524 1820 1590 ἐκείνου
1866 1529 2223 1606 φρονοῦντες
2263 1529 2326 1588 et
2361 1542 2572 1587 neces·

211 1631 424 1696 sarium
471 1637 568 1696 est
613 1630 1219 1707 Ξδιωτεὺοντος,
1269 1629 1418 1695 vide
1463 1632 1520 1695 si
1565 1632 1732 1695 tanti
1776 1637 1873 1697 est
1920 1630 2145 1716 Antiq.
2199 1628 2305 1695 15.
2357 1626 2460 1693 10.
2504 1628 2569 1694 5.

283 1844 525 1913 Dellius
571 1845 715 1923 ille,
780 1866 970 1931 quem
1017 1864 1348 1931 speramus
1393 1864 1643 1930 semper
1690 1844 1879 1909 rebus
1924 1846 1991 1909 in
2038 1844 2254 1910 arduis
2302 1863 2571 1928 aequam

208 1956 536 2019 servavisse
599 1960 920 2035 mentem,
983 1972 1183 2037 quum
1247 1953 1530 2037 primum
1595 1953 1661 2015 in
1724 1949 2033 2017 Judaeum
2085 1954 2298 2034 venit,
2346 1953 2567 2017 statim

205 2064 402 2143 captus
451 2066 546 2125 est
592 2058 1066 2144 pulchritudine
1115 2058 1375 2124 formosi
1423 2059 1605 2143 pueri
1654 2055 2009 2123 Aristobuli
2032 2105 2049 2135 ‚
2095 2060 2312 2144 Antiq.
2359 2057 2463 2121 15.
2502 2055 2567 2121 2.

207 2162 256 2227 6.
312 2166 672 2243 Ἠγοὶσθη
733 2190 804 2231 τε
862 2174 973 2239 τῆς
1035 2162 1184 2242 ὥρας
1233 2163 1337 2229 καὶ
1388 2165 1455 2230 τὸ
1502 2162 1763 2240 μέγεθος
1811 2164 1917 2229 καὶ
1968 2163 2198 2236 κάλλος
2250 2166 2567 2241 ἐθαύμασε

205 2274 292 2331 τοῦ
336 2270 554 2343 παιδός
583 2322 599 2346 ,
650 2273 770 2351 οὐχ
817 2268 994 2348 ἦττον
1042 2271 1105 2336 δὲ
1152 2272 1262 2346 τὴν
1299 2272 1698 2348 Μαριάμμην
1739 2275 2130 2336 συνοικοῦσαν
2168 2272 2253 2353 τῷ
2286 2272 2567 2349 βασιλεῖ.

205 2372 545 2465 Diligenter
604 2378 952 2444 videndum
1019 2398 1098 2443 an
1160 2397 1284 2443 non
1346 2384 1658 2462 praestet,
1724 2377 1889 2463 quod
1936 2380 2005 2443 in
2052 2376 2197 2443 aliis
2242 2378 2425 2444 libris
2472 2384 2571 2445 est

203 2482 508 2560 ἠράσθη.
578 2484 955 2552 Affirmabat
1015 2494 1184 2552 certe
1244 2483 1526 2563 Dellius,
1592 2484 1699 2550 οὐκ
1762 2482 1829 2562 ἐξ
1892 2486 2208 2564 ἀνθρώπων
2263 2486 2429 2566 αὐτῷ
2479 2484 2571 2552 30-

199 2597 346 2668 κεῖν,
397 2591 580 2658 ἀλλά
627 2616 780 2665 τινος
829 2595 960 2658 θεοῦ
1011 2592 1296 2671 γενέσθαι
1343 2593 1484 2663 τοὺς
1532 2589 1795 2665 παῖδας.
1857 2593 2003 2678 Ipse
2049 2598 2265 2659 tamen
2311 2593 2565 2671 dubito,

201 2701 393 2765 utram
442 2699 782 2766 lectionem
833 2700 1199 2785 praeferam.

275 2911 400 2980 Hic
449 2935 608 3001 puer
650 2913 1058 2980 Aristobulus
1105 2920 1442 3000 postquam
1483 2913 1768 2999 pontifex
1808 2916 2133 2980 maximus
2164 2920 2411 2980 creatus
2434 2920 2529 2980 est
2546 2961 2565 2992 ,

198 3018 542 3086 Alexandra
598 3027 802 3088 mater
847 3021 1182 3087 lacrimans
1229 3013 1665 3087 obtestabatur
1709 3041 1775 3085 se
1823 3021 2201 3087 conditionis
2245 3041 2397 3088 suae
2441 3041 2567 3087 non

197 3129 503 3208 poenitere
521 3174 537 3205 ,
587 3147 789 3213 quum
839 3148 1110 3215 regnum
1159 3133 1322 3194 esset
1369 3148 1558 3214 penes
1604 3126 1921 3193 Herodem
1964 3148 2272 3214 generum
2291 3177 2309 3212 ‚
2347 3129 2563 3214 Antiq.

201 3231 290 3295 15.
335 3232 401 3299 2.
457 3234 522 3301 ’7.
599 3234 754 3300 Erat
813 3235 1223 3316 ἀποχρώντως
1287 3243 1472 3309 τιμῆς
1536 3235 1807 3314 ἔχουσα,
1872 3232 1973 3299 διὰ
2038 3235 2147 3309 τὴν
2210 3234 2409 3314 ὦρκῆν
2456 3234 2566 3310 τὴν

197 3337 403 3407 ἐκείνου
464 3342 596 3406 καὶ
663 3341 773 3414 τὴν
838 3341 1199 3422 ἀσφάλειαν
1263 3341 1372 3415 τὴν
1435 3341 1500 3405 ἐκ
1569 3345 1678 3404 τοῦ
1726 3339 2013 3406 δύνασθαι
2063 3347 2308 3418 μᾶλλον
2356 3342 2568 3421 ἑτέρων

196 3441 395 3526 ἄρχειν
455 3448 640 3514 αὐτὸν
700 3445 937 3514 ἅπαντι
992 3451 1074 3530 τῷ
1132 3450 1294 3527 γένει
1349 3451 1694 3528 περιοῦσαν.
1768 3447 1977 3536 Lego:
2032 3451 2125 3519 ὦς
2184 3451 2289 3522 τὴν
2343 3449 2565 3531 ἄσφα-

193 3563 378 3622 λειαν-

275 3769 406 3836 Διὰ
453 3769 524 3836 τὸ
571 3769 810 3836 excidit
853 3771 1066 3855 Antiq.
1124 3768 1228 3833 15.
1281 3771 1342 3834 3.
1391 3767 1454 3834 2.
1505 3767 1863 3834 Alexandra
1908 3773 2131 3833 conata
2168 3767 2373 3833 fuerat
2411 3769 2567 3836 urbe

195 3873 462 3963 effugere
534 3877 720 3961 eique
782 3875 1067 3942 Herodes
1128 3878 1380 3941 veniam
1447 3874 1623 3942 dedit
1682 3874 2000 3954 ἐμφαίνων
2063 3876 2566 3957 μεγαλοψυχίαν

193 3979 340 4062 (διὰ
387 3981 504 4068 τὶ)
551 3986 797 4059 μᾶλλον
837 3979 904 4058 ἐξ
947 3982 1276 4055 ἐπιεικείας
1317 3984 1526 4054 αὐτοῖς
1567 3979 2031 4059 συνεγνωκέναι.
2078 3979 2325 4068 Nempe
2348 4003 2568 4050 revera

193 4086 456 4154 timebat
501 4086 921 4174 Cleopatram.

273 4299 460 4366 Nunc
501 4305 686 4368 iuvat
731 4303 1142 4370 transcribere
1187 4302 1402 4370 locum
1419 4351 1437 4388 ‚
1493 4323 1682 4389 quem
1728 4305 1863 4388 ipse
1906 4323 2032 4368 non
2078 4303 2371 4389 expedire
2417 4323 2565 4388 pos-

193 4422 322 4470 sum
345 4455 364 4493 ,
415 4408 523 4474 sed
569 4410 900 4476 excitanda
947 4416 1096 4476 sunt
1143 4411 1355 4478 studia
1401 4412 1765 4476 acutiorum
1803 4429 1997 4496 quam
2038 4429 2157 4498 ego
2195 4431 2361 4476 sum.
2404 4409 2463 4476 N
2470 4431 2563 4476 ar·
