3150 5000
599 270 731 343 374
1455 292 1729 341 navum
1774 292 2109 343 susumus.

591 472 695 523 ret
759 455 1076 543 Josophus
1138 460 1358 543 Antiq.
1413 458 1515 523 15.
1567 458 1627 523 3.
1676 458 1719 524 3
1782 442 2098 544 quoriiodo
2144 456 2418 525 Herodis
2463 457 2686 524 fiuude
2728 452 2947 523 edules·

594 584 740 630 oens
783 562 898 630 ille
943 564 1348 631 Aristobulue
1391 565 1732 631 suffocatus
1774 566 2054 650 perierit.
2126 572 2260 640 Τῆς
2304 566 2513 647 ἑορτῆς
2557 562 2949 643 παρελθούσης

593 672 829 740 εἱςιᾶτο
875 672 984 748 μὲν
1035 673 1095 735 ἐν
1143 676 1534 752 Ἱεριχοῦντι,
1584 672 1919 754 δεχομένης
1972 672 2195 743 αὐτοὺς
2236 680 2347 747 τῆς
2386 669 2953 750 Ἀλεξανδρασ,Φ’·

593 776 1064 860 λοΦρονούμενος
1119 778 1180 845 δὲ
1227 778 1296 843 τὸ
1343 778 1653 858 μειράκιον
1702 780 1805 844 καὶ
1856 780 2155 859 προελθὼν
2196 780 2281 851 εἷς
2322 779 2509 844 ἀδεᾶ
2556 778 2785 844 τόπον
2820 775 2953 841 ’ἐτοι-

592 907 705 962 μος
755 878 822 957 ἦν
871 884 1244 967 συμπαίζειν
1293 886 1397 950 καὶ
1447 887 1853 952 νεανιεύεσθαι
1910 885 2367 965 κεχαρισμένως
2409 885 2629 964 ἐκείνῳ.
2688 884 2814 950 Hie
2848 884 2953 969 pri-

593 1012 776 1057 mum
818 998 1120 1077 exputare
1159 1013 1400 1077 nequeo
1441 1013 1631 1078 quem
1674 994 1830 1059 οὶδεοῖ
1856 994 2040 1057 τόπον
2064 990 2349 1059 Herodes
2370 990 2689 1080 selegerit.
2736 989 2954 1057 Deinde

593 1100 891 1163 continuo
954 1100 1279 1184 sequitur:
1341 1104 1451 1164 τοῦ
1516 1099 1581 1164 δὲ
1642 1099 1775 1178 περὶ
1840 1101 1943 1164 τὸν
2001 1097 2187 1163 τόπον
2234 1097 2559 1175 ἰδιώματος
2607 1094 2955 1177 θερινωτέρου

592 1204 1056 1289 τυγχάνοντος,
1107 1205 1748 1285 συνειλεγμένοι
1795 1191 2021 1288 ταχιον
2068 1203 2311 1281 ἐξῆλθον
2356 1203 2777 1275 ἀλύοντες.
2843 1202 2955 1267 Hic

515 1336 520 1345 ¹
594 1311 749 1398 quid
796 1310 1254 1389 συνειλεγμένοι
1303 1314 1423 1390 eit,
1473 1315 1721 1397 neeei03
1762 1311 1870 1377 sed
1908 1332 2022 1397 pro
2062 1312 2353 1383 ἀλύοντες
2387 1312 2775 1395 reposuerim
2800 1310 2957 1373 ἀτο-

593 1417 914 1491 δύντες·
965 1420 1208 1483 sincera
1253 1421 1424 1483 enim
1473 1418 1678 1484 forma
1725 1425 1823 1484 eet
1868 1438 1991 1504 qua
2036 1416 2351 1503 Josephus
2393 1417 2622 1482 didicit
2664 1418 2797 1494 uti,
2848 1434 2957 1479 non

593 1522 1071 1602 ἀποδυσάμενοι.
1139 1522 1264 1590 Sed
1313 1545 1423 1590 rex
1469 1545 1613 1590 eum
1668 1528 1883 1591 uxoris
1928 1525 2120 1591 fratre
2166 1524 2477 1609 piscinam
2524 1524 2784 1588 intrant.
2849 1518 2955 1585 Καὶ

595 1638 734 1702 ταῖς
785 1632 1242 1711 κολυμβήθραις
1295 1628 1659 1709 έπιςαντες,
1687 1668 1775 1681 -
1800 1631 2115 1712 ανέψυχον
2162 1629 2232 1695 τὸ
2280 1628 2649 1709 θερμότατον
2694 1636 2807 1704 τῆς
2854 1650 2959 1705 με·

593 1736 929 1815 σημβρίας.
977 1736 1082 1801 καὶ
1125 1743 1352 1816 πρῶτον
1390 1738 1504 1814 μὲν
1549 1734 1734 1817 ἑώρων
1771 1739 1913 1811 τοὺς
1956 1737 2196 1811 νέοντας
2236 1742 2355 1802 τῶν
2391 1738 2720 1802 οἰκετῶν
2746 1736 2961 1821 (nonne

593 1842 938 1930 legendum
987 1841 1372 1930 οἳκείωνῗ)
1421 1843 1525 1909 καὶ
1574 1846 1807 1929 Φίλων,
1848 1842 2068 1910 ἔπειτα
2107 1843 2519 1925 προαχθέντος
2559 1843 2667 1907 καὶ
2702 1846 2811 1908 τοῦ
2840 1866 2961 1919 μει·

595 1952 804 2029 ρακίου
851 1950 935 2030 τῷ
984 1950 1087 2015 καὶ
1138 1951 1241 2015 τὸν
1285 1950 1546 2030 Ἡρώδην
1594 1950 2048 2031 παροξῦναι
2097 1951 2329 2036 (nonne
2376 1944 2957 2035 παροτρῦναιῖ),
3064 1948 3066 1983 ³

595 2060 713 2121 τῶν
777 2056 977 2137 φίλων
1037 2050 1123 2127 οἷς
1187 2060 1395 2121 ταῦτα
1445 2057 1852 2137 ἐπιτέτακτο,
1904 2057 2245 2132 σκότους
2294 2054 2799 2139 ἐπισχόντος
2844 2056 2960 2133 βα-

594 2165 830 2244 ροῦντες
893 2161 991 2227 cis)
1057 2162 1162 2227 καὶ
1227 2160 1643 2243 βαπτίζοντες
1702 2166 1777 2237 ὥς
1830 2166 1889 2230 ἕν
1938 2164 2157 2248 παιδιᾷ
2206 2161 2543 2246 νηχόμενον
2588 2164 2695 2229 οὐκ
2742 2164 2963 2237 ἀνῆκαν

596 2264 706 2341 ἕως
754 2268 858 2333 καὶ
909 2269 1314 2334 παντάπασιν
1359 2270 1725 2347 ἀποπνῖξαι.
1797 2270 2009 2359 Digne
2064 2292 2214 2337 eane
2258 2292 2380 2337 nex
2426 2273 2763 2337 sanctitate
2806 2268 2962 2334 Pon-

598 2372 788 2439 tificio
849 2373 1163 2441 Maximi!
1235 2374 1358 2443 Sed
1419 2377 1574 2461 quid
1642 2370 1895 2443 tandem
1960 2382 2057 2443 eet
2100 2376 2353 2451 σκότους
2402 2373 2807 2457 ἐπισχόντοςῒ
2872 2376 2961 2440 An

596 2485 891 2554 σκῦτος
943 2482 1490 2563 ἐπισχόντεςΡ
1559 2483 1693 2551 Alii
1738 2483 2013 2550 videant.

685 2695 1052 2762 Absurdum
1114 2697 1383 2762 verbum
1449 2700 1645 2774 ἧττᾶν
1700 2696 1943 2785 legitur
1986 2699 2204 2783 Antiq.
2260 2695 2363 2762 12.
2415 2695 2475 2764 ¹7.
2528 2699 2561 2762 1
2584 2744 2605 2774 ,
2650 2703 2717 2762 et
2760 2699 2961 2762 tamen

593 2823 718 2870 non
764 2803 962 2869 feram
1012 2804 1225 2889 Antiq.
1284 2803 1388 2869 15.
1440 2802 1498 2868 3.
1555 2803 1630 2868 5:
1679 2806 1788 2876 την
1838 2805 1888 2870 δ’
1937 2803 2351 2884 Ἀλεξάνδραν
2390 2805 2693 2882 ἥττησε
2732 2804 2843 2879 μὲν
2878 2799 2961 2865 οὗ·

593 2907 690 2974 δέν
735 2916 850 2973 τῶν
897 2909 1214 2987 τοιούτων,
1261 2931 1410 2977 nam
1459 2917 1791 2976 contextus
1838 2909 2087 2998 flagitet
2127 2909 2529 2988 ἦποὶτησε.
2578 2909 2707 2977 fflo
2731 2926 2961 2996 quoque

593 3019 791 3082 miror
839 3015 994 3082 talia
1040 3015 1395 3082 Dindorfios
1439 3021 1504 3082 et
1547 3015 1875 3083 Bekkeros
1921 3018 2144 3105 fugere
2192 3019 2493 3103 potuisse.

681 3229 896 3313 Antiq.
949 3225 1054 3292 15.
1104 3225 1161 3292 3.
1219 3227 1258 3293 5
1299 3227 1550 3295 librarii
1592 3227 1975 3314 Josephum,
2026 3232 2139 3317 qui
2185 3228 2482 3296 Selomen
2520 3229 2787 3297 duxerat
2834 3229 2951 3294 He·

595 3334 764 3399 rodis
825 3353 1098 3400 sororem
1119 3381 1136 3410 ,
1201 3337 1372 3421 regis
1435 3334 1825 3401 avunculum
1891 3337 2124 3402 fecere:
2189 3337 2554 3402 καταλιπὼν
2616 3340 2717 3403 τὸν
2765 3339 2957 3400 θεῖον

595 3443 784 3506 αὑτοῦ
829 3443 1136 3515 Ἰώσηπον.
1187 3442 1286 3506 An
1325 3441 1489 3506 forte
1533 3441 1935 3508 scribendum
1980 3449 2077 3510 eet
2114 3446 2215 3509 τὸν
2255 3440 2677 3522 πενθερθνῖ
2724 3439 2957 3510 Certim

595 3556 691 3614 est
737 3550 803 3612 in
849 3547 1067 3614 eadem
1117 3548 1514 3636 paragrapho
1561 3548 1639 3614 de
1685 3551 1995 3628 Antonio,
2047 3551 2215 3635 apud
2262 3571 2451 3636 quem
2501 3550 2751 3616 Dellius
2784 3548 2959 3616 Mari-

594 3675 840 3721 ammes
901 3655 1173 3720 formam
1237 3655 1552 3721 extulerat
1614 3676 1735 3721 non
1800 3656 2203 3722 scribendum
2250 3677 2418 3724 esse:
2468 3657 2673 3722 πάλαι
2721 3677 2957 3735 παρα·

594 3762 896 3836 κηκοὼς
946 3761 1093 3842 ὑπὲρ
1141 3770 1252 3837 τῆς
1301 3762 1644 3842 εὐμορφίας
1694 3760 2084 3842 ἐτύγχανεν,
2132 3763 2242 3830 sed
2286 3764 2817 3844 προακηκοώς.

684 3973 902 4057 Antiq.
955 3971 1058 4037 15.
1109 3973 1167 4038 5.
1227 3976 1254 4037 1
1326 3981 1436 4049 τῆς
1497 3975 1707 4056 χώρας
1778 3973 2127 4053 εὖβδτου
2186 3975 2585 4050 μενούσης
2645 3977 2813 4056 αὐτῷ
2858 3994 2957 4038 πο·

596 4078 708 4146 λὺν
754 4077 865 4153 ἤδη
915 4077 1127 4158 χρόνον
1143 4127 1162 4157 ,
1211 4078 1384 4145 malo
1421 4106 1460 4146 ,ε
1479 4080 1578 4159 ὐβ
1598 4105 1625 4145 ο
1645 4105 1681 4143 τ
1697 4105 1724 4145 ο
1740 4105 1775 4144 υ
1791 4081 1936 4158 μέν
1955 4106 1988 4155 η
2012 4106 2062 4153 ς.
2132 4080 2216 4146 Et
2262 4081 2451 4167 paulo
2498 4088 2673 4167 post:
2722 4081 2843 4146 οὐδ’
2881 4078 2957 4148 εἷς

596 4192 818 4267 χεῖρας
882 4185 1073 4250 έλθεῖν
1138 4186 1234 4250 έπ
1250 4212 1267 4251 ι
1285 4211 1323 4250 τ
1339 4187 1413 4266 ρέ
1433 4194 1486 4268 ψ
1501 4212 1544 4252 α
1564 4212 1594 4251 ν
1610 4211 1649 4252 τ
1666 4211 1695 4252 ε
1714 4213 1745 4258 ς
1806 4195 1932 4260 τοῖς
1998 4189 2311 4265 πολεμίοις
2328 4233 2346 4266 ,
2409 4190 2827 4254 neceesarium
2873 4185 2959 4249 est

593 4291 887 4358 futurum
934 4291 964 4354 ε’
985 4315 1033 4353 π
1049 4313 1068 4354 ι
1082 4316 1123 4357 τ
1139 4293 1213 4371 ρέ
1233 4299 1286 4373 ψ
1303 4316 1330 4356 ο
1347 4319 1376 4356 ν
1395 4317 1435 4358 τ
1451 4317 1480 4358 ε
1499 4317 1551 4365 ς.
1626 4291 1905 4359 Ibidem:
1951 4293 2071 4368 τὰς
2117 4294 2455 4374 προθυμίας
2500 4296 2587 4366 εἰς
2636 4295 2774 4367 τοὺς
2812 4291 2957 4368 ὁμο·

597 4413 746 4476 λογ
768 4420 796 4463 ο
815 4397 1105 4476 υμένου
1123 4424 1152 4471 ς
1215 4399 1461 4480 ἐχθροὺς
1531 4399 2071 4476 ἐκδαπανήσαντες
2092 4450 2110 4486 ,
2173 4400 2347 4492 lege:
2414 4402 2613 4480 ὃμολ
2634 4424 2724 4481 ογ
2743 4394 2955 4478 συμέ-
