3150 5000
1244 239 1676 288 mauornmm.
1942 198 1950 210 ’
2522 216 2654 283 427

256 408 422 474 dunt
467 408 535 472 in
583 404 1070 470 Atheniensium
1112 401 1423 468 classem»
1460 403 1594 483 περὶ
1637 401 1746 474 τὴν
1787 397 2147 466 Λευκαδίαν
2187 400 2654 480 ἄποληφθεῒσαι

258 513 371 579 καὶ
434 519 823 578 κοπεῖσαι
888 507 1003 574 ὑπὸ
1066 515 1181 573 τῶν
1238 510 1550 588 Ἀττικῶν,
1593 555 1607 572 .
1637 555 1694 574 ..
1728 555 1742 570 .
1797 506 2224 586 διαφυγοῦσαι
2273 507 2415 580 τοὺς
2468 504 2655 580 Ἀθη-

256 619 461 691 ναΙους
504 617 940 683 κατέπλευσαν
988 617 1049 688 ές
1097 618 1208 690 τὴν
1248 613 1533 695 Κόρινθον.
1581 612 1796 680 Malo:
1836 615 2432 678 ανακοπεῒσαι·
2479 632 2658 680 coac-

254 732 366 792 tae
402 726 655 790 fuerant
698 743 956 788 cursum
1000 726 1249 788 mutare
1269 769 1285 800 ‚
1326 741 1477 786 nam
1520 739 1786 786 numero
1810 719 1998 808 longe
2018 719 2344 784 inferiores
2369 739 2658 806 pugnam

256 830 707 897 detractarent.
758 828 884 894 Sed
930 827 1235 914 palmaris
1281 833 1489 893 exstat
1538 825 1900 892 emendatio
1948 847 2004 892 c.
2045 825 2164 892 29:
2208 827 2268 900 ἐς
2309 827 2437 907 γὰρ
2473 827 2658 890 πέντε

258 941 409 1010 ναῦς
477 935 581 1000 καὶ
632 935 1013 1010 πεντήκοντα
1062 935 1248 1015 τρία
1296 937 1590 999 τάλαντα
1637 933 1828 997 ἐδίδου
1876 938 1983 996 τοῦ
2029 932 2250 1018 μηνός,
2302 933 2418 998 ubi
2463 931 2660 998 Mad-

256 1045 486 1130 vigius
552 1042 1005 1127 plaudentibus
1064 1042 1362 1108 omnibus
1411 1039 1776 1106 emendavit
1823 1037 2306 1119 τριάκοντα,
2359 1039 2469 1104 sed
2515 1060 2658 1125 par-

254 1171 419 1217 vum
490 1149 730 1216 vitium
798 1151 1085 1213 remanet
1150 1145 1516 1212 eluendum.
1592 1143 1998 1233 Significavit
2069 1144 2517 1231 Tissaphernes
2589 1148 2656 1210 in

254 1261 588 1340 posterum
652 1255 968 1320 sociorum
1028 1243 1357 1319 navalium
1421 1253 1726 1318 diurnum
1789 1251 2182 1337 stipendium
2247 1252 2378 1318 fore
2449 1254 2652 1317 trium

258 1361 597 1428 obolorum
618 1409 635 1438 ‚
683 1382 885 1447 quum
933 1360 1261 1445 hucusque
1306 1363 1499 1428 unius
1545 1360 1885 1425 drachmae
1930 1360 2173 1425 fuisset.
2235 1360 2460 1445 Itaque
2509 1379 2663 1446 quo-

256 1470 441 1535 niam
481 1465 617 1533 200
640 1468 715 1540 ><
742 1466 829 1532 30
850 1491 931 1516 =
958 1464 1158 1544 6000,
1200 1466 1464 1532 daturus
1502 1472 1639 1531 erat
1676 1472 1831 1551 quot
1874 1467 2198 1531 mensibus
2234 1487 2437 1530 unum
2463 1465 2658 1532 talen-

256 1579 407 1639 tum
478 1575 547 1638 in
606 1575 787 1640 binas
847 1593 1082 1648 name,
1148 1593 1345 1657 quum
1412 1571 1687 1638 dedisset
1749 1572 2076 1656 hucusque
2139 1572 2542 1638 tantumdem
2592 1573 2660 1636 in

257 1677 573 1766 singulas.
644 1677 1091 1759 Ἑρμοκράτους
1159 1676 1213 1741 δ’
1279 1676 1669 1748 ἀντειπόντος
1724 1728 1777 1743 ..
1810 1728 1824 1743 .
1857 1729 1872 1744 .
1923 1675 2083 1757 ὅμως
2137 1677 2200 1743 δὲ
2251 1680 2424 1759 παρὰ
2473 1677 2658 1745 πέντε

257 1789 415 1854 ναῦς
476 1783 663 1850 πλέον
725 1783 889 1863 ἀνδρὶ
954 1781 1153 1865 ἑκάς-ῳ
1216 1783 1249 1858 ἢ
1316 1792 1476 1864 τρεῖς
1547 1783 1758 1861 ὀβολοί
1822 1785 2340 1862 ὥμολογῆθησαν·
2403 1787 2465 1856 ἐς
2530 1786 2658 1865 γὰρ

257 1891 450 1956 πέντε
536 1896 684 1962 ναῦς
762 1891 866 1956 καὶ
951 1892 1332 1966 πεντήκοντα
1404 1888 1734 1970 τριάκοντα
1797 1890 2092 1956 τάλαντα
2156 1891 2364 1958 έδίδου.
2439 1891 2656 1973 Quan-
2761 1895 2766 1902 ’

258 2005 409 2064 tum
480 2000 687 2085 igitur
752 1997 1037 2083 quotidie
1105 1994 1415 2062 dabatur?
1484 1997 1732 2082 Nempe
1801 1997 1972 2063 oboli
2019 1999 2176 2078 3-s2s,
2249 1998 2386 2076 vel,
2462 1999 2516 2064 si
2587 1998 2657 2064 id

261 2105 514 2189 mavis,
571 2104 1055 2189 quotmensibus
1117 2102 1455 2168 drachmae
1506 2101 1694 2180 1631.
1766 2101 1929 2167 Tam
1976 2103 2383 2170 incommoda
2431 2110 2526 2169 est
2580 2124 2654 2170 ea

260 2213 431 2276 ratio
479 2215 584 2286 ut,
636 2212 691 2274 si
736 2209 899 2274 nihil
948 2209 1181 2274 melius
1227 2213 1592 2294 suppeteret
1613 2256 1629 2286 ,
1682 2229 2073 2294 quamquam
2116 2211 2360 2276 invitus
2399 2230 2658 2298 cogerer

259 2315 592 2404 Madvigii
658 2316 1167 2381 emendationem
1216 2316 1596 2400 improbare.
1668 2313 1794 2381 Sed
1843 2314 2020 2380 aliud
2069 2316 2222 2400 quid
2269 2315 2446 2382 latet.
2517 2316 2660 2380 Nou

260 2423 458 2487 cessit
519 2419 927 2486 Hermocrati
988 2419 1475 2508 Tissaphernes:
1537 2422 1852 2507 professus
1910 2423 2083 2488 enim
2102 2429 2222 2509 ‚est
2241 2469 2257 2502 ‚
2307 2443 2373 2488 se
2410 2426 2478 2488 in
2526 2423 2660 2489 dies

260 2526 485 2594 obolos
546 2532 757 2593 ternos
820 2548 957 2593 esse
1014 2528 1316 2593 daturum
1336 2574 1353 2604 ,
1401 2526 1510 2593 sed
1555 2528 1674 2593 hoc
1722 2536 1936 2595 tamen
1986 2529 2162 2595 dedit
2209 2533 2412 2596 enixis
2458 2533 2662 2616 preci-

258 2635 420 2717 bus,
470 2638 544 2698 ut
590 2654 703 2719 pro
749 2632 1047 2698 undecim
1095 2633 1369 2698 navibus
1415 2632 1593 2698 daret
1635 2641 1948 2719 quantum
1986 2637 2142 2700 satis
2181 2642 2346 2701 esset
2387 2638 2658 2703 navibus

258 2738 599 2804 duodecim
620 2789 637 2823 ,
679 2738 924 2804 scilicet
964 2745 1037 2803 ut
1077 2760 1154 2804 ex
1196 2738 1329 2804 illis
1366 2740 1640 2804 navibus
1681 2740 1978 2805 undecim
2019 2762 2146 2807 una
2189 2744 2658 2811 honoratiorem

259 2843 575 2909 militiam
638 2843 900 2909 haberet
958 2849 1022 2910 et
1069 2846 1226 2909 socii
1270 2845 1491 2927 duplex
1537 2846 1927 2930 stipendium
1975 2850 2347 2933 acciperent.
2422 2853 2661 2935 Aperta

260 2970 364 3015 res
437 2955 534 3015 est
603 2956 669 3015 et
726 2971 895 3017 nunc
957 2948 1219 3015 demum
1282 2949 1468 3034 plane
1530 2948 1815 3037 intelligi
1871 2956 2081 3035 potest
2141 2954 2308 3038 quod
2359 2959 2660 3023 continuo

260 3057 585 3140 sequitur:
659 3055 763 3119 καὶ
835 3062 959 3127 τοῖς
1029 3054 1243 3129 ἄλλοις
1270 3104 1285 3131 ,
1360 3050 1476 3137 ὅσῳ
1544 3057 1791 3127 πλείους
1856 3063 1989 3129 νῆες
2056 3052 2209 3131 ἦσαν
2272 3061 2489 3125 τούτου
2551 3066 2658 3127 τοῦ

262 3160 559 3241 ἀριθμοῦ,
611 3162 780 3226 κατὰ
827 3162 928 3225 τὸν
973 3162 1158 3227 αὐτὸν
1205 3160 1392 3241 λόγον
1439 3161 1684 3226 ἐδίδοτο.
1734 3161 1857 3227 Sed
1903 3170 2242 3250 postquam
2275 3172 2658 3235 sententiam

264 3265 768 3353 explicavimus,
814 3267 1029 3333 locum
1077 3267 1471 3357 relegamus:
1524 3267 1974 3348 Ἑρμοκράτους
2022 3270 2079 3335 δ’
2130 3274 2518 3349 ἄντειπόντος
2545 3323 2562 3354 ,
2595 3324 2610 3339 .
2641 3324 2656 3339 .

265 3371 431 3451 ὅμως
500 3373 563 3437 δὲ
635 3374 807 3454 παρὰ
870 3373 1054 3439 πέντε
1119 3379 1264 3447 ναῦς
1330 3372 1577 3437 πλέον
1635 3374 1800 3453 ἀνδρὶ
1865 3374 2066 3459 ἑκάς-ῳ
2129 3380 2164 3454 ἣ
2229 3388 2388 3459 τρεῖς
2453 3380 2658 3459 ὀβολοὶ

264 3482 772 3558 ὦμολογήθησαν.
845 3477 1076 3567 Cogita
1142 3501 1311 3545 nunc
1381 3480 1535 3564 quid
1607 3476 1767 3555 ὅμως
1803 3482 2192 3571 significet,
2269 3486 2422 3571 quid
2484 3488 2658 3567 παρὰ

266 3586 455 3651 πέντε
506 3590 674 3665 ναῦς,
723 3585 876 3670 quid
922 3588 1087 3650 ratio
1134 3585 1405 3671 denique
1450 3584 1732 3671 postulet
1775 3593 1839 3651 et
1877 3589 2172 3675 probabis
2212 3612 2417 3657 meam
2458 3596 2660 3679 suspi-

266 3692 551 3759 cionem:
623 3688 784 3770 ὅμως
856 3690 920 3757 δὲ
991 3691 1165 3770 παρὰ
1236 3692 1420 3756 πέντε
1493 3696 1640 3762 ναῦς
1714 3701 1825 3757 OT
1891 3694 2076 3759 πλέον
2142 3696 2306 3777 ἀνδρὶ
2373 3698 2572 3781 ἓκοὶςῳ
2623 3700 2658 3775 ἢ

265 3805 427 3877 τρεῖς
478 3798 686 3876 ὀβολοί
730 3798 1230 3875 ὥμολογήθησαν.
1279 3806 1507 3863 IIAPA
1555 3798 1738 3861 πέντε
1789 3805 1935 3872 ναῦς
1964 3849 1977 3864 .
2029 3804 2342 3869 nimirum
2383 3807 2662 3891 exceptis

266 3906 549 3988 quinque
621 3904 892 3968 navibus
912 3950 928 3979 ,
1001 3922 1160 3987 quae
1230 3902 1465 3987 duplex
1537 3904 1928 3988 stipendium
2003 3917 2374 3994 accepturae
2444 3918 2658 3977 erant:

270 4006 1808 4179 Qffi-RZKLQQ
1831 4088 1914 4113 =
1938 4063 2024 4129 25
2049 4062 2130 4143 4-
2151 4066 2190 4132 5
2208 4066 2393 4133 =30
2420 4067 2662 4135 talenta

272 4223 338 4284 et
383 4220 556 4285 κατὰ
602 4218 705 4284 τὸν
751 4220 938 4284 αὐτὸν
976 4217 1163 4297 λόγον
1202 4222 1727 4307 quotiescumque
1764 4242 1964 4290 novae
2002 4244 2197 4292 naves
2237 4226 2659 4307 advenissent,

273 4322 577 4391 daturum
639 4346 707 4391 se
764 4345 897 4391 esse
960 4324 1377 4411 spoponderat
1445 4326 1640 4393 Persa
1701 4348 1818 4415 pro
1879 4329 2175 4399 undecim
2221 4332 2488 4399 navibus
2533 4355 2664 4402 non
