3150 5000
1360 259 1595 312 comm.
2552 238 2679 305 189

375 425 676 493 Eiusdem
727 427 1160 514 frag-mentum
1208 425 1341 494 278
1391 447 1501 491 cur
1550 427 1757 493 editor
1802 429 1970 492 inter
2016 426 2175 493 duas
2214 445 2509 511 personas
2550 425 2675 490 dis-

293 534 588 600 tribuerit
631 555 757 600 non
799 531 1128 621 intellego-

373 746 556 813 Idem
601 744 758 830 279,
809 745 848 812 3
1072 746 1300 813 τούτων
1346 746 1425 813 ἂν
1470 747 1566 818 τίς
1612 742 1765 825 εὕροι
1815 744 2136 824 Φαρμακα

828 856 1029 936 ἐρῶντι
1078 856 1414 934 ἑταίρας
1462 851 1644 935 ἕτερα
1692 853 2127 934 χρησιμώτερα
2152 875 2187 932 ς,

281 960 624 1028 Verissime
685 961 890 1028 editor
951 961 1178 1041 γραίας
1238 960 1344 1028 vel
1403 959 1634 1046 γραός,
1702 980 1975 1045 quorum
2031 959 2235 1042 illud,
2284 962 2352 1024 in
2399 959 2568 1045 quod
2614 964 2678 1026 et

277 1071 412 1154 ipse
477 1068 825 1134 incideram
850 1118 864 1144 ,
926 1063 1184 1155 propter
1230 1071 1611 1134 mutationis
1657 1067 1990 1134 lenitatem
2040 1067 2523 1153 praeferendum
2574 1070 2673 1132 vi-

278 1174 484 1240 detur.
557 1174 957 1241 Felicissima
1023 1195 1272 1261 quoque
1333 1173 1622 1240 eiusdem
1680 1172 2041 1239 emendatio
2103 1177 2201 1238 est
2260 1172 2338 1238 fr.
2404 1170 2557 1252 285,
2627 1171 2670 1236 2

278 1281 624 1346 αὐτίτου
671 1301 788 1368 pro
835 1283 1119 1347 αὐτοῦ.

367 1493 548 1560 ldem
598 1496 676 1561 fr.
727 1493 896 1562 301:

550 1603 632 1668 ού
680 1603 938 1680 μεθύω
987 1605 1096 1678 τὴν
1145 1600 1470 1683 Φρόνησιν,
1519 1602 1703 1668 ἀλλὰ
1753 1600 1824 1666 τὸ
1870 1605 2225 1668 τοιοῦτον
2270 1601 2489 1688 μόνον,

456 1709 527 1774 τὸ
573 1708 1078 1791 διορίζεσθαι
1126 1709 1498 1788 βεβαίως
1551 1711 1637 1789 τῷ
1684 1706 1959 1786 στόματι
2008 1709 2095 1774 τὰ
2142 1707 2536 1788 γράμματα.

269 1815 415 1881 Non
475 1815 802 1882 sufficiunt
865 1819 1166 1882 metricae
1220 1837 1315 1882 vs.
1383 1815 1417 1881 1
1477 1817 1893 1882 correctiones
1940 1817 2073 1883 οὐδὲ
2118 1817 2322 1892 μεθύω
2368 1816 2476 1884 vel
2525 1821 2669 1902 οὐχ)

272 1921 498 2000 μεθύω.
547 1922 618 1988 Si
667 1926 839 1989 enim
888 1944 1116 1989 sanum
1167 1929 1264 1990 est
1301 1922 1502 2000 μεθύω
1555 1927 1695 2008 (pro
1742 1943 1867 2008 quo
1914 1921 2074 1988 olim
2115 1926 2352 1990 conieci
2377 1926 2671 2014 μεθῆκα),

273 2029 616 2095 manifesto
678 2032 746 2094 in
795 2051 904 2101 ss.
969 2029 1011 2094 2
1060 2029 1229 2096 male
1276 2028 1450 2096 deest
1493 2031 1774 2116 negatio.
1838 2026 1966 2095 Sed
2006 2027 2183 2095 facili
2229 2031 2674 2099 emendatione

271 2135 554 2202 admissa
598 2138 759 2202 crasi
804 2138 1140 2202 restituas:
2500 2204 2509 2218 .

505 2241 577 2305 τὸ
626 2241 1057 2323 διορίζεσθ“
1107 2241 1532 2322 ἀβεβαίοις
1583 2243 1667 2321 τῷ
1714 2241 1987 2318 στόματι
2035 2242 2122 2307 τὰ
2170 2240 2553 2321 γράμματα.

361 2347 466 2414 Of.
529 2347 690 2414 Rau.
767 2347 918 2414 509.
984 2347 1246 2414 Thesm.
1308 2347 1462 2413 248.
1512 2347 1671 2414 Ach.
1723 2347 1877 2414 325.
1924 2347 2040 2436 Eq.
2091 2348 2268 2416 1175
2315 2349 2462 2434 Lys.
2517 2351 2667 2421 115.

272 2453 538 2541 Insuper
582 2460 651 2520 in
698 2458 906 2541 priore
956 2476 1144 2523 versu
1189 2459 1399 2522 nescio
1436 2476 1518 2521 an
1555 2463 1834 2542 praestet
1870 2457 2049 2522 ἀλλ’
2090 2457 2219 2522 ἐπὶ
2262 2462 2599 2527 τοσοῦτο
2620 2485 2669 2529 ν.

358 2640 756 2717 Ammaous,
805 2638 885 2705 fr.
937 2636 998 2717 4,
1051 2637 1112 2707 9.

821 2742 856 2818 ἢ
907 2752 1050 2820 τῆς
1097 2746 1406 2825 dulae.-
1455 2742 1668 2823 ἅλμης
1719 2744 2015 2824 πάσμασι

817 2856 1002 2929 σῶμα
1048 2850 1322 2925 λιπάνας
1373 2852 1499 2920 κτὲ.

266 2956 456 3023 Kock
502 2964 674 3029 τοῖς
721 2957 1064 3031 Θασίας.
1118 2958 1459 3025 Probabile
1506 2964 1606 3025 est
1654 2959 1937 3038 Θασίας,
1988 2960 2098 3027 sed
2145 2982 2448 3049 quorsum
2497 2964 2669 3039 τοῒςῗ

263 3062 437 3129 Nam
499 3064 557 3129 si
612 3061 937 3131 offensioni
985 3076 1082 3131 est
1127 3064 1438 3131 articulus
1484 3064 1741 3131 additus
1787 3068 1931 3133 voci
1976 3064 2189 3148 ἅλμης
2210 3121 2229 3154 ,
2279 3092 2405 3138 non
2451 3075 2669 3140 minus

266 3168 528 3236 offendit
574 3171 832 3237 iunctus
881 3192 1029 3237 cum
1079 3167 1350 3252 ἅλμασι.
1401 3172 1652 3239 Possis:

906 3279 940 3353 ἢ
992 3280 1150 3343 πᾶν
1200 3278 1447 3352 Θασίας
1494 3276 1711 3357 ἅλμης
1759 3277 2059 3359 πάσμασι

905 3391 1124 3464 σῶμα
1172 3382 1446 3459 λιπάνας

905 3490 1043 3572 πυρὶ
1092 3490 1498 3575 παμφλέκτῳ
1545 3490 1919 3573 παραδώσως

357 3703 538 3772 Idem
584 3704 662 3771 fr.
716 3703 778 3785 6,
829 3707 872 3773 3

629 3811 894 3891 πληγὰς
945 3810 1239 3890 ὑπέμενον
1289 3812 1705 3880 κονδύλων
1754 3815 1855 3880 καὶ
1908 3816 2233 3897 τρυβλίων.

266 3917 464 3985 Kock‘
525 3920 796 3985 coniecit
867 3919 1385 3999 σφονδύλων,
1452 3922 1622 4007 quod
1684 3922 1934 4002 πληγαὶ
2000 3924 2298 3991 κονδύλων
2362 3929 2475 3995 vix
2536 3930 2664 3996 dici

266 4032 473 4110 queat.
521 4024 592 4091 Si
640 4032 851 4091 tamen
897 4032 1270 4111 reputamus
1310 4028 1591 4094 κόνδυλον
1630 4032 1881 4116 proprie
1919 4026 2048 4096 non
2086 4030 2425 4119 colaphum
2461 4037 2661 4124 signi·

267 4129 488 4217 ficare,
531 4132 640 4197 sed
687 4133 754 4196 τὸ
805 4128 1070 4215 προῦχον
1117 4134 1288 4198 κατὰ
1336 4135 1452 4209 τὰς
1502 4135 1835 4214 συμβολὰς
1885 4142 1990 4203 τοῦ
2039 4137 2349 4205 δακτύλου
2398 4148 2463 4209 et
2511 4143 2661 4209 hinc

263 4256 559 4324 mnam,
625 4259 751 4305 non
815 4245 910 4305 est
955 4261 1070 4305 cur
1115 4245 1286 4307 recte
1333 4243 1426 4308 sic
1473 4241 1601 4308 dici
1649 4242 2037 4309 dubitemus.
2085 4245 2421 4315 Praeterea
2464 4248 2686 4329 σφόν-”

272 4342 446 4415 δυλος
485 4345 670 4432 plura
695 4343 1016 4433 sig-nificat
1033 4392 1049 4424 ,
1075 4348 1168 4411 ita
1191 4353 1265 4411 ut
1287 4348 1458 4414 iusto
1481 4349 1805 4415 obscurior
1830 4352 1920 4415 sic
1945 4352 2274 4417 scribendo
2298 4350 2411 4418 fiat
2433 4357 2655 4419 oratio·
