3150 5000
1087 391 1092 397 ,
1137 334 1397 387 οΑεεισε
1439 337 1572 388 mo.
2414 319 2546 389 343

195 517 332 567 cano
389 511 443 567 A
461 545 481 586 ,
539 502 715 588 (nam
779 499 1110 568 Mediceus
1170 503 1306 590 ipse
1365 501 1558 568 hodie
1614 501 1783 569 ultra
1841 501 2081 568 librum
2148 503 2234 570 50
2250 553 2267 583 ,
2332 503 2373 571 8
2420 525 2544 571 non

189 606 594 696 progreditur)
635 627 764 675 non
809 610 948 675 sine
989 609 1204 676 fructu
1247 607 1574 675 adhibitus
1618 613 1717 675 est
1746 609 1815 695 ¹).

265 821 434 888 Haec
491 827 712 889 autem
774 819 988 888 omnia
1049 827 1186 888 tam
1247 826 1488 888 temere
1539 826 1793 890 mutata
1836 828 2098 910 tamque
2142 823 2373 890 stolide
2416 843 2550 892 cor·

188 933 355 1014 rupta
410 937 477 994 et
537 927 920 1015 interpolata
966 931 1035 994 in
1079 930 1306 996 ceteris
1353 929 1677 995 codicibus
1721 929 2033 996 secundae
2077 929 2294 996 classis
2341 949 2549 997 recur-

189 1042 312 1099 rant
353 1053 604 1102 necesse
651 1043 783 1121 est,
830 1037 885 1102 si
924 1033 1186 1122 quidem
1224 1043 1394 1101 recte
1435 1055 1627 1123 supra
1666 1035 1961 1102 contendi
1996 1055 2102 1102 eos
2142 1057 2220 1102 ex
2257 1037 2548 1105 Mediceo

190 1150 226 1204 Β
261 1159 386 1206 esse
423 1137 746 1209 derivatos
791 1141 897 1228 (ci.
947 1163 1008 1228 p.
1061 1137 1194 1206 336
1241 1146 1307 1206 et
1353 1137 1539 1228 338).
1609 1140 1743 1208 Nec
1788 1143 2003 1206 minus
2024 1145 2375 1210 necessario
2396 1139 2551 1210 libri

193 1243 328 1310 36-—
347 1247 429 1312 41
477 1249 714 1335 quibus
745 1248 818 1314 hi
840 1248 1105 1314 ‘codices
1141 1249 1454 1314 auctiores
1492 1253 1642 1313 sunt
1681 1250 2049 1314 correctoris
2084 1265 2351 1315 manum
2394 1267 2549 1316 nus-

191 1369 356 1440 quam
412 1354 765 1421 ostendent.
853 1354 1039 1437 Quod
1103 1359 1447 1440 utrumque
1511 1354 1773 1420 obtinet.
1862 1351 1955 1421 Ut
2010 1357 2183 1420 enim
2243 1358 2312 1420 in
2370 1360 2550 1442 parte

189 1462 504 1547 posteriore
553 1463 792 1548 ubique
809 1505 828 1539 ,
873 1461 968 1527 ita
1011 1453 1326 1547 nusquam
1373 1463 1443 1525 in
1489 1462 1698 1546 priore
1744 1463 2108 1528 correctoris
2151 1461 2395 1528 insulsa
2432 1461 2546 1528 ad—

189 1567 518 1634 ditamenta
559 1573 626 1634 et
664 1566 838 1635 leves
875 1563 1218 1654 futilesque
1255 1569 1643 1634 mutationes
1680 1566 2129 1654 deprehendas.
2178 1567 2514 1635 Praeterea
2530 1615 2549 1647 ‚

191 1679 251 1740 ut
288 1671 356 1740 fit
373 1723 393 1760 ,
438 1695 606 1762 quae
651 1675 720 1740 in
756 1672 1046 1740 Mediceo
1086 1685 1129 1738 Β
1179 1693 1330 1739 sana
1369 1681 1520 1740 sunt
1534 1723 1551 1752 ,
1579 1672 1853 1740 ulterius
1876 1680 2325 1760 corrumpunt,
2352 1676 2549 1742 omit·—

193 1786 318 1847 tunt
373 1771 553 1848 haud
615 1799 818 1868 pauca
879 1781 1253 1868 praesertim
1301 1797 1524 1848 versus
1545 1781 1871 1868 integros.
1940 1780 2288 1868 Nunquam
2334 1785 2551 1847 contra

82 1973 84 1978 .
191 1889 245 1952 in
277 1887 374 1954 his
407 1887 764 1976 quidquam
800 1887 1088 1954 invenies
1134 1886 1302 1973 quod
1349 1906 1474 1953 non
1520 1886 1755 1952 habeat
1798 1885 2129 1953 Mediceus
2176 1897 2244 1952 Β.
2316 1885 2549 1953 Parisi-

188 2010 322 2059 num
381 1999 607 2061 autem
667 2003 711 2058 Β
783 1992 962 2078 (nam
1025 2007 1064 2058 a
1121 1992 1412 2059 Parisino
1459 2001 1503 2056 Β
1553 1991 1870 2060 derivatos
1916 2011 2053 2059 esse
2099 1987 2515 2059 'fui-inensem
2528 2037 2547 2072 ‚

190 2097 478 2168 Venatum
545 2109 592 2166 Β
611 2150 630 2186 ,
691 2095 1084 2166 ‘Vaticanum
1151 2109 1195 2164 Β
1216 2148 1234 2184 ,
1295 2097 1795 2165 Escorialensem
1844 2101 1955 2185 qui
1998 2095 2119 2165 hoc
2166 2103 2318 2186 aget
2360 2097 2549 2170 facilc
2676 2157 2680 2162 ,

82 2235 84 2242 ·
192 2209 488 2295 agnoscet)
538 2207 703 2274 hanc
739 2205 1014 2292 priorem
1047 2211 1295 2291 partem
1331 2227 1410 2272 ex
1447 2204 1739 2271 Mediceo
1776 2213 1835 2270 A
1874 2205 2254 2290 descriptam
2278 2205 2511 2271 habere
2525 2251 2545 2283 ‚

191 2312 407 2381 lacunis
468 2315 976 2391 demonstratur,
1040 2331 1200 2398 quae
1242 2313 1418 2397 folio
1473 2312 1728 2378 abaciaco·
1772 2312 1841 2376 in
1886 2310 2177 2377 Mediceo
2220 2315 2428 2389 ortae,
2478 2309 2548 2376 in

82 2443 84 2511 3
194 2417 456 2487 Parisino
503 2431 554 2486 B
599 2423 977 2508 repetuntur
998 2416 1074 2506 ⁹).

82 2532 84 2539 '
265 2528 570 2595 Adhiberi
633 2528 838 2615 igitur
885 2528 1093 2613 potest
1137 2524 1466 2591 Parisinus
1512 2534 1557 2589 Β
1610 2526 1690 2591 ad
1735 2524 2035 2591 Vaticani
2080 2534 2137 2589 A
2182 2522 2372 2589 fidem
2420 2525 2551 2589 exi-

194 2634 439 2720 gendam
503 2636 579 2699 in
639 2632 956 2719 capitibus
1005 2630 1226 2696 3-19
1273 2631 1424 2697 libri
1472 2629 1559 2696 36
1610 2630 1794 2718 (olim
1845 2630 1968 2716 35,
2020 2628 2267 2717 1—17)
2318 2630 2551 2716 quibus

193 2738 494 2808 Mediceus
558 2748 617 2805 A
677 2738 870 2805 hodic
925 2744 1094 2816 caret
1112 2787 1130 2822 ,
1194 2739 1599 2823 servavitque
1644 2737 1751 2803 hic
1797 2736 1934 2803 illic
1979 2735 2283 2803 lectiones
2329 2735 2552 2803 melio·

195 2866 274 2913 res
328 2866 487 2934 quae
555 2852 772 2913 tamen
833 2846 965 2910 iam
1029 2844 1274 2911 dudum
1338 2846 1407 2910 in
1465 2844 1767 2911 omnibus
1824 2843 2209 2909 editionibus
2261 2846 2552 2928 receptae

197 2958 340 3021 sunt.
403 2952 498 3021 Ex
565 2953 687 3019 hoo
733 2952 908 3019 enim
955 2952 1170 3021 codice
1215 2950 1532 3017 Robertus
1577 2949 1939 3035 Stephanus
1984 2939 2258 3015 Dionem
2302 2944 2553 3035 primus

197 3058 387 3128 edidit.

267 3272 561 3362 Superest
605 3282 683 3341 ut

703 3378 782 3447 de
826 3376 1040 3446 codice
1085 3372 1436 3443 Vesontino
1477 3375 1569 3463 (Z.
1619 3398 1683 3440 n.
1732 3372 1820 3441 68
1838 3422 1856 3454 ‚
1905 3373 2023 3462 80)

200 3489 388 3568 paucis
449 3488 818 3574 disputem3
878 3486 1074 3551 huius
1135 3486 1308 3549 enim
1366 3483 1518 3549 libri
1534 3530 1551 3560 ‚
1617 3478 2006 3549 vesontione
2050 3483 2117 3546 in
2165 3478 2552 3549 bibliotheca

199 3590 426 3673 publica
481 3596 734 3660 servata
755 3640 772 3671 ,
828 3584 1174 3680 singularis
1235 3595 1330 3655 est
1389 3588 1689 3655 conditio.
1760 3585 2148 3653 chartaceus
2218 3592 2345 3662 est,
2419 3587 2551 3654 for·-

201 3714 321 3764 mae
353 3702 673 3767 maximae
691 3748 710 3783 ,
751 3697 1053 3764 foliorum
1091 3694 1244 3761 352.
1313 3694 1510 3761 Hunc
1555 3691 1824 3761 Grosius
1840 3741 1859 3772 ,
1909 3695 2089 3760 cuius
2132 3694 2555 3779 descriptione

253 3893 302 3959 1)
365 3896 494 3947 uod.
531 3904 568 3949 B
871 3895 980 3945 vat.
1021 3901 1068 3945 A
1135 3936 1142 3943 .
1500 3892 1636 3943 ned.
1674 3898 1707 3941 B
2224 3888 2335 3941 vat.
2369 3896 2417 3941 A

203 3972 238 4032 7,
267 3978 294 4025 8
323 3977 476 4045 δόξης
809 3974 952 4044 δόξῃς
1287 3976 1369 4035 12.
1405 3976 1436 4025 8
1470 3974 1600 4025 αὒτό
1634 3972 1785 4038 χάριν
2118 3970 2259 4035 abr&
2295 3972 2446 4038 χάριν

202 4058 238 4115 8,
267 4059 292 4111 '1
324 4060 501 4125 ἂγενῆς
809 4058 1017 4123 ἀγεννής
1283 4060 1368 4120 1⁵,
1404 4061 1433 4109 1
1470 4058 1633 4123 οἰηθῇς
2126 4055 2299 4115 οἰηθείς

327 4142 696 4207 πιθαρχήσειεν
813 4140 1143 4207 πειθάρχησιν
1289 4142 1370 4203 17,
1407 4145 1438 4191 8
1475 4143 1679 4197 ποιῆσαι
1715 4136 1956 4200 fidentia-ac
2125 4138 2339 4198 ποιήσας

207 4220 242 4279 ⁹,
273 4222 302 4271 Β
330 4221 522 4284 ὅιειίνυς
815 4222 996 4283 ἰκιῒνσς
1290 4226 1371 4285 18,
1405 4226 1437 4273 6
1471 4223 1703 4286 ἀπαρτᾶν
2132 4221 2363 4273 ἀπαντᾶν

260 4305 305 4365 8)
335 4306 538 4360 Parisini
573 4314 608 4357 B
641 4308 851 4373 priorem
885 4310 1074 4374 partem
1107 4318 1166 4358 ex
1200 4307 1420 4357 Medicco
1454 4312 1498 4355 A
1532 4306 1721 4356 fluxisse
1757 4310 1868 4369 (nec
1898 4319 2013 4355 vcro
2048 4318 2104 4356 ex
2138 4305 2371 4357 Vaticano
2400 4310 2447 4354 A
2471 4306 2550 4355 vel

82 4402 85 4435 ι
209 4384 397 4439 Parisino
425 4396 493 4449 A.
527 4391 653 4457 quod
685 4390 893 4457 cuipiam
926 4391 978 4441 in
1011 4400 1219 4441 mentem
1253 4390 1416 4440 venire
1449 4388 1624 4456 possit)
1662 4404 1719 4438 cx
1755 4402 1811 4439 οο
1844 4393 2043 4455 apparet
2075 4388 2202 4455 quod
2235 4388 2427 4438 lacunas
2456 4388 2551 4438 isc-

82 4450 84 4491 2
208 4464 446 4535 tinuoque,
480 4489 595 4539 quas
627 4472 718 4524 soli
751 4470 928 4524 habent
961 4473 1220 4524 Vaticanus
1252 4476 1302 4523 et
1333 4470 1583 4523 Parisinus
1616 4475 1661 4521 A
1728 4470 1781 4521 ln
1815 4468 2035 4522 Parisino
2067 4474 2101 4521 B
2136 4482 2232 4521 non
2264 4472 2466 4521 amnt.

82 4558 84 4583 ι
