3150 5000
585 249 671 315 ‘70
1097 266 1108 274 ·
1647 274 1890 325 0101180.

670 439 837 507 Raro
882 438 1035 507 ordo
1082 442 1419 507 verborum
1466 462 1798 527 perversus
1848 461 2048 508 manu
2095 440 2368 507 secunda
2415 461 2529 526 per
2571 438 2778 505 lineas
2824 459 2952 505 cor-

578 549 846 635 rig-itum
910 545 1056 612 aliis
1114 552 1335 614 autem
1378 546 1536 613 locis
1583 547 1790 614 multo
1835 546 2129 633 pluribus
2175 550 2312 613 sine
2357 547 2742 613 correctione
2789 566 2954 613 erra-

578 658 720 719 tum
768 674 903 720 esse
948 674 1136 739 supra
1182 652 1261 719 ad
1308 652 1354 717 Ι.
1401 652 1514 731 22,
1562 652 1681 731 42,
1723 652 1805 719 61
1825 704 1844 740 ,
1883 653 1964 720 ΙΙ.
2002 652 2076 733 2,
2104 652 2224 733 30,
2251 652 2338 720 33
2365 652 2692 719 ostendere
2715 651 2950 718 studui.

579 759 825 841 Quibus
868 760 1026 825 locis
1072 761 1371 826 omnibus
1412 763 1471 826 si
1514 761 1678 827 forte
1724 764 2169 828 assentientem
2213 782 2340 827 non
2377 760 2580 827 habeo
2615 758 2953 836 lectorem,

578 872 793 932 contra
838 886 877 931 a
920 887 1028 932 me
1063 868 1287 932 omissi
1338 872 1518 945 sunt,
1570 867 1779 934 veluti
1823 868 1880 934 Ι.
1923 867 2004 933 11
2056 872 2242 946 „tum
2287 867 2356 934 id
2401 886 2638 932 munus
2685 866 2956 951 deniqne

575 994 704 1040 non
748 972 1078 1039 recusare''
1139 994 1251 1059 pro
1308 979 1492 1057 ¹‚tum
1537 973 1806 1060 denique
1851 974 1920 1041 id
1967 973 2268 1053 munus”‚
2317 975 2434 1040 ubi
2477 972 2766 1039 ordinem
2811 993 2955 1039 ver-

572 1081 802 1146 borum
862 1080 1307 1165 perturbatum
1364 1100 1499 1147 esse
1552 1080 1880 1167 probabile
1927 1086 2042 1147 est.
2111 1081 2280 1146 Nam
2326 1079 2466 1147 loco
2511 1079 2772 1165 quidem
2821 1078 2959 1144 lan-

573 1185 721 1251 dato
767 1184 1097 1253 collocatio
1143 1186 1480 1252 verborum
1527 1186 1857 1253 vocabulis
1908 1188 2014 1265 „id
2060 1186 2338 1253 munus”
2387 1189 2526 1253 vim
2573 1184 2877 1252 conciliat
2921 1206 2958 1250 a

571 1291 711 1359 loco
756 1290 1030 1357 alienam
1049 1341 1067 1375 ,
1117 1294 1299 1376 quasi
1344 1291 1422 1357 de
1468 1291 1615 1359 aliis
1664 1313 1913 1379 quoque
1959 1292 2332 1359 muneribus
2379 1312 2583 1357 sermo
2629 1293 2736 1356 sit.
2805 1288 2952 1357 Scio

574 1394 825 1465 Caecin.
894 1397 1025 1462 100
1082 1404 1147 1463 et
1198 1396 1327 1463 alia
1388 1398 1513 1464 duo
1558 1402 1777 1465 minus
1823 1402 2137 1465 exstantia
2183 1398 2475 1484 exempla
2519 1404 2954 1483 separatorum

572 1512 696 1569 tum
757 1509 824 1569 et
867 1508 1115 1590 denique
1160 1504 1363 1570 afferri
1380 1553 1396 1583 ‚
1456 1504 1565 1571 sed
1612 1526 1736 1572 non
1779 1526 2035 1591 prorsus
2079 1504 2341 1573 similia.
2393 1541 2480 1552 -—
2531 1502 2698 1570 Ordo
2743 1504 2956 1569 mani-

572 1611 733 1677 festo
798 1616 1088 1676 mutatus
1146 1611 1201 1677 Ι.
1268 1610 1353 1676 34
1409 1612 1732 1697 („duobns
1793 1614 1890 1679 vel
1941 1609 2203 1679 Graecis
2254 1609 2732 1697 peritissimis'')
2779 1608 2864 1675 11.
2914 1609 2957 1674 4

573 1718 724 1804 (esse
768 1717 1031 1804 inqenio)
1050 1764 1066 1795 ,
1131 1714 1217 1783 69
1285 1719 1522 1803 (mediis
1581 1726 1641 1784 et
1701 1719 1781 1785 cf.
1844 1720 1933 1785 du
1978 1718 2178 1796 Rieu,
2237 1739 2300 1803 p.
2351 1715 2502 1803 49),
2549 1715 2662 1782 HL
2713 1715 2801 1783 47
2851 1716 2958 1803 (an

570 1823 847 1907 pluribus
890 1825 1002 1910 in).
1050 1822 1191 1889 Vid.
1242 1823 1415 1891 Pfaff
1451 1845 1513 1910 p.
1567 1825 1676 1891 12.

663 1931 1178 2019 Praestigiatoris
1200 1938 1411 2018 partes
1434 1953 1622 2022 agere
1649 1932 1903 1999 videtur
1923 1935 2224 2018 imperito
2248 1933 2540 2016 criticus,
2565 1932 2679 2017 qui
2701 1930 2954 1998 litteras

574 2038 837 2105 traditas
883 2042 1020 2104 tam
1068 2039 1180 2104 diu
1224 2040 1451 2105 miscet
1490 2046 1555 2105 et
1593 2043 1875 2107 concutit
1905 2040 2100 2106 donec
2121 2059 2286 2107 nova
2312 2036 2622 2105 vocabula
2644 2039 2952 2121 existant,

570 2147 681 2231 qni
743 2147 947 2210 domm
992 2150 1059 2212 et
1101 2146 1307 2210 modus
1324 2196 1342 2230 ,
1406 2146 1642 2211 inanem
1696 2153 1762 2213 et
1808 2153 2046 2211 uinctus
2093 2146 2370 2232 (vimus)
2391 2192 2408 2223 ‚
2455 2150 2606 2210 cives
2653 2149 2721 2210 et
2763 2146 2952 2221 vices,

562 2275 771 2335 yet-ere
816 2258 881 2317 et
926 2274 1126 2332 ηραν-ε
1141 2301 1160 2336 ,
1206 2252 1395 2315 milite
1441 2256 1506 2317 et
1549 2251 1738 2316 limite
1755 2302 1773 2336 ,
1817 2257 2112 2337 posteriue
2132 2301 2151 2336 ‚
2179 2252 2520 2334 protervius
2536 2298 2552 2328 ,
2578 2250 2950 2325 modoetiam,

569 2359 938 2423 domesticam
1002 2363 1376 2423 commutet.
1448 2356 1531 2422 Et
1594 2365 1808 2424 temen
1867 2360 2060 2424 huius
2120 2360 2490 2424 oscitantiae
2538 2358 2737 2423 etiam
2785 2358 2952 2421 snti-

571 2466 863 2550 quissimi
910 2464 978 2530 hi
1019 2464 1261 2530 codices
1310 2463 1604 2551 exempla
1649 2464 1904 2531 habent.
1952 2464 2410 2531 Permutantur
2447 2462 2848 2550 ‹moe-ivisset
2893 2468 2952 2528 et

569 2572 878 2636 devicisset
924 2570 1014 2635 ΙΙ.
1067 2570 1188 2648 33,
1238 2573 1469 2636 anteire
1516 2579 1582 2638 et
1627 2580 1764 2636 ante
1811 2572 1903 2637 rei
1947 2571 2038 2636 ΙΙ.
2091 2571 2210 2649 31,
2261 2573 2494 2648 eaden»,
2544 2571 2778 2654 aeden,
2829 2567 2948 2648 363

568 2701 633 2744 eo
695 2678 825 2741 istie·
881 2697 994 2763 pro
1045 2684 1133 2742 eis
1176 2679 1291 2744 otii
1338 2682 1593 2765 scripsit
1637 2700 1809 2744 man.
1856 2680 1887 2743 1
1939 2678 1990 2743 Ι.
2040 2676 2163 2763 26,
2209 2676 2445 2755 altera,
2493 2683 2570 2742 nt
2617 2693 2700 2742 ex
2743 2675 2953 2743 Mavii

568 2783 904 2850 collatione
943 2791 1232 2871 apparet,¹
1264 2785 1413 2850 hinc
1442 2805 1734 2870 perverse
1757 2785 1908 2851 fecit
1931 2787 2090 2850 eohie
2111 2785 2223 2850 otii
2235 2804 2252 2862 ;
2281 2785 2504 2848 craevit
2526 2780 2810 2869 (crevitY)
2831 2783 2953 2848 fac-

568 2897 709 2956 tum
730 2889 828 2956 'ex
865 2891 1089 2956 creavit
1120 2891 1197 2956 ΙΙ.
1231 2890 1343 2970 31,
1368 2890 1584 2976 qualia
1605 2891 2063 2977 contemplanti
2083 2912 2209 2957 non
2232 2889 2604 2956 incredibile
2626 2889 2953 2955 videbitur

554 3005 766 3082 postea
811 3002 876 3062 et
910 3003 1110 3081 posita
1157 3000 1328 3063 vices
1375 3007 1658 3064 mutasse
1705 2998 1788 3065 cf.
1827 2998 1906 3064 ad
1951 2997 2035 3063 ΙΙ.
2066 2996 2171 3062 18.
2223 2996 2295 3062 In
2345 2995 2650 3062 Vaticano
2695 2993 2948 3080 Philip-

564 3107 853 3188 picarum
901 3123 1062 3168 saec.
1110 3102 1205 3168 IX
1250 3125 1447 3168 omnes
1490 3109 1557 3169 et
1602 3127 1798 3170 mones
1818 3151 1834 3182 ‚
1889 3126 2070 3190 eaque
2115 3110 2180 3171 et
2226 3124 2414 3189 aquae
2459 3101 2948 3168 confunduntur.

564 3209 1026 3275 Permutantur
1072 3216 1303 3292 excepto
1351 3215 1417 3276 et
1464 3217 1696 3294 especto
1743 3209 1899 3297 Rep.
1947 3209 1996 3275 1.
2040 3207 2127 3275 38
2146 3258 2165 3293 ,
2207 3229 2332 3295 qua
2369 3211 2771 3294 corruptione
2791 3205 2951 3274 Hah

565 3319 739 3382 mius
801 3317 900 3380 nti
961 3319 1210 3400 poterat
1264 3314 1343 3381 ad
1390 3316 1898 3382 emendationem
1945 3329 2132 3381 suam‘
2177 3314 2227 3380 Ι.
2279 3314 2357 3381 9:
2405 3316 2782 3400 („sapientis
2827 3333 2950 3379 non

566 3421 724 3506 esse)
776 3421 877 3487 vel
928 3419 1464 3488 contumeliarum
1509 3423 1773 3488 verbera
1811 3424 2026 3488 subire
2065 3421 2170 3488 vel
2207 3433 2510 3506 exceptare
2533 3421 2806 3506 sapienti
2829 3439 2948 3485 non

564 3527 850 3594 ferendas
895 3527 1205 3593 iniurias'’
1252 3531 1299 3592 i.
1339 3550 1393 3595 e.
1440 3528 1792 3595 identidem
1831 3531 2118 3616 excipere
2136 3574 2152 3607 ‚
2192 3533 2496 3615 perpetuo
2533 3548 2600 3594 se
2623 3547 2948 3613 exponere.

564 3634 807 3700 Statuit
851 3645 1158 3718 aspectare
1205 3655 1329 3701 non
1375 3640 1601 3721 aptum
1650 3655 1802 3702 esse.
1874 3633 1974 3701 of.
2023 3643 2240 3701 tamen
2287 3634 2474 3702 Tusc.
2525 3633 2606 3700 11.
2657 3633 2768 3702 28.

653 3846 881 3915 Aliena
925 3849 993 3914 in
1038 3855 1410 3916 contextum
1459 3855 1713 3936 recepte
1758 3855 1909 3915 sunt
1932 3849 2184 3916 nolente
2208 3856 2274 3915 et
2295 3851 2496 3917 inscio
2518 3850 2781 3917 librario
2799 3896 2817 3927 ‚
2843 3851 2951 3936 qni

562 3957 1127 4040 interpretamenta
1188 3956 1505 4042 adscripta
1550 3976 1664 4041 pro
1712 3957 1922 4022 verbis
1969 3958 2292 4042 scriptoris
2337 3955 2566 4022 habuit
2585 4003 2601 4036 ‚
2648 3962 2763 4022 aut
2809 3977 2948 4024 cer-

562 4063 828 4128 rectioni
878 4081 1001 4127 una
1046 4082 1192 4127 cnm
1242 4069 1535 4148 corrupto
1581 4063 1775 4130 verbo
1818 4062 2032 4129 locum
2081 4063 2293 4142 dedit,
2336 4069 2448 4128 aut
2489 4065 2798 4129 omissum
2842 4081 2948 4130 vo-

562 4168 865 4237 cabulum
886 4215 902 4246 ‚
944 4168 1109 4253 qnod
1153 4189 1189 4236 a
1236 4170 1555 4254 superiore
1602 4168 1860 4236 librario
1909 4172 1977 4234 in
2019 4172 2315 4258 margine
2360 4183 2498 4235 erat
2541 4170 2908 4256 suppletum
2928 4216 2944 4244 ‚

562 4277 661 4342 bis
722 4276 1024 4359 inseruit,
1084 4277 1365 4340 incertus
1428 4275 1540 4341 ubi
1605 4280 1950 4361 reponeret.
2021 4273 2112 4341 Ut
2164 4296 2203 4341 a
2246 4281 2563 4361 postremo
2605 4278 2908 4362 incipiam
2925 4324 2944 4359 ‚

562 4379 841 4467 exempli
900 4378 1039 4446 loco
1097 4381 1184 4446 sit
1241 4379 1353 4446 IV.
1404 4381 1482 4447 4:
1549 4384 1785 4459 „mitto
1843 4389 1988 4466 aput
2041 4379 2229 4450 Eleos
2274 4387 2339 4449 et
2385 4379 2752 4468 Thebanos,
2799 4391 2942 4469 aput
