3150 5000
530 235 665 308 3¹78
1442 273 1449 281 ·
1508 255 1925 306 mnemon

1532 459 1755 529 Ouum
1801 458 1910 525 VI.

620 613 741 700 Ep.
786 612 901 701 27,
950 611 990 682 7

536 796 539 800 ,
1174 721 1691 803 θαλασσοπόρος
1740 721 1927 804 πόρε
1965 721 2222 788 Βαίτων.

529 825 897 893 Admodum
960 830 1502 916 epigrammatum
1565 831 1930 896 auctoribus
1997 829 2248 916 pla-cent
2307 828 2678 894 huiusmodi
2735 846 2903 892 asso-

527 934 803 1000 nantiae.
852 932 965 1000 >Sic
1024 935 1191 1002 infra
1241 934 1391 1014 180,
1442 935 1483 999 5
1524 955 1617 1021 sq.
1665 930 1748 1008 οἷς
1799 933 1944 1012 ἅμα
1992 937 2405 1018 χερσαίαισιν,
2452 933 2568 1012 ἅμ’
2621 935 2904 1014 ἦερίαισιν

532 1040 593 1104 ἐν
655 1037 959 1121 ἄγραις
1006 1047 1041 1119 ΙΙ
1090 1041 1409 1126 mmet,
1478 1039 1594 1119 ἅμ’
1657 1043 1714 1106 ἐν
1778 1051 2097 1126 πλωταῖς,
2145 1046 2222 1114 ὥς
2279 1043 2442 1122 πρίν,
2493 1041 2728 1120 ἀρωγὸς
2791 1039 2904 1114 ἴθι,

529 1153 594 1211 et
641 1145 794 1232 206,
858 1147 898 1212 9
947 1149 1179 1228 πατρὸς
1228 1149 1687 1228 Ἀριστοτέλους
1737 1152 2252 1226 συνομώνυμος·
2304 1151 2370 1213 αἱ
2419 1148 2890 1224 συνομήὂειςΙΙ

532 1249 746 1326 ἅλικες
812 1255 1078 1336 Οὐρανίῃ
1140 1256 1297 1335 δῶρα
1346 1255 1664 1333 Κυθηριαδι
1711 1261 1778 1320 et
1822 1255 1942 1320 VII
1991 1255 2078 1320 62
2128 1262 2312 1333 σῶμα
2357 1256 2423 1320 δὲ
2471 1263 2571 1334 γῆ
2615 1255 2910 1332 γηγενὲς

529 1361 737 1430 'Arbis
786 1359 942 1443 ἔχει.
992 1360 1099 1428 Sic
1144 1362 1207 1426 X
1248 1361 1351 1440 21,
1408 1361 1451 1426 4
1496 1383 1534 1427 a
1584 1363 1877 1448 Philippo
1926 1362 2172 1428 luditur
2219 1366 2285 1427 in
2339 1362 2814 1440 ἧμὶσπαστον
2851 1367 2914 1426 et

536 1474 898 1547 παστῶν,
942 1467 1009 1534 X
1054 1468 1181 1533 119
1223 1473 1289 1534 in
1328 1470 1672 1545 σώματα
1711 1475 1776 1534 et
1818 1471 2189 1554 δώματα,
2229 1469 2706 1556 idgenusalia‚
2751 1487 2915 1553 quae

532 1574 747 1639 omnia
808 1575 1160 1640 adscribere
1221 1575 1315 1640 nil
1378 1579 1626 1640 attinet.
1677 1575 1852 1640 Utile
1897 1581 2113 1644 tamen
2163 1581 2260 1641 est
2305 1577 2672 1641 observasse
2715 1577 2918 1640 etiam

533 1681 767 1746 ideirco
826 1681 995 1765 quod
1058 1681 1287 1746 ducere
1350 1687 1557 1766 potest
1620 1681 1700 1746 ad
1771 1681 2259 1766 depravatorum
2332 1679 2620 1746 locorum
2692 1701 2918 1746 emen-

534 1787 891 1870 dationem,
960 1792 1036 1851 ut
1096 1809 1161 1854 v.
1211 1809 1265 1853 o.
1323 1787 1657 1853 Duebnero
1723 1789 1800 1852 A.
1851 1787 1924 1854 P.
1976 1787 2038 1852 X
2090 1787 2220 1854 103
2265 1787 2656 1853 Pmnommo
2697 1788 2922 1852 admo-

534 1892 688 1958 dum
738 1892 1152 1978 probabiliter
1197 1914 1311 1979 pro
1358 1895 1671 1979 corruptis
1713 1894 1922 1958 verbis
1957 1894 2040 1965 εἰς
2071 1893 2557 1974 κολοκορδόκαλα
2584 1895 2922 1959 restituere

534 2000 807 2086 contigit
870 1997 1095 2064 εὔκολα
1162 1999 1527 2081 χορδόκολα.
1576 1999 1718 2084 Ipse
1765 1999 1884 2065 hae
1931 2003 2370 2066 observatione
2417 2001 2619 2065 fretus
2672 1998 2922 2084 aliquid

533 2105 697 2170 infra
759 2125 906 2193 pag.
974 2105 1105 2170 405
1153 2107 1409 2172 tentabo
1477 2107 1557 2172 ad
1605 2105 1735 2171 XII
1799 2105 1905 2170 65.
1971 2105 2381 2193 saepiuscule
2444 2107 2638 2172 etiam
2705 2105 2922 2170 verbis

533 2208 780 2275 luditur
826 2232 936 2295 per
980 2218 1191 2276 totum
1240 2215 1679 2299 epigramma,
1725 2218 1800 2277 ut
1843 2215 1910 2276 in
1961 2211 2328 2279 Simonideo
2373 2213 2488 2278 illo
2539 2211 2626 2277 VI
2674 2211 2811 2276 216

853 2321 1056 2388 Σῶσος
1105 2318 1209 2382 καὶ
1262 2320 1447 2384 Σωσὼ
1497 2319 1762 2399 σωτήρια
1809 2318 1968 2384 τόνδ’
2011 2319 2309 2394 ἀνέθηκαν

858 2430 1058 2497 Σῶσος
1107 2425 1223 2501 μὲν
1271 2425 1503 2506 σωθείς,
1552 2425 1740 2489 Σωσὼ
1785 2421 1954 2489 δ’ὅτι
2008 2433 2210 2498 Σῶσος
2257 2427 2462 2503 ἐσώθη.

624 2638 741 2726 Ep.
792 2636 903 2726 65,
956 2640 989 2705 1

760 2760 763 2765 '
804 2748 929 2813 Τὸν
974 2748 1315 2835 τροχόεντα
1363 2748 1681 2833 μόλιβδον,
1729 2745 1792 2822 ὃς
1840 2750 2116 2831 ἀτραπὸν
2163 2745 2289 2815 οἶδε
2333 2749 2684 2832 χαράσσειν

894 2856 1035 2936 ὀρθοὶ
1084 2855 1415 2936 παραξύων
1462 2858 1698 2931 ἲθυτενῆ
1747 2856 1994 2929 κανόνα,

805 2962 909 3026 καὶ
958 2962 1237 3042 χάλυβα
1283 2965 1539 3044 σκληρὸν
1587 2958 2119 3043 καλαμηφοίγ
2141 2987 2214 3028 ον
2262 2964 2394 3028 κτὲ.

530 3070 863 3155 Perinepte
922 3069 1155 3135 ealaini
1218 3070 1536 3156 scalprum
1591 3074 1854 3136 vocatur
1901 3071 2118 3134 calami
2156 3092 2302 3144 ερον,
2354 3069 2464 3135 sed
2511 3090 2638 3135 non
2685 3070 2914 3135 dubito

532 3179 685 3262 quin
730 3176 995 3242 Pnums
1040 3180 1352 3262 scriptum
1397 3178 1762 3266 reliquerit:

985 3284 1091 3348 καὶ
1139 3282 1415 3364 χάλυβα
1458 3284 1716 3361 σκληρὸν
1761 3285 2483 3367 καλαμηγλύφον,

532 3394 606 3455 ut
684 3386 1108 3455 Dfflooffluus
1178 3392 1247 3453 in
1310 3390 1511 3477 epigr.
1578 3387 1686 3467 63,
1753 3388 1792 3454 Ι7
1857 3392 2031 3455 idem
2095 3391 2597 3455 instrumentum
2659 3383 2928 3463 vocavit,

531 3494 959 3579 γλύφανον
1003 3496 1292 3573 καλάμου
1344 3501 1407 3561 et
1452 3495 1772 3562 JU‘LIANUS
1819 3496 1927 3583 (ex
1970 3496 2303 3581 praefectis
2352 3496 2664 3584 Aegypti)
2711 3494 2784 3560 in
2832 3497 2914 3560 si-

532 3602 709 3669 milis
757 3606 1121 3690 argumenti
1170 3605 1449 3671 carmine
1498 3602 1606 3682 68,
1658 3601 2196 3685 ’7-γλυπτῆρα
2242 3602 2628 3683 σιδήρεον.

626 3816 745 3903 Ep.
796 3816 900 3882 66.
955 3812 994 3881 '7

714 3923 1021 4001 σπόγγον.
1072 3922 1223 3997 οὶλὸς
1270 3923 1656 4003 βλάστημα,
1705 3930 1908 4005 χυτῆς
1960 3932 2318 4002 λειμῶνα
2371 3924 2712 3999 θαλάσσης.

534 4030 915 4118 Spongiam,
983 4050 1107 4115 qua
1166 4036 1411 4097 veteres
1464 4032 1808 4097 utebantur
1853 4031 1934 4096 ad
1980 4030 2431 4118 abstergendos
2475 4032 2757 4099 calamos
2805 4032 2908 4120 (cf.

533 4136 631 4201 VI
675 4134 829 4214 295,
879 4133 921 4199 2
970 4143 1035 4202 et
1082 4134 1190 4221 65,
1240 4136 1331 4223 8),
1382 4136 1507 4203 dici
1556 4138 1838 4223 potuisse
1885 4158 1922 4201 a
1968 4136 2171 4203 Paulo
2208 4144 2452 4221 pratum
2493 4142 2688 4203 maris
2725 4160 2910 4205 nemo

533 4244 748 4309 erodet
812 4256 875 4309 et
934 4248 1102 4309 reete
1158 4245 1421 4331 negavit
1483 4244 1706 4309 editor.
1769 4243 1996 4309 Latere
2056 4248 2394 4329 suspiceris
2457 4248 2576 4311 sub
2620 4254 2909 4333 corrupta

531 4370 687 4419 voce
750 4370 979 4418 nomen
1041 4349 1295 4436 plantae
1357 4351 1700 4424 terrestris,
1765 4353 1870 4415 oui
1918 4355 2272 4439 comparari
2317 4356 2598 4439 potuerit
2645 4356 2908 4444 spongia
