3150 5000
445 196 532 263 68
1436 213 1840 264 naono-rus.

441 379 576 446 illis
623 378 978 446 ululatibus
1023 383 1088 445 et
1132 381 1188 444 si
1234 379 1388 466 quid
1427 379 1556 446 tale
1593 380 1959 447 Herodotus
1994 381 2201 446 obiter
2236 380 2546 448 voluisset
2582 401 2850 450 memo-

440 487 575 550 riae
630 485 892 571 prodere
911 533 928 564 ‚
1005 487 1360 571 scripsisset
1422 485 1634 552 multo
1698 489 1977 573 apertius
1995 537 2013 571 ,
2075 489 2267 551 sicuti
2330 507 2523 572 supra
2590 487 2759 553 fecit
2821 488 2855 553 Ι

438 589 573 656 202
593 641 611 668 ,
675 591 789 656 ubi
849 598 1063 658 narrat
1120 592 1435 678 quomodo
1495 592 1897 680 Massagetae
1946 613 2024 658 ex
2071 592 2583 680 suffimentorum
2632 614 2845 678 quem

438 697 766 788 imbibunt
810 697 996 764 odore
1009 745 1026 776 ‚
1076 698 1157 764 ad
1201 699 1444 764 rabiem
1494 719 1695 784 usque
1740 701 2117 766 excitentur.
2180 697 2525 765 Perscribit
2562 699 2849 767 Valcke-

439 804 692 868 naerius
737 803 976 870 multas
1021 803 1290 871 aliorum
1345 806 1735 892 conjecturas
1782 804 2066 886 εἰρύονται
2090 855 2105 882 ,
2149 811 2477 886 πυριῶνται
2496 855 2515 890 ,
2555 807 2853 885 aperui-’m

437 933 584 990 ται,
645 909 768 996 ipsi
829 911 1162 992 ρύπτονται
1223 909 1453 998 placet.
1537 910 1725 978 Nihil
1779 911 2011 977 horum
2076 909 2322 977 Steinio
2382 911 2657 1001 dignum
2710 913 2855 980 fuit

436 1017 650 1084 visum
699 1016 868 1104 quod
907 1024 1517 1084 commemoraretur
1551 1023 1619 1083 et
1656 1023 1881 1104 putare
1918 1017 2174 1084 videtur
2212 1019 2497 1097 ὠρύονται
2536 1021 2631 1085 sic
2674 1022 2852 1086 satis

440 1123 598 1189 bene
645 1122 950 1209 explicari
995 1144 1198 1210 posse.
1267 1123 1460 1189 Haud
1509 1123 1680 1190 male
1724 1124 1803 1190 ad
1848 1123 1973 1190 loci
2010 1127 2392 1190 sententiam
2433 1122 2851 1191 Valckenae-

437 1229 575 1294 rius
620 1228 947 1310 ῥύπτονται
997 1232 1251 1316 scripsit
1269 1278 1287 1309 ,
1335 1231 1590 1296 etiamsi
1630 1231 1711 1296 ab
1750 1231 2086 1317 participio
2122 1229 2433 1310 ὦγάμενοι
2454 1275 2471 1308 ,
2510 1232 2856 1316 sapienter

439 1334 707 1400 fortasse
721 1385 740 1420 ,
789 1356 1018 1401 manus
1068 1335 1470 1402 abstinuerit.
1542 1333 1715 1401 Fieri
1760 1342 1971 1424 potest
2014 1343 2091 1402 ut
2137 1341 2270 1402 tam
2317 1335 2569 1402 illustre
2605 1357 2849 1402 exem-

438 1439 623 1524 plum
681 1443 860 1525 sequi
924 1440 1214 1507 deberem
1278 1442 1472 1527 idque
1531 1463 1860 1536 sequerer,
1921 1445 2045 1510 nisi
2108 1444 2263 1508 satis
2320 1441 2483 1508 lenis
2546 1445 2851 1510 mutatio

439 1567 577 1612 sese
635 1547 802 1611 mihi
859 1547 1215 1613 obtulisset.
1299 1548 1466 1630 Quid
1527 1551 1582 1615 si
1630 1547 1993 1615 Herodotus
2039 1549 2318 1633 scripsit:
2374 1549 2425 1614 01
2476 1547 2541 1614 δὲ
2588 1551 2849 1616 Σκύθαι

444 1650 945 1731 διαινόμενοι
1010 1663 1088 1736 τῇ
1162 1653 1342 1736 πυρίῃ
1393 1655 1781 1735 χρίονται
1830 1654 1934 1720 καὶ
1987 1652 2169 1720 τοῦτό
2216 1659 2335 1736 σφι
2383 1653 2520 1719 ἀντὶ
2566 1659 2843 1736 λουτροῦ

443 1757 557 1828 ἔτι.
627 1758 876 1846 Nempe
920 1761 1199 1842 χρίονται
1246 1780 1370 1826 non
1418 1761 1792 1843 ἀλείφονται
1817 1807 1834 1840 ,
1878 1781 2027 1826 nam
2076 1759 2452 1841 ἀλείφεσθαι
2491 1763 2845 1847 proprium

443 1869 541 1930 est
584 1864 1089 1952 voluptariorum
1140 1872 1205 1932 et
1246 1866 1544 1934 mollium
1566 1915 1585 1944 ,
1634 1868 1917 1949 χρίεσθαι
1964 1872 2179 1932 autem
2230 1869 2425 1933 etiam
2464 1868 2696 1933 sobriis
2743 1870 2850 1934 in-

439 1971 692 2036 terdum
743 1975 1069 2052 convenit,
1109 1991 1270 2056 quae
1309 1978 1407 2039 est
1445 1974 1673 2062 Magni
1712 1973 2087 2039 Adversoris
2123 1973 2481 2041 observatio
2518 1972 2597 2038 ad
2624 1971 2848 2040 Athe·

437 2097 671 2143 naeum
713 2099 772 2164 p.
826 2075 992 2156 976,
1041 2076 1153 2164 qui
1192 2077 1593 2145 Clementem
1634 2080 1922 2170 sequitur
1959 2078 2322 2168 Paedagog.
2362 2100 2426 2166 p.
2452 2079 2578 2145 211
2608 2078 2837 2146 Pott.:

437 2180 713 2266 διαφέρει
776 2183 840 2249 δὲ
892 2182 1044 2256 ὅλως
1088 2183 1158 2248 τὸ
1207 2190 1617 2268 μυραλοιφεΐν
1664 2189 1773 2250 τοῦ
1829 2185 1997 2266 μύρῳ
2043 2186 2363 2266 χρίεσθαι·
2414 2185 2487 2252 τὸ
2532 2184 2648 2264 μὲν
2696 2187 2842 2268 γὰρ

438 2289 856 2369 θηλυδριῶδες,
907 2291 976 2355 τὸ
1024 2288 1086 2354 δὲ
1131 2288 1416 2370 χρίεσθαι
1466 2292 1550 2373 τῷ
1598 2290 1765 2373 μύρῳ
1815 2290 1917 2356 καὶ
1966 2299 2289 2357 λυσιτελεῖ
2330 2288 2451 2358 ἔσθ’
2487 2286 2609 2356 ὅτε.
2661 2300 2843 2358 Kav-

441 2394 803 2473 ναβισθῆναι
863 2393 1216 2482 appellant,
1272 2395 1440 2482 quod
1487 2395 1768 2484 Scythae
1812 2398 2089 2463 faciunt:
2138 2398 2408 2464 verbum
2454 2395 2840 2484 Hesychius

437 2504 926 2589 interpretatur:
987 2501 1132 2584 πρὸς
1191 2503 1304 2577 τὺν
1353 2502 1657 2582 κάνναβιν
1704 2503 2016 2585 ἐξιδρῶσαι
2064 2506 2169 2568 καὶ
2218 2504 2657 2581 πυριασθῆναι.
2706 2526 2839 2571 nec

440 2610 788 2695 quidquam
838 2609 1048 2687 addit,
1097 2610 1196 2675 uti
1243 2608 1453 2685 vides,
1504 2608 1583 2675 de
1630 2608 1983 2676 ululatibus
2021 2630 2179 2695 quos
2216 2609 2474 2677 tollunt.
2512 2609 2629 2676 Est
2667 2630 2839 2695 quo-

437 2735 560 2800 que
613 2735 838 2802 operae
892 2717 1172 2801 pretium
1235 2714 1463 2781 addere
1519 2714 1689 2801 quod
1748 2713 1976 2782 Strabo
2036 2714 2127 2781 III
2182 2736 2246 2801 p.
2302 2718 2332 2780 l
2346 2715 2432 2781 54
2490 2714 2687 2781 habet
2754 2716 2840 2783 de

438 2818 802 2901 Lusitanis,
848 2824 960 2907 qui
1009 2828 1378 2894 Λακωνικῶς
1429 2820 1751 2900 διάγουσι,
1798 2822 2208 2901 ἄλειπτηρίοις
2249 2822 2547 2902 χρώμενοι
2584 2820 2676 2894 δὶς
2716 2824 2838 2889 καὶ

439 2930 692 3009 πυρίαις,
735 2929 803 2994 ἐκ
850 2929 1029 2994 λίθων
1075 2929 1386 3010 διαπύρων
1437 2927 1541 2993 καὶ
1590 2933 2177 3011 ψυχρολουτοῦντες.

524 3033 718 3101 Lenis
783 3036 1052 3119 denique
1112 3036 1388 3100 mutatio
1444 3038 1540 3101 est
1599 3055 1713 3121 pro
1776 3036 2063 3115 ὠρύονται
2124 3035 2467 3101 rescribere
2514 3033 2837 3117 χρίονται.

439 3140 549 3209 sio
611 3142 836 3208 Mnem·
898 3140 1068 3207 XIX
1117 3139 1204 3209 3¹7
1251 3141 1419 3227 apud
1467 3140 1823 3207 Lucianum
1873 3139 1951 3207 de
1996 3139 2196 3209 Merc.
2246 3142 2425 3209 cond.
2470 3162 2523 3207 c.
2572 3138 2661 3207 27
2707 3162 2835 3227 pro

435 3247 578 3315 οὔτε
620 3247 664 3330 ᾧ
685 3247 760 3313 ὸν
809 3245 977 3326 ἔχεις
1022 3244 1202 3327 μόνος
1240 3250 1590 3313 necessaria
1626 3249 1726 3312 uti
1762 3248 2035 3313 arbitror
2071 3250 2453 3314 correctione
2492 3248 2827 3333 rescripsi:

437 3354 579 3421 οὔτε
623 3377 713 3436 χι
736 3353 832 3420 ἄν’
880 3350 1048 3433 ἔχεις
1087 3352 1285 3433 μόνος.
1339 3350 1640 3419 Ceterum
1676 3352 1949 3419 libenter
1980 3372 2125 3419 mea
2162 3354 2325 3420 facio
2368 3352 2833 3420 Valckenaerii

433 3462 658 3530 verba:
722 3460 986 3542 Quando
1044 3480 1196 3528 vera
1262 3458 1366 3526 vel
1419 3460 1767 3527 adinventa
1827 3460 1932 3527 vel
1978 3459 2312 3528 adfirmata
2354 3460 2547 3527 fuerit
2591 3458 2795 3527 lectio
2811 3506 2831 3541 ‚

435 3588 583 3636 mea
633 3588 782 3635 cum
827 3564 1092 3653 reliquis
1141 3566 1406 3633 refutari
1448 3566 1685 3652 poterit
1731 3566 2107 3651 conjectura.

527 3782 644 3849 lv.
705 3781 793 3848 94
853 3783 1128 3847 mittunt
1175 3779 1449 3849 Thraces
1493 3778 1822 3846 hominem
1871 3779 1980 3864 qui
2028 3799 2096 3845 se
2143 3779 2399 3846 devovit
2443 3800 2590 3845 cum
2636 3800 2829 3847 man·

436 3888 603 3956 datis
657 3888 738 3955 ad
799 3886 1168 3955 Zalmoxin:
1234 3887 1625 3953 ἐντέλλονται
1689 3883 1741 3949 δ’
1802 3882 1892 3949 ἔτι
1944 3883 2171 3966 ζώοντι.
2242 3882 2379 3951 Aut
2423 3884 2577 3951 haec
2630 3888 2829 3955 verba

435 3997 648 4083 spuria
704 4000 855 4061 sunt
913 4002 1026 4061 aut
1081 3993 1296 4061 nullae
1361 3994 1530 4081 apud
1590 3991 1990 4057 Herodotum
2055 3990 2570 4077 interpolationes
2632 3998 2829 4081 argui

437 4106 716 4189 possunt.
792 4100 1026 4167 Itidem
1092 4100 1612 4186 interpolationes
1671 4096 1891 4163 notavi
1954 4099 2239 4182 sequenti
2301 4100 2536 4182 capite:
2600 4100 2669 4162 οὐ
2735 4102 2825 4181 τῷ

441 4206 831 4289 ἄσθενεςιέτῳ
876 4213 1104 4290 σοφιςῇ
1156 4204 1535 4293 [Πυθαγόρῃ]
1586 4208 1653 4270 et
1696 4203 1747 4268 οἱ
1795 4200 1860 4267 δέ
1899 4225 2005 4282 μιν
2044 4201 2319 4287 [ἐπόθεόν
2351 4226 2423 4268 τε
2462 4201 2601 4289 καὶ]
2644 4205 2827 4272 ἐπέν-

441 4316 564 4385 θεον
608 4318 686 4391 ὥς
731 4315 1054 4381 τεθνεῶτα.
