3150 5000
1185 333 1444 384 csssms
1485 333 1617 384 mo.
2459 311 2592 380 818

245 497 350 562 εἶτ’
401 496 572 572 ὄντως
635 495 824 570 οὕτως
885 497 1009 562 εἴτε
1075 498 1178 562 καὶ
1245 498 1456 578 ἑτέρως
1503 523 1633 570 πως
1684 496 1842 577 ἔχει.
1893 498 2227 575 προσέσται
2278 497 2487 576 μέντοι
2532 522 2593 563 τι

245 605 430 676 αὐτοῖς
487 604 596 670 καὶ
639 612 752 678 τῆς
799 603 952 681 ἐμῆς
999 601 1294 680 δοξασίας
1313 651 1332 682 ,
1379 606 1441 677 ἐς
1491 599 1626 669 ὅσον
1674 601 2028 682 ἐνδέχεται,
2082 605 2143 667 ἐν
2190 597 2277 676 οἶς
2324 602 2485 670 ἄλλο
2530 629 2591 670 τι

243 713 460 786 μᾶλλον
518 711 553 785 ἦ
618 710 690 776 τὸ
751 708 1144 790 θρυλούμενον
1209 709 1495 785 ἠδυνήθην
1543 710 1615 774 ἐκ
1670 715 1914 774 πολλῶν
1960 703 2038 772 ὧν
2086 707 2357 787 ἀνέγνων
2403 710 2438 786 ἢ
2486 709 2591 775 καὶ

243 815 446 889 ἥκουσα
497 816 533 891 ἢ
587 815 695 881 καὶ
745 810 900 882 εἶδον
947 817 1393 895 τεκμήρασθαι.
1463 815 1550 881 Et
1594 835 1815 881 rursus
1862 814 1979 893 54,
2036 814 2119 879 15
2160 817 2227 879 οὐ
2262 816 2392 896 γὰρ
2430 813 2595 882 ἔστιν

242 919 480 1000 ἀκριβεῖς
524 921 611 985 τὰ
657 926 924 988 τοιαῦτα
962 930 1088 996 τοῖς
1129 920 1241 998 ἔξω
1277 924 1480 986 αὐτῶν
1523 917 1685 987 οὖσιν
1726 919 1983 986 εἰδέναι·
2013 959 2093 970 -
2125 921 2229 986 καὶ
2272 921 2377 988 διὰ
2414 927 2593 990 τοῦτο

243 1027 330 1092 καὶ
387 1028 504 1106 ἐγῶ
563 1027 817 1106 γνώμην
881 1025 1010 1110 ἔχω
1072 1030 1208 1106 περὶ
1277 1027 1524 1094 πάντων
1587 1035 1706 1093 τῶν
1764 1026 2229 1106 τοιουτοτρόπων
2292 1028 2463 1094 αὐτὰ
2507 1029 2595 1095 τὰ

241 1131 531 1211 λεγόμενα
591 1132 1005 1216 συγγράψαι,
1073 1134 1262 1211 μηδὲν
1324 1135 1474 1214 ὑπὲρ
1529 1134 1617 1199 τὰ
1663 1132 2221 1218 δεδημοσιωμένα,
2267 1135 2431 1209 πλην
2475 1143 2594 1204 τῶν

244 1237 386 1304 τάνυ
412 1245 724 1324 Φανερῦν,
764 1241 930 1318 μήτε
969 1247 1498 1320 πολυπραγμονῶν
1529 1241 1675 1317 μήθ’
1700 1239 2051 1317 ὑπολέγων,
2079 1239 2228 1316 μήτ’
2262 1240 2313 1304 εἰ
2347 1241 2591 1314 δικαίως

242 1345 370 1420 μήτ’
411 1347 464 1410 εί
511 1347 733 1418 aalma
789 1369 848 1412 τι
897 1347 1120 1426 γέγονε
1140 1393 1158 1424 ,
1205 1347 1356 1425 μήτ’
1405 1348 1457 1412 εί
1498 1346 1733 1422 ψευδῶς
1779 1346 1929 1422 μήτ’
1968 1346 2019 1409 εἲ
2060 1346 2299 1420 ἀληθῶς
2341 1344 2595 1426 εἴρηται.

241 1450 638 1517 καὶτοῦτο
688 1451 833 1530 μέν
877 1477 1012 1530 μοι
1061 1451 1196 1519 καὶ
1245 1453 1466 1518 κατὰ
1511 1457 1658 1516 τῶν
1702 1451 1919 1528 μετὰ,
1965 1455 2234 1517 ταῦτα
2284 1458 2595 1534 γραφη-

239 1556 564 1634 σομένων
609 1557 968 1637 εἰρήσθω.
1039 1557 1310 1644 Saepius
1354 1559 1510 1624 talis
1555 1559 1817 1642 repetit,
1870 1563 1935 1622 et
1976 1557 2071 1622 ibi
2116 1577 2365 1642 quoque
2410 1564 2596 1624 caute

239 1667 293 1728 et
339 1666 788 1751 circumspecte
834 1664 1079 1730 iudicat
1095 1711 1112 1740 ‚
1164 1664 1275 1729 ubi
1320 1664 1388 1729 id
1435 1665 1707 1729 minime
1754 1665 2239 1748 exspectaveris.
2288 1663 2464 1744 Libri
2506 1663 2591 1729 55

239 1769 400 1835 initio
433 1770 646 1835 Druso
663 1817 680 1846 ‚
723 1769 964 1836 Tiberii
1003 1771 1184 1836 fratri
1208 1771 1276 1835 in
1316 1767 1727 1836 Germaniam
1754 1769 2121 1850 invadenti,
2146 1769 2452 1835 feminam
2476 1769 2594 1835 hu·

239 1895 404 1940 mana
457 1877 666 1960 specie
723 1875 1126 1963 grandiorem
1192 1877 1452 1942 obviam
1514 1877 1762 1940 venisse
1816 1877 2061 1951 narrat,
2111 1895 2271 1959 quae
2318 1883 2591 1941 mortem

239 1981 552 2048 instantem
601 1983 950 2047 vaticinata
993 1981 1265 2046 ulterius
1310 1981 1609 2068 progredi
1655 1985 1929 2056 vetaret,
1988 1979 2190 2060 (idem
2237 1981 2387 2046 vide
2424 1981 2593 2066 apud

241 2081 590 2152 Suetonium
641 2109 704 2152 v.
753 2084 981 2154 Claud.
1027 2087 1111 2170 1).
1161 2086 1330 2152 Tum
1370 2089 1617 2173 pergit:
1656 2085 2016 2160 θαυμαστὸν
2052 2086 2167 2163 μὲν
2204 2081 2303 2150 οὖν
2344 2085 2417 2150 τό
2452 2109 2593 2152 τινα

239 2191 418 2269 Φωνὺν
475 2195 656 2270 παρὰ
709 2197 818 2258 τοῦ
871 2191 1182 2270 δαιμονίου
1243 2189 1534 2265 τοιαύτην
1596 2214 1681 2271 τῳ
1738 2191 2069 2270 γενέσθαι,
2118 2191 2186 2255 οὖ
2232 2191 2441 2269 μέντοι
2487 2193 2592 2257 καὶ

243 2296 500 2362 ἀπιστεῖν
563 2294 716 2378 ἔχω.
785 2297 878 2364 At
937 2300 1150 2376 nobis,
1219 2298 1406 2364 credo
1423 2345 1440 2374 ‚
1489 2299 1696 2364 maior
1740 2297 2079 2363 admiratio
2126 2298 2303 2362 subit
2348 2300 2595 2365 animos

242 2400 330 2466 vel
363 2409 670 2488 punctum
716 2406 1024 2488 temporis
1067 2403 1144 2469 de
1192 2404 1310 2469 hac
1357 2424 1424 2470 re
1471 2422 1619 2469 eum
1660 2403 1983 2468 dubitasse
2002 2451 2019 2485 ,
2061 2404 2173 2487 qui
2196 2404 2503 2488 seipsum
2526 2406 2594 2470 in

241 2528 434 2575 somno
494 2531 651 2577 voce
711 2511 930 2577 divina
985 2511 1063 2576 ad
1113 2511 1444 2577 historiam
1495 2510 2007 2576 conscribendam
2054 2508 2408 2595 impulsum
2460 2532 2595 2578 esse

242 2634 400 2701 saepe
457 2616 814 2703 praedicet,
879 2637 976 2703 ep.
1041 2616 1166 2692 ¹72,
1235 2616 1322 2682 23
1385 2617 1491 2700 (cf.
1543 2614 1671 2699 ¹78,
1725 2614 1857 2699 10).
1934 2615 2079 2680 Nisi
2125 2615 2287 2681 forte
2331 2618 2417 2697 τῷ
2464 2616 2594 2681 aas·

243 2722 396 2801 μονίῳ
453 2720 782 2787 difficilius
842 2727 940 2787 est
998 2724 1247 2787 homini
1307 2720 1611 2807 vigilanti
1670 2740 1862 2806 quam
1934 2720 2277 2785 dormienti
2348 2719 2594 2807 aliquid

242 2825 604 2913 praecipere!
654 2826 728 2892 In
774 2829 908 2895 suis
953 2834 1171 2893 autem
1211 2829 1610 2913 temporibus
1649 2826 2009 2892 enarrandis
2049 2829 2264 2892 omnis
2285 2872 2301 2905 ‚
2340 2830 2595 2895 minuta

245 2950 496 3019 quoque,
537 2940 830 3000 accurate
866 2936 1156 3019 persequi
1193 2955 1262 3000 se
1298 2933 1464 2999 velle
1511 2931 1839 3019 profitetur
1865 2929 1955 3018 ¹),
2003 2939 2193 3017 atque
2236 2935 2433 2998 etism
2482 2954 2557 2999 es
2578 2982 2593 3009 ‚

246 3056 378 3120 quae
441 3041 746 3106 historiae
801 3040 1120 3129 gravitate
1181 3060 1408 3125 parum
1471 3040 1669 3127 digna
1728 3039 2005 3124 cuipiam
2079 3038 2285 3103 videri
2353 3042 2597 3123 pomint

247 3139 408 3226 ὅςτερ
462 3169 524 3211 τι
591 3143 754 3210 ἄλλο
813 3152 930 3210 τῶν
995 3146 1314 3224 μεγίστων
1361 3145 1464 3210 καὶ
1518 3144 2042 3222 ἀναγκαιοτάτων
2087 3153 2165 3225 τῇ
2214 3147 2429 3227 μνήμη
2474 3146 2596 3210 τῶν

245 3246 504 3317 leba-esra
569 3249 864 3327 ἐσομένων
925 3251 1304 3331 παραδοῦναι
1367 3254 1490 3339 (ep.
1558 3246 1645 3318 '72
1667 3300 1685 3335 ,
1752 3248 1883 3333 18).
1965 3250 2190 3335 Neque
2248 3252 2485 3316 iniuria
2527 3253 2597 3316 in

245 3350 344 3421 hac
395 3356 623 3423 ultima
679 3362 860 3443 parte
921 3359 1296 3445 nugatoriae
1355 3356 1645 3424 levitatis
1704 3362 2038 3422 accusatur
2100 3355 2210 3435 (cf.
2272 3376 2327 3421 e.
2378 3378 2446 3444 g.
2494 3376 2593 3443 ep.

249 3454 339 3535 76,
382 3460 470 3547 8).
517 3460 776 3527 Nollem
821 3468 1040 3528 tamen
1087 3461 1460 3528 Reimarum
1509 3472 1596 3548 (p.
1653 3461 1857 3541 1541)
1894 3466 2195 3545 questum
2234 3480 2403 3547 esse,
2442 3481 2593 3528 eum

245 3560 301 3625 in
347 3572 544 3632 aetate
601 3570 1014 3651 imperatoria
1073 3568 1420 3634 enarranda
1485 3566 1769 3645 „multas
1830 3587 1931 3632 res
1976 3566 2387 3655 gravissimas
2432 3588 2597 3653 quae

247 3666 334 3732 vel
382 3672 458 3737 ad
519 3674 802 3739 universi
855 3674 1018 3738 iuris
1076 3671 1183 3739 vel
1231 3679 1401 3740 certe
1445 3674 1705 3758 imperii
1753 3670 2027 3737 Romani
2074 3672 2595 3739 constitutionem

249 3777 643 3854 pertinerent”
717 3775 1074 3865 neglexisse
1143 3785 1256 3845 aut
1324 3782 1438 3844 vix
1506 3780 1713 3844 obiter
1778 3780 2091 3865 attigisse.
2184 3776 2596 3863 Xiphilinum

249 3882 432 3959 potius
485 3888 850 3949 accusatum
917 3886 1233 3967 oportuit,
1305 3904 1454 3949 nam
1507 3885 1747 3968 ubique
1806 3883 2103 3949 videmus
2164 3882 2596 3969 Byzantinum

250 3978 539 4053 hominem
577 3987 788 4053 levem
832 3994 897 4054 et
931 3988 1185 4055 futilem
1229 3988 1604 4055 huiusmodi
1640 3987 2145 4055 narratiunculas
2192 3987 2412 4055 sedulo
2452 4010 2597 4056 con-

251 4090 566 4169 quirentem
629 4114 780 4159 cum
837 4114 936 4161 res
995 4096 1309 4181 gravioris
1371 4098 1683 4162 momenti
1742 4097 1809 4159 in
1872 4095 2065 4162 breve
2108 4094 2439 4161 contrahat
2484 4102 2598 4162 aut

253 4197 476 4264 omnino
519 4200 801 4265 omittat.

285 4348 352 4475 ὰ1)
376 4352 546 4493 ἱέντα
577 4356 650 4405 τὸ
690 4350 773 4405 ἔπ’
809 4350 934 4415 ἔμοῦ
971 4353 1264 4418 πραχθέντα
1298 4355 1384 4406 καὶ
1417 4354 1778 4420 meumes»
1814 4354 1901 4405 καὶ
1930 4354 2295 4420 meamea
2330 4358 2529 4419 ulmi·
2559 4354 2591 4413 ἢ

257 4440 288 4471 '¹'
341 4446 374 4479 π
453 4451 548 4497 spa.
