<?xml version="1.0" encoding="UTF-8"?>
<!DOCTYPE html PUBLIC "-//W3C//DTD XHTML 1.0 Transitional//EN"
    "http://www.w3.org/TR/xhtml1/DTD/xhtml1-transitional.dtd">
<html xmlns="http://www.w3.org/1999/xhtml" xml:lang="en" lang="en">
 <head>
  <title>
</title>
<meta http-equiv="Content-Type" content="text/html;charset=utf-8" />
  <meta name='ocr-system' content='tesseract 3.04.00' />
  <meta name='ocr-capabilities' content='ocr_page ocr_carea ocr_par ocr_line ocrx_word'/>
</head>
<body>
  <div class='ocr_page' id='page_1' title='image "./mnemosyne06servgoog_0875.png"; bbox 0 0 3150 5000; ppageno 0'>
   <div class='ocr_carea' id='block_1_1' title="bbox 1276 185 2618 259">
    <p class='ocr_par' dir='ltr' id='par_1_1' title="bbox 1276 185 2618 259">
     <span class='ocr_line' id='line_1_1' title="bbox 1276 185 2618 259; baseline 0.001 -1"><span class='ocrx_word' id='word_1_1' title='bbox 1276 205 1596 258; x_wconf 65' lang='lat' dir='ltr'><strong>mmmm</strong></span> <span class='ocrx_word' id='word_1_2' title='bbox 2485 185 2618 259; x_wconf 79' lang='lat'><strong>397</strong></span> 
     </span>
    </p>
   </div>
   <div class='ocr_carea' id='block_1_2' title="bbox 229 375 2357 784">
    <p class='ocr_par' dir='ltr' id='par_1_2' title="bbox 229 375 2357 784">
     <span class='ocr_line' id='line_1_2' title="bbox 324 375 1596 465; baseline -0.001 -22"><span class='ocrx_word' id='word_1_3' title='bbox 324 377 443 465; x_wconf 83' lang='lat' dir='ltr'><strong>Ep.</strong></span> <span class='ocrx_word' id='word_1_4' title='bbox 488 375 642 456; x_wconf 83' lang='lat'>384,</span> <span class='ocrx_word' id='word_1_5' title='bbox 694 377 796 443; x_wconf 84' lang='lat'><strong>19.</strong></span> <span class='ocrx_word' id='word_1_6' title='bbox 850 379 960 444; x_wconf 87' lang='lat' dir='ltr'><strong>Ait</strong></span> <span class='ocrx_word' id='word_1_7' title='bbox 1004 380 1243 444; x_wconf 80' lang='lat' dir='ltr'>mensis</span> <span class='ocrx_word' id='word_1_8' title='bbox 1290 376 1596 444; x_wconf 80' lang='lat' dir='ltr'><strong>October:</strong></span> 
     </span>
     <span class='ocr_line' id='line_1_3' title="bbox 505 479 2357 568; baseline 0 -17"><span class='ocrx_word' id='word_1_9' title='bbox 505 485 621 558; x_wconf 78' lang='grc' dir='ltr'><strong>Τίς</strong></span> <span class='ocrx_word' id='word_1_10' title='bbox 673 484 735 550; x_wconf 81' lang='grc' dir='ltr'><strong>δέ</strong></span> <span class='ocrx_word' id='word_1_11' title='bbox 783 483 841 550; x_wconf 84' lang='grc' dir='ltr'><strong>κ’</strong></span> <span class='ocrx_word' id='word_1_12' title='bbox 891 485 1059 564; x_wconf 80' lang='grc' dir='ltr'><strong><em>ἐμεῖο</em></strong></span> <span class='ocrx_word' id='word_1_13' title='bbox 1109 486 1284 551; x_wconf 79' lang='grc' dir='ltr'><strong><em>πέλοι</em></strong></span> <span class='ocrx_word' id='word_1_14' title='bbox 1336 485 1808 566; x_wconf 79' lang='grc' dir='ltr'><strong><em>γλυκερώτερος,</em></strong></span> <span class='ocrx_word' id='word_1_15' title='bbox 1857 479 1919 557; x_wconf 81' lang='grc' dir='ltr'><strong>ὃς</strong></span> <span class='ocrx_word' id='word_1_16' title='bbox 1967 481 2120 562; x_wconf 78' lang='grc' dir='ltr'><strong><em>μέθυ</em></strong></span> <span class='ocrx_word' id='word_1_17' title='bbox 2165 485 2357 568; x_wconf 77' lang='grc' dir='ltr'><strong><em>χεύω,</em></strong></span> 
     </span>
     <span class='ocr_line' id='line_1_4' title="bbox 509 589 2136 674; baseline -0.001 -17"><span class='ocrx_word' id='word_1_18' title='bbox 509 592 666 674; x_wconf 73' lang='grc' dir='ltr'><strong><em>ληνῷ</em></strong></span> <span class='ocrx_word' id='word_1_19' title='bbox 715 590 894 657; x_wconf 75' lang='grc' dir='ltr'><strong>ἐπεὶ</strong></span> <span class='ocrx_word' id='word_1_20' title='bbox 944 592 1289 672; x_wconf 68' lang='grc' dir='ltr'><strong><em>κατῶγω</em></strong></span> <span class='ocrx_word' id='word_1_21' title='bbox 1338 591 1586 672; x_wconf 69' lang='grc' dir='ltr'><strong><em>Βάκχον</em></strong></span> <span class='ocrx_word' id='word_1_22' title='bbox 1633 593 1750 656; x_wconf 68' lang='grc' dir='ltr'><strong>ἀπ’</strong></span> <span class='ocrx_word' id='word_1_23' title='bbox 1798 589 2136 668; x_wconf 71' lang='grc' dir='ltr'><strong><em>οἶνοπέδους</em></strong></span> 
     </span>
     <span class='ocr_line' id='line_1_5' title="bbox 229 696 1204 784; baseline 0.003 -22"><span class='ocrx_word' id='word_1_24' title='bbox 229 696 513 784; x_wconf 83' lang='lat' dir='ltr'><strong>Requiro</strong></span> <span class='ocrx_word' id='word_1_25' title='bbox 560 698 738 765; x_wconf 73' lang='grc' dir='ltr'><strong>ἐπεί</strong></span> <span class='ocrx_word' id='word_1_26' title='bbox 787 702 845 764; x_wconf 77' lang='grc' dir='ltr'><strong>κ’</strong></span> <span class='ocrx_word' id='word_1_27' title='bbox 891 697 1204 778; x_wconf 66' lang='grc' dir='ltr'><strong>ἀγάγω.</strong></span> 
     </span>
    </p>
   </div>
   <div class='ocr_carea' id='block_1_3' title="bbox 216 913 2614 1848">
    <p class='ocr_par' dir='ltr' id='par_1_3' title="bbox 216 913 2614 1848">
     <span class='ocr_line' id='line_1_6' title="bbox 316 913 735 1002; baseline 0 -20"><span class='ocrx_word' id='word_1_28' title='bbox 316 915 441 1002; x_wconf 90' lang='grc' dir='ltr'><strong>ΕΡ.</strong></span> <span class='ocrx_word' id='word_1_29' title='bbox 490 913 647 996; x_wconf 83' lang='grc'><strong>391,</strong></span> <span class='ocrx_word' id='word_1_30' title='bbox 694 915 735 982; x_wconf 85' lang='grc'><strong>3</strong></span> 
     </span>
     <span class='ocr_line' id='line_1_7' title="bbox 586 1021 2300 1112; baseline 0.002 -25"><span class='ocrx_word' id='word_1_31' title='bbox 586 1030 789 1089; x_wconf 68' lang='grc' dir='ltr'><strong><em>κεῖται</em></strong></span> <span class='ocrx_word' id='word_1_32' title='bbox 836 1023 899 1091; x_wconf 77' lang='grc' dir='ltr'><strong>δέ</strong></span> <span class='ocrx_word' id='word_1_33' title='bbox 946 1031 1097 1108; x_wconf 80' lang='grc' dir='ltr'><strong><em>σφιν</em></strong></span> <span class='ocrx_word' id='word_1_34' title='bbox 1145 1027 1317 1103; x_wconf 71' lang='grc' dir='ltr'><strong><em>ἀγὼν</em></strong></span> <span class='ocrx_word' id='word_1_35' title='bbox 1362 1025 1429 1091; x_wconf 82' lang='grc' dir='ltr'><strong>ού</strong></span> <span class='ocrx_word' id='word_1_36' title='bbox 1475 1024 1738 1106; x_wconf 65' lang='grc' dir='ltr'><strong><em>χωλκέω</em></strong></span> <span class='ocrx_word' id='word_1_37' title='bbox 1786 1024 1962 1105; x_wconf 70' lang='grc' dir='ltr'><strong>ἀμφὶ</strong></span> <span class='ocrx_word' id='word_1_38' title='bbox 2011 1021 2300 1112; x_wconf 83' lang='grc' dir='ltr'><strong><em>λέβητος,</em></strong></span> 
     </span>
     <span class='ocr_line' id='line_1_8' title="bbox 680 1127 2048 1212; baseline 0 -16"><span class='ocrx_word' id='word_1_39' title='bbox 680 1131 833 1197; x_wconf 69' lang='grc' dir='ltr'><strong><em>ἀλλ’</em></strong></span> <span class='ocrx_word' id='word_1_40' title='bbox 879 1127 1043 1205; x_wconf 80' lang='grc' dir='ltr'><strong><em>ὅστις</em></strong></span> <span class='ocrx_word' id='word_1_41' title='bbox 1094 1132 1255 1212; x_wconf 71' lang='grc' dir='ltr'><strong><em>ζωὰν</em></strong></span> <span class='ocrx_word' id='word_1_42' title='bbox 1303 1131 1633 1197; x_wconf 71' lang='grc' dir='ltr'><strong><em>εἵσεται</em></strong></span> <span class='ocrx_word' id='word_1_43' title='bbox 1681 1132 1715 1207; x_wconf 77' lang='grc' dir='ltr'>ἢ</span> <span class='ocrx_word' id='word_1_44' title='bbox 1767 1131 2048 1197; x_wconf 68' lang='grc' dir='ltr'><strong>θάνατον.</strong></span> 
     </span>
     <span class='ocr_line' id='line_1_9' title="bbox 222 1235 2612 1324; baseline 0.001 -22"><span class='ocrx_word' id='word_1_45' title='bbox 222 1235 390 1317; x_wconf 79' lang='lat' dir='ltr'><strong>Quia</strong></span> <span class='ocrx_word' id='word_1_46' title='bbox 457 1238 593 1304; x_wconf 78' lang='lat' dir='ltr'><strong>vita</strong></span> <span class='ocrx_word' id='word_1_47' title='bbox 638 1240 707 1302; x_wconf 89' lang='lat' dir='ltr'><strong>in</strong></span> <span class='ocrx_word' id='word_1_48' title='bbox 752 1239 871 1305; x_wconf 90' lang='lat' dir='ltr'><strong>hoc</strong></span> <span class='ocrx_word' id='word_1_49' title='bbox 916 1243 1263 1306; x_wconf 86' lang='lat' dir='ltr'><strong>certamine</strong></span> <span class='ocrx_word' id='word_1_50' title='bbox 1310 1240 1540 1306; x_wconf 79' lang='lat' dir='ltr'><strong>victori</strong></span> <span class='ocrx_word' id='word_1_51' title='bbox 1589 1240 1948 1324; x_wconf 87' lang='lat' dir='ltr'><strong>praemium</strong></span> <span class='ocrx_word' id='word_1_52' title='bbox 1998 1243 2130 1316; x_wconf 87' lang='lat' dir='ltr'><strong>est,</strong></span> <span class='ocrx_word' id='word_1_53' title='bbox 2182 1236 2384 1324; x_wconf 89' lang='lat' dir='ltr'><strong>deque</strong></span> <span class='ocrx_word' id='word_1_54' title='bbox 2429 1257 2612 1323; x_wconf 89' lang='lat' dir='ltr'><strong>prae-</strong></span> 
     </span>
     <span class='ocr_line' id='line_1_10' title="bbox 220 1341 2614 1424; baseline 0 -17"><span class='ocrx_word' id='word_1_55' title='bbox 220 1346 353 1408; x_wconf 90' lang='lat' dir='ltr'><strong>mio</strong></span> <span class='ocrx_word' id='word_1_56' title='bbox 417 1341 711 1408; x_wconf 78' lang='lat' dir='ltr'>sollemni</span> <span class='ocrx_word' id='word_1_57' title='bbox 759 1366 881 1409; x_wconf 87' lang='lat' dir='ltr'><strong>usu</strong></span> <span class='ocrx_word' id='word_1_58' title='bbox 926 1345 1265 1412; x_wconf 77' lang='lat' dir='ltr'><strong>adhibetur</strong></span> <span class='ocrx_word' id='word_1_59' title='bbox 1309 1345 1576 1414; x_wconf 82' lang='lat' dir='ltr'><strong>verbum</strong></span> <span class='ocrx_word' id='word_1_60' title='bbox 1627 1345 1918 1424; x_wconf 70' lang='grc' dir='ltr'><strong><em>Φέρεσθαι</em></strong></span> <span class='ocrx_word' id='word_1_61' title='bbox 1937 1392 1954 1421; x_wconf 87' lang='grc'><strong><em>,</em></strong></span> <span class='ocrx_word' id='word_1_62' title='bbox 2007 1346 2141 1410; x_wconf 86' lang='lat' dir='ltr'><strong>sine</strong></span> <span class='ocrx_word' id='word_1_63' title='bbox 2189 1346 2614 1410; x_wconf 83' lang='lat' dir='ltr'><strong>controversia</strong></span> 
     </span>
     <span class='ocr_line' id='line_1_11' title="bbox 217 1449 2613 1537; baseline 0.002 -25"><span class='ocrx_word' id='word_1_64' title='bbox 217 1449 284 1512; x_wconf 90' lang='lat' dir='ltr'><strong>in</strong></span> <span class='ocrx_word' id='word_1_65' title='bbox 324 1449 447 1514; x_wconf 89' lang='lat' dir='ltr'><strong>hoc</strong></span> <span class='ocrx_word' id='word_1_66' title='bbox 488 1449 753 1514; x_wconf 81' lang='lat' dir='ltr'><strong>D1o¹m11</strong></span> <span class='ocrx_word' id='word_1_67' title='bbox 796 1455 1074 1517; x_wconf 79' lang='lat' dir='ltr'><strong>carmine</strong></span> <span class='ocrx_word' id='word_1_68' title='bbox 1114 1455 1392 1537; x_wconf 78' lang='lat' dir='ltr'><strong>praestat</strong></span> <span class='ocrx_word' id='word_1_69' title='bbox 1434 1450 1768 1516; x_wconf 87' lang='lat' dir='ltr'><strong>Planudea</strong></span> <span class='ocrx_word' id='word_1_70' title='bbox 1812 1451 2002 1518; x_wconf 87' lang='lat' dir='ltr'><strong>lectio</strong></span> <span class='ocrx_word' id='word_1_71' title='bbox 2049 1450 2216 1517; x_wconf 78' lang='grc' dir='ltr'><strong><em>οΤσε</em></strong></span> <span class='ocrx_word' id='word_1_72' title='bbox 2237 1473 2412 1529; x_wconf 72' lang='grc' dir='ltr'><strong><em>ται,</em></strong></span> <span class='ocrx_word' id='word_1_73' title='bbox 2460 1451 2613 1516; x_wconf 90' lang='lat' dir='ltr'><strong>licet</strong></span> 
     </span>
     <span class='ocr_line' id='line_1_12' title="bbox 216 1554 2611 1638; baseline 0.002 -20"><span class='ocrx_word' id='word_1_74' title='bbox 216 1554 409 1620; x_wconf 87' lang='lat' dir='ltr'><strong>aliter</strong></span> <span class='ocrx_word' id='word_1_75' title='bbox 477 1555 821 1621; x_wconf 88' lang='lat' dir='ltr'><strong>iudicarint</strong></span> <span class='ocrx_word' id='word_1_76' title='bbox 874 1557 1241 1623; x_wconf 85' lang='lat' dir='ltr'><strong>Meinekius</strong></span> <span class='ocrx_word' id='word_1_77' title='bbox 1301 1565 1365 1622; x_wconf 91' lang='lat' dir='ltr'><strong>et</strong></span> <span class='ocrx_word' id='word_1_78' title='bbox 1427 1556 1820 1622; x_wconf 86' lang='lat' dir='ltr'><strong>Duebnerus.</strong></span> <span class='ocrx_word' id='word_1_79' title='bbox 1899 1557 2072 1638; x_wconf 83' lang='lat' dir='ltr'><strong>Quos</strong></span> <span class='ocrx_word' id='word_1_80' title='bbox 2135 1558 2191 1622; x_wconf 85' lang='lat' dir='ltr'><strong>si</strong></span> <span class='ocrx_word' id='word_1_81' title='bbox 2231 1557 2391 1622; x_wconf 84' lang='lat' dir='ltr'><strong>forte</strong></span> <span class='ocrx_word' id='word_1_82' title='bbox 2443 1555 2611 1622; x_wconf 88' lang='lat' dir='ltr'><strong>male</strong></span> 
     </span>
     <span class='ocr_line' id='line_1_13' title="bbox 216 1657 2609 1749; baseline 0.001 -24"><span class='ocrx_word' id='word_1_83' title='bbox 216 1659 495 1726; x_wconf 88' lang='lat' dir='ltr'><strong>habebat</strong></span> <span class='ocrx_word' id='word_1_84' title='bbox 556 1662 846 1742; x_wconf 78' lang='grc' dir='ltr'><strong><em>Φέρεσθοιι</em></strong></span> <span class='ocrx_word' id='word_1_85' title='bbox 910 1663 1157 1728; x_wconf 89' lang='lat' dir='ltr'><strong>dictum</strong></span> <span class='ocrx_word' id='word_1_86' title='bbox 1204 1664 1282 1729; x_wconf 90' lang='lat' dir='ltr'><strong>de</strong></span> <span class='ocrx_word' id='word_1_87' title='bbox 1327 1669 1533 1729; x_wconf 84' lang='lat' dir='ltr'><strong>morte</strong></span> <span class='ocrx_word' id='word_1_88' title='bbox 1553 1711 1571 1741; x_wconf 90' lang='lat'>‚</span> <span class='ocrx_word' id='word_1_89' title='bbox 1617 1662 2044 1749; x_wconf 86' lang='lat' dir='ltr'><strong>reputandum</strong></span> <span class='ocrx_word' id='word_1_90' title='bbox 2097 1657 2282 1728; x_wconf 75' lang='grc' dir='ltr'><strong><em>ἆθλον</em></strong></span> <span class='ocrx_word' id='word_1_91' title='bbox 2324 1669 2390 1728; x_wconf 91' lang='lat' dir='ltr'><strong>et</strong></span> <span class='ocrx_word' id='word_1_92' title='bbox 2425 1685 2609 1746; x_wconf 82' lang='lat' dir='ltr'><strong>prae—</strong></span> 
     </span>
     <span class='ocr_line' id='line_1_14' title="bbox 219 1768 2170 1848; baseline 0.004 -18"><span class='ocrx_word' id='word_1_93' title='bbox 219 1772 401 1830; x_wconf 77' lang='lat' dir='ltr'><strong>mium</strong></span> <span class='ocrx_word' id='word_1_94' title='bbox 448 1771 965 1848; x_wconf 72' lang='grc' dir='ltr'><strong><em>καταχρηστικῶς</em></strong></span> <span class='ocrx_word' id='word_1_95' title='bbox 1015 1772 1211 1836; x_wconf 75' lang='lat' dir='ltr'><strong>etiam</strong></span> <span class='ocrx_word' id='word_1_96' title='bbox 1260 1769 1339 1835; x_wconf 80' lang='lat' dir='ltr'><strong>de</strong></span> <span class='ocrx_word' id='word_1_97' title='bbox 1383 1770 1573 1835; x_wconf 78' lang='lat' dir='ltr'><strong>rebus</strong></span> <span class='ocrx_word' id='word_1_98' title='bbox 1626 1769 1816 1834; x_wconf 76' lang='lat' dir='ltr'><strong>malis</strong></span> <span class='ocrx_word' id='word_1_99' title='bbox 1863 1768 2170 1837; x_wconf 81' lang='lat' dir='ltr'><strong>adhiberi.</strong></span> 
     </span>
    </p>
   </div>
   <div class='ocr_carea' id='block_1_4' title="bbox 211 1981 2608 3544">
    <p class='ocr_par' dir='ltr' id='par_1_4' title="bbox 211 1981 2608 3544">
     <span class='ocr_line' id='line_1_15' title="bbox 304 1981 2608 2070; baseline -0 -22"><span class='ocrx_word' id='word_1_100' title='bbox 304 1981 432 2068; x_wconf 87' lang='grc' dir='ltr'><strong>ΕΡ.</strong></span> <span class='ocrx_word' id='word_1_101' title='bbox 476 1981 607 2050; x_wconf 83' lang='lat'><strong>397</strong></span> <span class='ocrx_word' id='word_1_102' title='bbox 653 1986 717 2051; x_wconf 89' lang='lat'><strong>3.</strong></span> <span class='ocrx_word' id='word_1_103' title='bbox 762 1984 1045 2050; x_wconf 84' lang='lat' dir='ltr'><strong>Lacaena</strong></span> <span class='ocrx_word' id='word_1_104' title='bbox 1095 1983 1329 2050; x_wconf 87' lang='lat' dir='ltr'><strong>mulier</strong></span> <span class='ocrx_word' id='word_1_105' title='bbox 1373 1983 1455 2049; x_wconf 87' lang='lat' dir='ltr'><strong>ad</strong></span> <span class='ocrx_word' id='word_1_106' title='bbox 1492 1981 1722 2060; x_wconf 87' lang='lat' dir='ltr'><strong>filium,</strong></span> <span class='ocrx_word' id='word_1_107' title='bbox 1777 2003 1968 2069; x_wconf 88' lang='lat' dir='ltr'><strong>quem</strong></span> <span class='ocrx_word' id='word_1_108' title='bbox 2015 2003 2050 2048; x_wconf 90' lang='lat' dir='ltr'><strong>e</strong></span> <span class='ocrx_word' id='word_1_109' title='bbox 2094 2003 2314 2069; x_wconf 85' lang='lat' dir='ltr'><strong>pugna</strong></span> <span class='ocrx_word' id='word_1_110' title='bbox 2360 1981 2608 2070; x_wconf 85' lang='lat' dir='ltr'><strong>fugien-</strong></span> 
     </span>
     <span class='ocr_line' id='line_1_16' title="bbox 217 2089 1041 2177; baseline 0 -22"><span class='ocrx_word' id='word_1_111' title='bbox 217 2095 349 2155; x_wconf 85' lang='lat' dir='ltr'><strong>tem</strong></span> <span class='ocrx_word' id='word_1_112' title='bbox 400 2089 623 2177; x_wconf 86' lang='lat' dir='ltr'><strong>gladio</strong></span> <span class='ocrx_word' id='word_1_113' title='bbox 668 2089 1041 2156; x_wconf 81' lang='lat' dir='ltr'><strong>transfodit:</strong></span> 
     </span>
     <span class='ocr_line' id='line_1_17' title="bbox 491 2179 2291 2277; baseline 0.001 -17"><span class='ocrx_word' id='word_1_114' title='bbox 491 2195 661 2261; x_wconf 82' lang='grc' dir='ltr'><strong>Ζώων</strong></span> <span class='ocrx_word' id='word_1_115' title='bbox 707 2197 826 2274; x_wconf 80' lang='grc' dir='ltr'><strong>μὲν</strong></span> <span class='ocrx_word' id='word_1_116' title='bbox 869 2197 970 2261; x_wconf 91' lang='grc' dir='ltr'><strong><em>σέο</em></strong></span> <span class='ocrx_word' id='word_1_117' title='bbox 1017 2197 1248 2277; x_wconf 83' lang='grc' dir='ltr'><strong><em>μητρὸς</em></strong></span> <span class='ocrx_word' id='word_1_118' title='bbox 1295 2196 1628 2277; x_wconf 71' lang='grc' dir='ltr'><strong><em>διαμπερὲς</em></strong></span> <span class='ocrx_word' id='word_1_119' title='bbox 1681 2192 1905 2277; x_wconf 72' lang='grc' dir='ltr'><strong><em>αἶσχος</em></strong></span> <span class='ocrx_word' id='word_1_120' title='bbox 1956 2179 2291 2270; x_wconf 53' lang='lat' dir='ltr'><strong>dada-uae,</strong></span> 
     </span>
     <span class='ocr_line' id='line_1_18' title="bbox 582 2301 2160 2386; baseline 0 -18"><span class='ocrx_word' id='word_1_121' title='bbox 582 2303 686 2368; x_wconf 70' lang='grc' dir='ltr'><strong>καὶ</strong></span> <span class='ocrx_word' id='word_1_122' title='bbox 736 2312 1028 2383; x_wconf 75' lang='grc' dir='ltr'><strong>κρατερῆς</strong></span> <span class='ocrx_word' id='word_1_123' title='bbox 1080 2303 1376 2383; x_wconf 72' lang='grc' dir='ltr'><strong><em>Σπάρτης</em></strong></span> <span class='ocrx_word' id='word_1_124' title='bbox 1424 2302 1664 2384; x_wconf 68' lang='grc' dir='ltr'><strong><em>πάτριοι</em></strong></span> <span class='ocrx_word' id='word_1_125' title='bbox 1707 2304 1910 2382; x_wconf 68' lang='grc' dir='ltr'><strong><em>δεσμὰ</em></strong></span> <span class='ocrx_word' id='word_1_126' title='bbox 1955 2301 2160 2386; x_wconf 75' lang='grc' dir='ltr'><strong><em>λύεις,</em></strong></span> 
     </span>
     <span class='ocr_line' id='line_1_19' title="bbox 489 2409 2272 2492; baseline 0.001 -18"><span class='ocrx_word' id='word_1_127' title='bbox 489 2409 559 2484; x_wconf 80' lang='grc' dir='ltr'><strong>ἣν</strong></span> <span class='ocrx_word' id='word_1_128' title='bbox 604 2411 669 2475; x_wconf 79' lang='grc' dir='ltr'><strong>δὲ</strong></span> <span class='ocrx_word' id='word_1_129' title='bbox 716 2409 891 2490; x_wconf 64' lang='grc' dir='ltr'><strong><em>θάνῃς</em></strong></span> <span class='ocrx_word' id='word_1_130' title='bbox 942 2419 1315 2492; x_wconf 70' lang='grc' dir='ltr'><strong><em>ποολοιμῇσιν</em></strong></span> <span class='ocrx_word' id='word_1_131' title='bbox 1364 2411 1571 2488; x_wconf 78' lang='grc' dir='ltr'><strong><em>ε’μοοῖς,</em></strong></span> <span class='ocrx_word' id='word_1_132' title='bbox 1623 2411 1824 2492; x_wconf 79' lang='grc' dir='ltr'><strong><em>μήτηρ</em></strong></span> <span class='ocrx_word' id='word_1_133' title='bbox 1872 2410 1985 2487; x_wconf 74' lang='grc' dir='ltr'><strong>μὲν</strong></span> <span class='ocrx_word' id='word_1_134' title='bbox 2031 2409 2272 2475; x_wconf 71' lang='grc' dir='ltr'><strong><em>ἀκούσω</em></strong></span> 
     </span>
     <span class='ocr_line' id='line_1_20' title="bbox 584 2516 2145 2601; baseline 0 -20"><span class='ocrx_word' id='word_1_135' title='bbox 584 2517 895 2597; x_wconf 76' lang='grc' dir='ltr'><strong><em>δύσμορος,</em></strong></span> <span class='ocrx_word' id='word_1_136' title='bbox 942 2519 1093 2582; x_wconf 69' lang='grc' dir='ltr'><strong><em>ἀλλ’</em></strong></span> <span class='ocrx_word' id='word_1_137' title='bbox 1138 2518 1201 2581; x_wconf 80' lang='grc' dir='ltr'><strong>έν</strong></span> <span class='ocrx_word' id='word_1_138' title='bbox 1249 2517 1367 2601; x_wconf 67' lang='grc' dir='ltr'><strong>ἐμῇ</strong></span> <span class='ocrx_word' id='word_1_139' title='bbox 1418 2518 1668 2598; x_wconf 72' lang='grc' dir='ltr'><strong><em>πατρίδι</em></strong></span> <span class='ocrx_word' id='word_1_140' title='bbox 1714 2516 2145 2599; x_wconf 75' lang='grc' dir='ltr'><strong><em>σωζομένη.</em></strong></span> 
     </span>
     <span class='ocr_line' id='line_1_21' title="bbox 213 2618 2603 2710; baseline 0.001 -22"><span class='ocrx_word' id='word_1_141' title='bbox 213 2618 463 2689; x_wconf 84' lang='lat' dir='ltr'><strong>Callide</strong></span> <span class='ocrx_word' id='word_1_142' title='bbox 526 2626 723 2689; x_wconf 84' lang='lat' dir='ltr'><strong>vertit</strong></span> <span class='ocrx_word' id='word_1_143' title='bbox 785 2623 1049 2689; x_wconf 84' lang='lat' dir='ltr'><strong>Grotius</strong></span> <span class='ocrx_word' id='word_1_144' title='bbox 1100 2628 1209 2702; x_wconf 81' lang='lat' dir='ltr'><strong>„at</strong></span> <span class='ocrx_word' id='word_1_145' title='bbox 1254 2625 1319 2688; x_wconf 91' lang='lat' dir='ltr'><strong>in</strong></span> <span class='ocrx_word' id='word_1_146' title='bbox 1367 2626 1578 2708; x_wconf 87' lang='lat' dir='ltr'><strong>patria</strong></span> <span class='ocrx_word' id='word_1_147' title='bbox 1622 2624 1841 2709; x_wconf 59' lang='lat' dir='ltr'><strong>conpita</strong></span> <span class='ocrx_word' id='word_1_148' title='bbox 1885 2643 2098 2710; x_wconf 87' lang='lat' dir='ltr'><strong>sospes</strong></span> <span class='ocrx_word' id='word_1_149' title='bbox 2143 2622 2314 2702; x_wconf 90' lang='lat' dir='ltr'><strong>ero”‚</strong></span> <span class='ocrx_word' id='word_1_150' title='bbox 2360 2625 2603 2709; x_wconf 89' lang='lat' dir='ltr'><strong>optime</strong></span> 
     </span>
     <span class='ocr_line' id='line_1_22' title="bbox 211 2729 2599 2817; baseline 0.001 -25"><span class='ocrx_word' id='word_1_151' title='bbox 211 2730 507 2812; x_wconf 87' lang='lat' dir='ltr'><strong>quidem,</strong></span> <span class='ocrx_word' id='word_1_152' title='bbox 568 2732 623 2795; x_wconf 88' lang='lat' dir='ltr'><strong>si</strong></span> <span class='ocrx_word' id='word_1_153' title='bbox 669 2731 981 2817; x_wconf 88' lang='lat' dir='ltr'><strong>scriptum</strong></span> <span class='ocrx_word' id='word_1_154' title='bbox 1031 2735 1334 2795; x_wconf 86' lang='lat' dir='ltr'><strong>exstaret:</strong></span> <span class='ocrx_word' id='word_1_155' title='bbox 1383 2730 1561 2813; x_wconf 69' lang='grc' dir='ltr'><strong>ἀλλὰ</strong></span> <span class='ocrx_word' id='word_1_156' title='bbox 1613 2731 1730 2816; x_wconf 76' lang='grc' dir='ltr'><strong>(ἐν)</strong></span> <span class='ocrx_word' id='word_1_157' title='bbox 1779 2730 1919 2814; x_wconf 67' lang='grc' dir='ltr'><strong><em>σόη</em></strong></span> <span class='ocrx_word' id='word_1_158' title='bbox 1969 2729 2218 2810; x_wconf 71' lang='grc' dir='ltr'><strong><em>πατρίδι</em></strong></span> <span class='ocrx_word' id='word_1_159' title='bbox 2269 2730 2599 2813; x_wconf 83' lang='grc' dir='ltr'><strong><em>σωζομένη.</em></strong></span> 
     </span>
     <span class='ocr_line' id='line_1_23' title="bbox 212 2834 2596 2921; baseline 0 -22"><span class='ocrx_word' id='word_1_160' title='bbox 212 2834 527 2913; x_wconf 80' lang='lat' dir='ltr'><strong>Quoniam</strong></span> <span class='ocrx_word' id='word_1_161' title='bbox 586 2842 801 2901; x_wconf 88' lang='lat' dir='ltr'><strong>antem</strong></span> <span class='ocrx_word' id='word_1_162' title='bbox 866 2835 1159 2902; x_wconf 80' lang='lat' dir='ltr'><strong>librarios</strong></span> <span class='ocrx_word' id='word_1_163' title='bbox 1218 2855 1333 2921; x_wconf 90' lang='lat' dir='ltr'><strong>pro</strong></span> <span class='ocrx_word' id='word_1_164' title='bbox 1394 2835 1610 2901; x_wconf 87' lang='lat' dir='ltr'><strong>lubitu</strong></span> <span class='ocrx_word' id='word_1_165' title='bbox 1677 2838 1809 2902; x_wconf 84' lang='lat' dir='ltr'><strong>iota</strong></span> <span class='ocrx_word' id='word_1_166' title='bbox 1869 2836 1940 2901; x_wconf 82' lang='grc' dir='ltr'><strong>τὸ</strong></span> <span class='ocrx_word' id='word_1_167' title='bbox 2001 2836 2596 2916; x_wconf 74' lang='grc' dir='ltr'><strong><em>προσγεγραμμένον</em></strong></span> 
     </span>
     <span class='ocr_line' id='line_1_24' title="bbox 212 2942 2596 3031; baseline 0.003 -27"><span class='ocrx_word' id='word_1_168' title='bbox 212 2953 321 3009; x_wconf 83' lang='lat' dir='ltr'><strong>aut</strong></span> <span class='ocrx_word' id='word_1_169' title='bbox 368 2942 597 3009; x_wconf 87' lang='lat' dir='ltr'><strong>addere</strong></span> <span class='ocrx_word' id='word_1_170' title='bbox 644 2950 756 3008; x_wconf 87' lang='lat' dir='ltr'><strong>aut</strong></span> <span class='ocrx_word' id='word_1_171' title='bbox 799 2942 1138 3031; x_wconf 82' lang='lat' dir='ltr'><strong>neglegere</strong></span> <span class='ocrx_word' id='word_1_172' title='bbox 1184 2947 1466 3022; x_wconf 84' lang='lat' dir='ltr'><strong>constat,</strong></span> <span class='ocrx_word' id='word_1_173' title='bbox 1507 2943 1658 3008; x_wconf 85' lang='lat' dir='ltr'><strong>data</strong></span> <span class='ocrx_word' id='word_1_174' title='bbox 1698 2944 1953 3030; x_wconf 88' lang='lat' dir='ltr'><strong>optione</strong></span> <span class='ocrx_word' id='word_1_175' title='bbox 1991 2963 2116 3009; x_wconf 92' lang='lat' dir='ltr'><strong>non</strong></span> <span class='ocrx_word' id='word_1_176' title='bbox 2169 2942 2596 3010; x_wconf 87' lang='lat' dir='ltr'><strong>dubitandum</strong></span> 
     </span>
     <span class='ocr_line' id='line_1_25' title="bbox 213 3049 2602 3134; baseline 0.001 -20"><span class='ocrx_word' id='word_1_177' title='bbox 213 3049 361 3134; x_wconf 88' lang='lat' dir='ltr'><strong>quin</strong></span> <span class='ocrx_word' id='word_1_178' title='bbox 408 3050 514 3115; x_wconf 87' lang='lat' dir='ltr'><strong>hic</strong></span> <span class='ocrx_word' id='word_1_179' title='bbox 562 3050 876 3115; x_wconf 89' lang='lat' dir='ltr'><strong>edendum</strong></span> <span class='ocrx_word' id='word_1_180' title='bbox 924 3055 1009 3115; x_wconf 88' lang='lat' dir='ltr'><strong>sit</strong></span> <span class='ocrx_word' id='word_1_181' title='bbox 1054 3049 1393 3134; x_wconf 64' lang='grc' dir='ltr'><strong><em>σωζομένη,</em></strong></span> <span class='ocrx_word' id='word_1_182' title='bbox 1444 3056 1519 3115; x_wconf 87' lang='lat' dir='ltr'><strong>ut</strong></span> <span class='ocrx_word' id='word_1_183' title='bbox 1564 3051 1947 3117; x_wconf 80' lang='lat' dir='ltr'><strong>vertendum</strong></span> <span class='ocrx_word' id='word_1_184' title='bbox 1998 3054 2084 3117; x_wconf 89' lang='lat' dir='ltr'><strong>sit</strong></span> <span class='ocrx_word' id='word_1_185' title='bbox 2128 3050 2280 3129; x_wconf 85' lang='lat' dir='ltr'><strong>„sed</strong></span> <span class='ocrx_word' id='word_1_186' title='bbox 2314 3053 2383 3115; x_wconf 92' lang='lat' dir='ltr'><strong>in</strong></span> <span class='ocrx_word' id='word_1_187' title='bbox 2420 3049 2602 3117; x_wconf 78' lang='lat' dir='ltr'><strong>salva</strong></span> 
     </span>
     <span class='ocr_line' id='line_1_26' title="bbox 214 3154 2597 3244; baseline 0.001 -25"><span class='ocrx_word' id='word_1_188' title='bbox 214 3175 353 3221; x_wconf 88' lang='lat' dir='ltr'><strong>mea</strong></span> <span class='ocrx_word' id='word_1_189' title='bbox 396 3158 603 3242; x_wconf 79' lang='lat' dir='ltr'><strong>patria</strong></span> <span class='ocrx_word' id='word_1_190' title='bbox 652 3156 770 3243; x_wconf 88' lang='lat' dir='ltr'><strong>(ita</strong></span> <span class='ocrx_word' id='word_1_191' title='bbox 815 3178 901 3221; x_wconf 88' lang='lat' dir='ltr'><strong>sc.</strong></span> <span class='ocrx_word' id='word_1_192' title='bbox 954 3154 1302 3233; x_wconf 80' lang='lat' dir='ltr'><strong>audiam)”.</strong></span> <span class='ocrx_word' id='word_1_193' title='bbox 1354 3154 1494 3221; x_wconf 88' lang='lat' dir='ltr'><strong>Hoc</strong></span> <span class='ocrx_word' id='word_1_194' title='bbox 1542 3157 1716 3221; x_wconf 89' lang='lat' dir='ltr'><strong>enim</strong></span> <span class='ocrx_word' id='word_1_195' title='bbox 1764 3155 2048 3241; x_wconf 84' lang='lat' dir='ltr'><strong>postulat</strong></span> <span class='ocrx_word' id='word_1_196' title='bbox 2091 3158 2442 3244; x_wconf 78' lang='lat' dir='ltr'><strong>praegressi</strong></span> <span class='ocrx_word' id='word_1_197' title='bbox 2466 3155 2597 3222; x_wconf 84' lang='lat' dir='ltr'><strong>dis-</strong></span> 
     </span>
     <span class='ocr_line' id='line_1_27' title="bbox 214 3261 2598 3351; baseline 0.002 -26"><span class='ocrx_word' id='word_1_198' title='bbox 214 3262 367 3327; x_wconf 86' lang='lat' dir='ltr'><strong>tichi</strong></span> <span class='ocrx_word' id='word_1_199' title='bbox 414 3264 746 3349; x_wconf 86' lang='lat' dir='ltr'><strong>oppositio.</strong></span> <span class='ocrx_word' id='word_1_200' title='bbox 796 3261 881 3328; x_wconf 84' lang='lat' dir='ltr'><strong>Se</strong></span> <span class='ocrx_word' id='word_1_201' title='bbox 926 3282 1237 3347; x_wconf 89' lang='lat' dir='ltr'><strong>suamque</strong></span> <span class='ocrx_word' id='word_1_202' title='bbox 1280 3261 1554 3328; x_wconf 84' lang='lat' dir='ltr'><strong>salutem</strong></span> <span class='ocrx_word' id='word_1_203' title='bbox 1595 3282 1720 3327; x_wconf 90' lang='lat' dir='ltr'><strong>non</strong></span> <span class='ocrx_word' id='word_1_204' title='bbox 1765 3269 1947 3329; x_wconf 89' lang='lat' dir='ltr'><strong>curat</strong></span> <span class='ocrx_word' id='word_1_205' title='bbox 1983 3283 2287 3351; x_wconf 82' lang='lat' dir='ltr'><strong>generosa</strong></span> <span class='ocrx_word' id='word_1_206' title='bbox 2325 3261 2598 3329; x_wconf 78' lang='lat' dir='ltr'><strong>mulier:</strong></span> 
     </span>
     <span class='ocr_line' id='line_1_28' title="bbox 214 3368 2600 3456; baseline 0.001 -25"><span class='ocrx_word' id='word_1_207' title='bbox 214 3373 388 3435; x_wconf 86' lang='lat' dir='ltr'><strong>curat</strong></span> <span class='ocrx_word' id='word_1_208' title='bbox 458 3374 713 3435; x_wconf 85' lang='lat' dir='ltr'><strong>tantum</strong></span> <span class='ocrx_word' id='word_1_209' title='bbox 784 3370 1024 3456; x_wconf 83' lang='lat' dir='ltr'><strong>patriae</strong></span> <span class='ocrx_word' id='word_1_210' title='bbox 1089 3368 1465 3435; x_wconf 82' lang='lat' dir='ltr'><strong>felicitatem</strong></span> <span class='ocrx_word' id='word_1_211' title='bbox 1489 3417 1505 3448; x_wconf 86' lang='lat'>,</span> <span class='ocrx_word' id='word_1_212' title='bbox 1568 3371 1636 3434; x_wconf 91' lang='lat' dir='ltr'><strong>in</strong></span> <span class='ocrx_word' id='word_1_213' title='bbox 1701 3390 1826 3454; x_wconf 86' lang='lat' dir='ltr'><strong>qua</strong></span> <span class='ocrx_word' id='word_1_214' title='bbox 1887 3372 2121 3456; x_wconf 86' lang='lat' dir='ltr'><strong>sospite</strong></span> <span class='ocrx_word' id='word_1_215' title='bbox 2181 3370 2600 3455; x_wconf 80' lang='lat' dir='ltr'><strong>quantumvis</strong></span> 
     </span>
     <span class='ocr_line' id='line_1_29' title="bbox 214 3476 1436 3544; baseline 0.001 -5"><span class='ocrx_word' id='word_1_216' title='bbox 214 3476 443 3543; x_wconf 81' lang='lat' dir='ltr'><strong>misera</strong></span> <span class='ocrx_word' id='word_1_217' title='bbox 480 3479 686 3543; x_wconf 88' lang='lat' dir='ltr'><strong>mater</strong></span> <span class='ocrx_word' id='word_1_218' title='bbox 731 3479 950 3544; x_wconf 79' lang='lat' dir='ltr'><strong>vivere</strong></span> <span class='ocrx_word' id='word_1_219' title='bbox 994 3496 1117 3542; x_wconf 89' lang='lat' dir='ltr'><strong>non</strong></span> <span class='ocrx_word' id='word_1_220' title='bbox 1166 3480 1436 3541; x_wconf 86' lang='lat' dir='ltr'><strong>recusat.</strong></span> 
     </span>
    </p>
   </div>
   <div class='ocr_carea' id='block_1_5' title="bbox 298 3678 2468 4493">
    <p class='ocr_par' dir='ltr' id='par_1_5' title="bbox 298 3678 2468 4493">
     <span class='ocr_line' id='line_1_30' title="bbox 298 3678 1413 3769; baseline 0.003 -24"><span class='ocrx_word' id='word_1_221' title='bbox 298 3678 411 3768; x_wconf 90' lang='grc' dir='ltr'><strong>ΕΡ.</strong></span> <span class='ocrx_word' id='word_1_222' title='bbox 467 3678 597 3747; x_wconf 85' lang='grc'><strong>413</strong></span> <span class='ocrx_word' id='word_1_223' title='bbox 647 3681 994 3747; x_wconf 71' lang='lat' dir='ltr'><strong>Awru’mm</strong></span> <span class='ocrx_word' id='word_1_224' title='bbox 1041 3680 1413 3769; x_wconf 82' lang='lat' dir='ltr'><strong>Byzantini:</strong></span> 
     </span>
     <span class='ocr_line' id='line_1_31' title="bbox 567 3783 2148 3874; baseline 0 -21"><span class='ocrx_word' id='word_1_225' title='bbox 567 3792 646 3853; x_wconf 84' lang='lat' dir='ltr'><strong>‘H</strong></span> <span class='ocrx_word' id='word_1_226' title='bbox 693 3787 1145 3874; x_wconf 77' lang='grc' dir='ltr'><strong><em>τερεβινθώδης,</em></strong></span> <span class='ocrx_word' id='word_1_227' title='bbox 1195 3790 1652 3867; x_wconf 75' lang='grc' dir='ltr'><strong><em>ὃλιγοὶμπελος,</em></strong></span> <span class='ocrx_word' id='word_1_228' title='bbox 1701 3783 1803 3854; x_wconf 68' lang='grc' dir='ltr'><strong>οἶοί</strong></span> <span class='ocrx_word' id='word_1_229' title='bbox 1847 3812 1916 3853; x_wconf 85' lang='grc' dir='ltr'><strong>τε</strong></span> <span class='ocrx_word' id='word_1_230' title='bbox 1967 3786 2148 3867; x_wconf 73' lang='grc' dir='ltr'><strong><em>βαιῆ,</em></strong></span> 
     </span>
     <span class='ocr_line' id='line_1_32' title="bbox 572 3892 2065 3977; baseline -0.001 -17"><span class='ocrx_word' id='word_1_231' title='bbox 572 3896 762 3970; x_wconf 79' lang='grc' dir='ltr'><strong><em>νησίς,</em></strong></span> <span class='ocrx_word' id='word_1_232' title='bbox 812 3896 962 3959; x_wconf 68' lang='grc' dir='ltr'><strong><em>ἀλλ’</em></strong></span> <span class='ocrx_word' id='word_1_233' title='bbox 1012 3894 1221 3973; x_wconf 63' lang='grc' dir='ltr'><strong><em>ὁμαλὴ</em></strong></span> <span class='ocrx_word' id='word_1_234' title='bbox 1272 3900 1455 3960; x_wconf 74' lang='grc' dir='ltr'><strong><em>πᾶσαι</em></strong></span> <span class='ocrx_word' id='word_1_235' title='bbox 1504 3894 1611 3961; x_wconf 70' lang='lat' dir='ltr'><strong>noo)</strong></span> <span class='ocrx_word' id='word_1_236' title='bbox 1662 3892 2065 3977; x_wconf 75' lang='grc' dir='ltr'><strong><em>ἆστύφελος·</em></strong></span> 
     </span>
     <span class='ocr_line' id='line_1_33' title="bbox 570 3998 2468 4087; baseline -0.001 -22"><span class='ocrx_word' id='word_1_237' title='bbox 570 4002 635 4067; x_wconf 73' lang='grc' dir='ltr'><strong>αἱ</strong></span> <span class='ocrx_word' id='word_1_238' title='bbox 682 3998 737 4068; x_wconf 80' lang='grc' dir='ltr'><strong>δ’</strong></span> <span class='ocrx_word' id='word_1_239' title='bbox 788 4002 1002 4081; x_wconf 72' lang='grc' dir='ltr'><strong><em>ὦγχοῦ</em></strong></span> <span class='ocrx_word' id='word_1_240' title='bbox 1050 4001 1341 4080; x_wconf 68' lang='grc' dir='ltr'><strong><em>μεγάλαι</em></strong></span> <span class='ocrx_word' id='word_1_241' title='bbox 1388 4026 1459 4065; x_wconf 87' lang='grc' dir='ltr'><strong>τε</strong></span> <span class='ocrx_word' id='word_1_242' title='bbox 1498 4001 1603 4067; x_wconf 73' lang='grc' dir='ltr'><strong>καὶ</strong></span> <span class='ocrx_word' id='word_1_243' title='bbox 1654 4000 1867 4083; x_wconf 77' lang='grc' dir='ltr'><strong><em>εὐρέες,</em></strong></span> <span class='ocrx_word' id='word_1_244' title='bbox 1919 4002 2071 4067; x_wconf 67' lang='grc' dir='ltr'><strong><em>ἀλλ’</em></strong></span> <span class='ocrx_word' id='word_1_245' title='bbox 2121 4002 2220 4087; x_wconf 64' lang='grc' dir='ltr'><strong>ἐπὶ</strong></span> <span class='ocrx_word' id='word_1_246' title='bbox 2272 3998 2468 4066; x_wconf 73' lang='grc' dir='ltr'><strong><em>πουλὺ</em></strong></span> 
     </span>
     <span class='ocr_line' id='line_1_34' title="bbox 568 4105 1990 4192; baseline 0 -19"><span class='ocrx_word' id='word_1_247' title='bbox 568 4116 900 4192; x_wconf 71' lang='grc' dir='ltr'><strong><em>τρηχεῖαι·</em></strong></span> <span class='ocrx_word' id='word_1_248' title='bbox 949 4107 1203 4186; x_wconf 83' lang='grc' dir='ltr'><strong><em>μεγέθει</em></strong></span> <span class='ocrx_word' id='word_1_249' title='bbox 1250 4112 1498 4174; x_wconf 79' lang='grc' dir='ltr'><strong><em>τοῦτο</em></strong></span> <span class='ocrx_word' id='word_1_250' title='bbox 1546 4105 1990 4190; x_wconf 79' lang='grc' dir='ltr'><strong><em>περισσότεραι.</em></strong></span> 
     </span>
     <span class='ocr_line' id='line_1_35' title="bbox 580 4207 2331 4297; baseline -0.002 -16"><span class='ocrx_word' id='word_1_251' title='bbox 580 4224 871 4297; x_wconf 74' lang='grc' dir='ltr'><strong><em>Καρποῒς,</em></strong></span> <span class='ocrx_word' id='word_1_252' title='bbox 917 4216 984 4281; x_wconf 80' lang='grc' dir='ltr'><strong>οὗ</strong></span> <span class='ocrx_word' id='word_1_253' title='bbox 1033 4214 1366 4281; x_wconf 71' lang='grc' dir='ltr'><strong><em>σταδίοισιν</em></strong></span> <span class='ocrx_word' id='word_1_254' title='bbox 1413 4214 1714 4297; x_wconf 71' lang='grc' dir='ltr'><strong><em>ἐρίζομεν·</em></strong></span> <span class='ocrx_word' id='word_1_255' title='bbox 1763 4213 1893 4282; x_wconf 76' lang='grc' dir='ltr'><strong><em>οὐδὲ</em></strong></span> <span class='ocrx_word' id='word_1_256' title='bbox 1941 4216 2067 4294; x_wconf 73' lang='grc' dir='ltr'><strong>γὰρ</strong></span> <span class='ocrx_word' id='word_1_257' title='bbox 2120 4207 2331 4288; x_wconf 70' lang='grc' dir='ltr'><strong><em>αὖλοιξ</em></strong></span> 
     </span>
     <span class='ocr_line' id='line_1_36' title="bbox 570 4320 2028 4407; baseline 0 -18"><span class='ocrx_word' id='word_1_258' title='bbox 570 4323 895 4405; x_wconf 75' lang='grc' dir='ltr'><strong>Αἰγύπτου</strong></span> <span class='ocrx_word' id='word_1_259' title='bbox 944 4320 1189 4402; x_wconf 85' lang='grc' dir='ltr'><strong><em>Λιβύης</em></strong></span> <span class='ocrx_word' id='word_1_260' title='bbox 1237 4320 1513 4403; x_wconf 68' lang='grc' dir='ltr'><strong><em>ψάμμου</em></strong></span> <span class='ocrx_word' id='word_1_261' title='bbox 1563 4322 2028 4407; x_wconf 73' lang='grc' dir='ltr'><strong><em>ἐπιστρέφεται.</em></strong></span> 
     </span>
     <span class='ocr_line' id='line_1_37' title="bbox 2331 4436 2394 4493; baseline -0.063 0"><span class='ocrx_word' id='word_1_262' title='bbox 2331 4436 2394 4493; x_wconf 74' lang='lat'><strong>26</strong></span> 
     </span>
    </p>
   </div>
  </div>
 </body>
</html>
