3150 5000
516 223 650 291 242
872 179 878 193 ⁶
1554 249 1889 300 amicvs

606 408 710 476 12.
765 411 824 477 1.
880 409 1218 492 „Celsioris
1263 420 1546 484 staturae
1595 422 1661 483 et
1707 416 1962 484 candidi
2008 435 2211 503 paene
2256 414 2437 485 Galli
2484 421 2635 484 sunt
2688 434 2905 484 omnes

515 520 582 584 et
639 517 820 584 rutili
879 518 1329 608 luminumque
1398 524 1701 590 torvitate
1772 523 2083 590 terribiles
2153 571 2171 589 .
2198 571 2215 589 .
2242 571 2259 588 .
2328 521 2466 590 Nec
2514 571 2533 590 .
2560 571 2577 588 .
2605 570 2623 590 .
2688 543 2905 589 eorum

515 644 902 711 quemquam
989 626 1278 696 adhibita
1355 648 1552 694 uxore
1636 630 1991 707 rixantem,
2066 627 2336 695 multo
2406 629 2533 696 for
2551 631 2769 696 tiore
2836 639 2909 694 et

513 730 654 820 gla
671 752 712 796 u
730 753 764 798 c
780 752 818 797 a
835 780 852 810 ,
901 735 1380 821 peregrinorum
1426 735 1589 800 ferre
1637 736 1873 820 poterit
1918 734 2209 822 globus.”

603 837 902 925 Suspicor
953 839 1240 916 „uultu
1290 843 1666 908 toruiore
1713 848 1793 908 et
1836 839 2223 929 glauca‚”
2262 860 2423 926 quae
2456 841 2683 911 eodem
2720 837 2907 908 modo

513 945 684 1012 dicta
729 953 878 1012 sunt
926 954 1117 1032 atque
1163 950 1486 1034 superiora
1535 947 1860 1026 „celsioris
1908 953 2190 1016 staturae
2236 954 2302 1016 et
2348 947 2662 1014 candidi.”

610 1178 717 1248 12.
763 1179 826 1245 2.
879 1179 1102 1262 „Terei
1147 1185 1364 1247 tamen
1409 1184 1550 1267 pari
1596 1181 1937 1269 diligentia
1980 1182 2198 1250 cuncti
2244 1188 2310 1246 et
2358 1181 2587 1246 mundi
2613 1230 2631 1267 ‚
2678 1202 2801 1248 nec
2840 1183 2907 1245 in

516 1288 824 1356 tractibus
868 1287 1003 1354 illis
1049 1289 1458 1373 maximeque
1507 1288 1677 1374 apud
1722 1291 2075 1374 Aquitanos
2121 1287 2357 1374 poterit
2392 1286 2626 1372 aliquis
2674 1307 2719 1352 ιι
2737 1289 2764 1352 i
2782 1287 2913 1353 deri

511 1392 619 1459 uel
687 1393 926 1460 femina
991 1391 1144 1460 licet
1212 1413 1517 1480 perquam
1582 1413 1823 1481 pauper
1890 1399 1963 1459 ut
2023 1394 2179 1461 alibi
2242 1394 2277 1458 f
2281 1413 2376 1458 ru
2393 1415 2425 1458 s
2442 1397 2555 1458 tis
2618 1391 2913 1479 squalere

512 1497 929 1586 pannorum.''

606 1607 951 1673 Ammiano
995 1605 1385 1672 reddendum
1433 1609 1732 1673 existimo
1783 1610 2060 1692 „poterit
2097 1607 2329 1694 aliquis
2373 1629 2417 1674 u
2434 1609 2459 1672 i
2476 1628 2509 1672 r
2556 1605 2771 1672 uideri
2808 1605 2913 1672 uel

513 1710 818 1778 femina.’'
888 1709 1232 1798 Sequentia
1286 1713 1518 1778 mendo
1565 1733 1813 1799 quoque
1858 1711 2163 1779 laborant.
2238 1713 2545 1779 Frustnm
2594 1712 2773 1778 enim
2820 1717 2917 1778 est

513 1817 824 1905 particula
889 1820 1073 1902 panis
1130 1819 1538 1903 potissimum
1602 1817 1709 1884 uel
1770 1818 1935 1884 alius
1980 1819 2321 1904 esculenti,
2372 1819 2482 1884 sed
2527 1819 2913 1884 uestimenti

514 1945 886 2010 numquam.
959 1921 1213 1990 Gelenii
1281 1927 1488 2013 igitur
1556 1928 1917 1992 coniectura
1984 1926 2292 1992 frustis
2362 1923 2691 1991 abicienda
2770 1927 2912 1990 erit.

513 2031 682 2108 Quid
740 2051 894 2098 uero
949 2031 1296 2118 legendum
1355 2034 1441 2098 sit
1495 2052 1623 2100 non
1668 2043 1922 2117 exputo.
1989 2030 2064 2098 In
2108 2031 2191 2097 V.
2238 2038 2336 2100 est
2382 2032 2735 2098 frustra.
2817 2035 2915 2098 An

512 2136 675 2204 forte
721 2133 1087 2202 fissura?

1513 2419 1905 2430 ——————-·-——--—

1497 2558 1701 2625 Lam
1746 2557 1918 2624 XVI.

607 2774 661 2840 Ι.
712 2776 771 2837 4.
839 2772 1150 2853 „Videtur
1196 2773 1366 2838 enim
1415 2771 1550 2839 lex
1599 2771 1909 2858 quaedam
1956 2774 2131 2838 uitae
2178 2770 2457 2837 melioris
2504 2769 2675 2835 hunc
2720 2771 2915 2835 iuue-

513 2902 662 2949 nem
711 2899 749 2944 a
794 2878 1115 2945 nobilibus
1162 2881 1346 2944 cunis
1396 2878 1474 2944 ad
1523 2899 1722 2964 usque
1768 2881 2071 2963 spiritum
2118 2879 2425 2943 comitata
2474 2874 2915 2961 supremum.”

604 2985 731 3051 Pro
791 2985 929 3050 lex
988 2984 1365 3051 commendo
1409 2983 1576 3049 lux.
1650 2984 1721 3049 In
1770 3005 1942 3069 seqq.
1989 2985 2143 3051 baec
2190 2983 2534 3069 leguntur:
2586 3001 2914 3068 „namque

509 3092 919 3159 incrementis
963 3089 1292 3156 uelocibus
1339 3137 1356 3153 .
1383 3137 1400 3153 .
1430 3139 1444 3154 .
1497 3091 1673 3157 domi
1718 3092 1995 3176 forisque
2052 3110 2139 3155 co
2158 3087 2305 3154 nlu
2326 3086 2519 3153 xit.”

606 3335 670 3402 2.
735 3335 799 3401 6.
875 3334 1094 3413 „Alios
1143 3382 1158 3399 .
1186 3383 1201 3399 .
1231 3384 1246 3399 .
1292 3333 1561 3401 decursu
1618 3332 1795 3400 facili
1853 3341 2204 3418 proterens,
2272 3331 2611 3399 nonnullos
2672 3352 2911 3418 pauore

511 3442 886 3509 traditos
929 3444 1132 3528 cepit,
1183 3440 1470 3507 residuos
1522 3488 1540 3505 .
1565 3488 1581 3503 .
1613 3489 1628 3506 .
1677 3442 1983 3504 innocuos
2029 3438 2202 3503 abire
2248 3458 2580 3523 perpessus
2630 3437 2801 3503 est.'’

603 3546 814 3615 Immo
875 3551 1090 3633 potius
1150 3567 1427 3632 „pauore
1481 3544 1936 3632 trepidos.”
1988 3582 2075 3593 —
2121 3543 2459 3610 Passiuam
2522 3565 2587 3609 u.
2659 3544 2909 3609 tradere

426 3698 430 3704 -
513 3656 789 3722 formam
835 3651 1300 3742 significatione
1346 3652 1562 3719 media
1609 3671 1927 3737 nusquam
1975 3650 2131 3739 legi.

609 3898 673 3964 3.
737 3896 800 3963 3.
874 3896 1040 3976 „Vbi
1100 3895 1421 3963 bellorum
1479 3897 1562 3961 in
1579 3916 1623 3961 u
1639 3918 1681 3960 n
1697 3895 1737 3961 d
1760 3916 1854 3963 an
1872 3897 1941 3959 ti
1962 3916 2003 3960 u
2022 3916 2089 3960 m
2153 3893 2393 3961 molem
2441 3896 2683 3961 umeris
2730 3870 2867 3961 suis
2886 3942 2903 3972 ‚

516 4004 684 4092 quod
727 4003 981 4079 dicitur,
1029 3999 1267 4068 uehens
1311 4001 1715 4067 scindebatur
1760 4005 1829 4066 in
1874 3999 2269 4087 multiplices
2316 4000 2564 4066 curas.’'

607 4112 734 4177 Pro
778 4109 1366 4175 inundantium
1414 4108 1645 4173 malim
1694 4108 2393 4191 incumbentium,
2441 4107 2609 4191 quod
2656 4113 2903 4172 senten·

513 4222 641 4288 tiae
687 4217 1013 4305 aliquanto
1059 4215 1601 4282 accommodatius
1646 4213 1920 4280 uidetur.

3098 1729 3101 1916 l
