3150 5000
1033 244 1305 294 snmus
1348 242 1685 294 sosarnus.
2415 226 2549 296 279

203 415 396 474 autem
458 410 760 476 deteriora
780 457 797 488 ,
859 411 1043 476 credo
1105 409 1452 475 ambitione
1515 411 1775 493 ductus,
1840 430 1986 475 nam
2037 430 2289 495 omnes,
2339 415 2413 474 ut
2459 417 2554 476 est

199 515 400 600 Antiq.
461 514 562 580 18.
631 517 689 581 1.
739 517 812 590 4,
865 516 1050 581 ὁπότε
1098 518 1198 580 ἐπ’
1243 517 1452 596 ἀρχὰς
1503 517 1892 597 παρέλθοιεν,
1941 518 2238 587 ὥκουσΙως
2285 518 2399 593 μὲν
2447 517 2551 580 καὶ

200 623 329 685 κατ’
385 621 701 706 ἀνάγκην,
761 626 1170 703 προσχωροῦσι
1235 621 1284 685 δ’
1353 617 1451 686 οὖν
1511 617 1596 692 οἷς
1659 623 1687 687 ὅ
1738 630 2063 702 Φαρισαῖος
2112 621 2287 698 λέγει
2332 622 2434 687 διὰ
2483 624 2553 687 τὸ

200 729 278 799 μὴ
319 724 520 797 ἄλλως
567 729 859 799 ἀνεκτοὺς
907 727 1190 806 γενέσθαι
1239 735 1365 798 τοῖς
1416 713 1733 802 cranihom.
1808 727 2100 792 Indidem
2140 727 2554 812 repetendum

201 838 282 894 est
335 832 497 916 quod
561 837 694 898 tam
759 835 1007 918 copiose
1065 832 1224 898 dicit
1291 832 1370 898 de
1429 832 1721 911 Essenis,
1767 831 1933 897 Bell.
1980 830 2125 897 Jud.
2179 831 2243 896 2.
2294 831 2367 908 8,
2418 842 2555 897 tam

201 939 420 1002 concise
463 942 684 1002 autem
732 938 810 1004 de
857 938 1236 1004 Sadducaeis
1281 958 1438 1022 quos
1485 938 1723 1004 oderat.

273 1041 474 1108 Redeo
521 1045 602 1108 ad
651 1047 1085 1130 quaestionem
1106 1093 1125 1126 ,
1175 1065 1287 1108 cur
1331 1045 1590 1109 tandem
1626 1044 1941 1130 Josephus
1988 1043 2064 1108 de
2100 1042 2257 1109 Jesu
2298 1041 2553 1110 Christo

201 1147 382 1214 dicere
439 1149 740 1215 noluerit.
825 1149 1196 1216 Absurdum
1261 1158 1357 1216 est
1403 1150 1689 1234 credere,
1736 1150 2064 1215 hominem
2114 1161 2244 1214 tam
2293 1149 2555 1214 doctum

199 1255 406 1338 quique
467 1261 795 1339 praeterea
853 1255 932 1320 ad
977 1254 1438 1340 rempublicam
1485 1258 1880 1338 accessisset,
1933 1251 2329 1320 Christianos
2373 1257 2556 1340 igno-

201 1378 376 1444 rasse;
433 1363 490 1424 si
558 1362 780 1425 omisit
826 1360 902 1425 de
947 1362 1030 1425 iis
1075 1361 1281 1425 dicere
1301 1406 1318 1437 ,
1367 1366 1605 1425 certam
1655 1361 1885 1426 habuit
1928 1379 2183 1426 causam
2234 1380 2345 1424 cur
2390 1365 2557 1424 tace-

199 1471 294 1527 ret.
360 1463 602 1544 Multi,
655 1466 748 1530 uti
795 1466 965 1542 dixi,
1015 1465 1280 1530 credunt
1325 1485 1470 1529 eum
1519 1465 1597 1530 de
1642 1465 1881 1530 Messia
1924 1465 2199 1531 scribere
2236 1463 2516 1530 noluisse
2534 1511 2553 1542 ,

197 1590 264 1633 ne
315 1570 462 1654 quid
523 1571 689 1636 forte
749 1570 1182 1636 Romanorum
1245 1589 1427 1634 aures
1489 1569 1867 1647 offenderet3
1930 1570 2039 1636 sed
2102 1571 2383 1654 primum
2430 1571 2556 1656 ipsi

199 1671 440 1760 Josepho
497 1675 690 1742 Jesus
749 1697 874 1742 non
938 1683 1072 1741 erat
1131 1697 1280 1741 sane
1341 1677 1369 1740 ὃ
1433 1674 1645 1755 Χριςός
1696 1683 1761 1741 et
1808 1676 2134 1753 credebat,
2185 1687 2353 1742 certe
2403 1696 2555 1741 con-

199 1779 464 1846 tendebat
481 1828 500 1859 ,
564 1779 1034 1866 Vespasianum
1099 1801 1232 1846 esse
1293 1800 1486 1865 quem
1532 1781 1665 1846 fata
1710 1782 2197 1866 portendissent.
2269 1782 2514 1848 Deinde
2531 1834 2551 1860 ,

201 1887 244 1947 si
285 1887 428 1952 adeo
475 1888 638 1952 dum
686 1888 986 1953 scriberet
1031 1889 1357 1952 timuisset
1399 1887 1773 1971 corpusculo
1820 1908 1934 1953 suo
1950 1935 1967 1966 ,
2018 1889 2333 1974 professus
2386 1899 2555 1956 certe

201 1989 424 2069 suisset,
473 2014 542 2059 se
583 1993 846 2058 rediisse
886 1993 966 2059 ad
1005 1992 1381 2058 Essenorum
1425 1994 1786 2076 opiniones,
1820 2012 1976 2077 quos
1999 2013 2248 2078 semper
2269 1994 2555 2060 adamas-

201 2102 278 2160 set
329 2119 436 2164 nec
498 2099 726 2163 haberi
788 2098 1132 2182 voluisset,
1204 2095 1364 2162 falso
1431 2100 1803 2183 praesertim
1826 2146 1844 2174 ,
1918 2098 1997 2163 de
2064 2098 2551 2165 Pharisaeorum

201 2221 463 2288 numero,
528 2203 646 2289 qui
707 2225 854 2288 prae
918 2206 1146 2270 ceteris
1197 2202 1664 2289 Prophetarum
1725 2205 2049 2270 vaticiniis
2110 2204 2556 2272 (luctabantur.

203 2305 436 2373 Accedit
493 2309 676 2374 locus
736 2329 928 2394 quem
991 2330 1180 2394 supra
1243 2308 1655 2373 exhibuimus
1711 2308 1788 2373 de
1849 2309 2037 2374 caede
2082 2306 2121 2373 J
2124 2310 2338 2386 scobi,
2388 2310 2555 2376 unde

206 2418 600 2498 comperimus
648 2413 892 2500 aliquid
939 2416 1006 2478 in
1052 2415 1480 2500 superioribus
1527 2413 1605 2478 de
1648 2412 1803 2479 Jesu
1849 2414 2045 2479 fuisse
2090 2416 2421 2480 traditum.

275 2520 444 2587 Nihil
492 2521 789 2606 equidem
838 2523 1067 2599 miror,
1117 2523 1448 2605 pericopen
1499 2520 1583 2584 de
1631 2517 1885 2585 Christo
1933 2521 2010 2585 ab
2052 2520 2329 2586 librariis
2361 2522 2557 2587 fuisse

207 2625 486 2691 sublatam
509 2676 526 2711 ,
593 2647 745 2691 cum
799 2625 1044 2711 aliquid
1088 2628 1361 2710 inesset,
1411 2624 1578 2709 quod
1628 2632 1741 2689 aut
1787 2626 2295 2711 indignationem
2340 2646 2559 2693 move-

207 2736 283 2792 ret
335 2740 442 2797 aut
502 2731 1070 2819 Evangelistarum
1138 2730 1326 2796 fidem
1391 2746 1673 2796 evertere
1728 2730 2069 2797 videretur.
2140 2730 2247 2797 Sic
2291 2732 2558 2799 Luciani

211 2831 570 2918 opusculum
641 2836 720 2903 de
785 2836 994 2903 Morte
1044 2836 1376 2924 Peregrini
1423 2836 1649 2901 itidem
1698 2835 1908 2902 delere
1962 2840 2171 2901 conati
2217 2848 2365 2903 sunt
2379 2885 2397 2917 ‚
2448 2840 2558 2904 sed

209 2938 406 3009 frustra
459 2946 743 3010 inerunt.
826 2942 997 3017 Quid
1059 2948 1276 3007 autem
1342 2944 1392 3006 si
1457 2944 1713 3025 scripsit
1769 2939 1808 3005 J
1811 2943 2085 3026 osephus
2138 2963 2205 3008 se
2251 2964 2290 3008 a
2336 2950 2513 3028 patre
2536 2992 2556 3028 ‚

210 3066 328 3111 nam
370 3048 744 3115 sacerdotali
790 3068 1019 3135 genere
1064 3056 1252 3114 natus
1298 3056 1434 3112 erat
1451 3094 1467 3125 ,
1516 3046 1759 3130 aliquid
1798 3050 2109 3133 accepisse
2147 3048 2225 3113 de
2262 3068 2517 3114 rumore
2536 3094 2554 3127 ‚

211 3170 366 3233 quem
427 3174 720 3240 sparsum
782 3154 980 3218 fuisse
1037 3152 1317 3240 legimus
1378 3152 1617 3217 Matth.
1680 3151 1791 3216 28.
1844 3152 1925 3217 13
1944 3199 1962 3229 ,
2012 3154 2327 3237 quomodo
2372 3155 2559 3219 disci·

209 3256 320 3337 puli
380 3259 418 3325 J
423 3281 533 3325 esu
607 3259 872 3324 cadaver
940 3258 1097 3323 olim
1167 3256 1598 3323 abstulissent.
1704 3256 1766 3321 N
1768 3277 1849 3322 on
1920 3258 2287 3323 mirandum
2358 3259 2555 3325 talem

211 3366 506 3451 pericopen
566 3385 816 3430 erasam
875 3364 1102 3439 fuisse,
1165 3383 1312 3428 cum
1358 3362 1619 3447 Josephi
1670 3361 2001 3428 volumina
2048 3360 2557 3429 Christianorum

213 3469 500 3548 manibus,
553 3472 656 3534 uti
702 3472 1084 3555 conjecimus
1103 3517 1120 3551 ‚
1173 3474 1544 3533 tererentur.
1616 3467 1939 3533 Incertum
1986 3468 2105 3533 hoc
2152 3490 2287 3534 esse
2324 3470 2556 3534 fateor:

213 3589 326 3637 occe
375 3574 549 3641 aliud
610 3574 779 3660 quod
842 3575 1103 3640 fortasse
1157 3573 1348 3658 paulo
1399 3575 1721 3659 majorem
1753 3577 2024 3659 speciem
2076 3574 2399 3641 videbitur
2444 3576 2557 3641 ha-

213 3672 348 3741 bere.
429 3678 668 3745 Scribit
733 3678 1046 3766 Josephus
1107 3682 1324 3765 Antiq.
1391 3678 1496 3745 13.
1563 3678 1667 3743 10.
1736 3677 1777 3742 6
1849 3680 1927 3744 de
1996 3678 2379 3757 Pharisaeis,
2452 3700 2558 3745 eos

215 3778 390 3854 ἄλλως
433 3809 504 3849 τε
549 3786 656 3849 καὶ
705 3786 892 3865 Φύσει
941 3788 1081 3863 πρὸς
1132 3786 1248 3858 τὰς
1294 3787 1577 3856 κολάσεις
1620 3786 1894 3856 ἐπιεικῶς
1939 3782 2107 3864 ἔχειν
2152 3785 2344 3869 idque
2384 3786 2557 3851 haud

215 3887 380 3953 semel
433 3890 731 3956 inculcat.
815 3892 1024 3956 Audio
1086 3890 1205 3956 hoc
1271 3910 1414 3955 vere
1477 3890 1780 3956 affirmari
1844 3890 1923 3955 de
1985 3890 2339 3968 Hillelit'is,
2402 3912 2555 3957 nam

215 3990 352 4056 inter
389 3992 754 4063 Pharisaeos
801 3997 1008 4063 multo
1055 4004 1234 4063 erant
1281 3999 1625 4062 severiores
1670 4000 1781 4081 qui
1828 3995 2305 4062 Schammaitae
2346 3998 2561 4083 appel-

216 4090 499 4167 labantur.
569 4102 990 4187 Consequitur
1049 4124 1125 4168 ea
1182 4123 1342 4187 quae
1405 4100 1719 4186 Josephus
1780 4102 2046 4167 tradidit
2091 4103 2169 4167 de
2214 4101 2368 4167 Jesu
2416 4124 2559 4169 con-

221 4198 582 4273 demnatione
627 4215 760 4273 toto
807 4206 980 4273 coelo
1027 4207 1274 4273 differre
1321 4208 1613 4273 debuisse
1660 4206 1739 4271 ab
1779 4206 2179 4293 Evangeliis,
2222 4208 2289 4271 in
2327 4210 2559 4293 quibus

214 4306 516 4395 Plerumque
569 4316 734 4380 inter
791 4322 1132 4398 utramque
1191 4320 1428 4379 sectam
1492 4333 1619 4378 non
1681 4313 2135 4399 distinguitur,
2204 4335 2319 4379 nec
2388 4330 2555 4380 certe
