3150 5000
1208 264 1426 315 ‘fauor
1446 266 1665 313 mmm.
2104 245 2111 256 “
2374 300 2383 311 .
2512 248 2636 314 141

251 440 362 517 ρῶν
413 428 560 513 ὅτῳ
605 431 864 515 τρόπῳ
914 432 950 508 ἢ
996 431 1188 510 μένων
1234 432 1703 511 πολιορκήσεται
1752 430 1787 508 ἢ
1838 431 1943 497 καὶ
1980 433 2313 514 ἀναχωρῶν
2351 433 2643 510 διασωθέ-

133 572 138 584 ·
252 563 472 617 σεται,
514 539 726 606 multo
765 540 1001 607 melius
1036 540 1404 628 intelligam
1443 539 1799 621 πότερον.
1848 538 1932 605 Et
1969 539 2490 618 Λακεδαιμονίους
2534 542 2641 608 καὶ

249 636 766 721 Πελοτοννησίους
787 696 804 731 ,
875 644 1150 713 alterum
1219 651 1440 711 utrum
1513 648 1773 713 omnino
1844 645 2000 711 satis
2062 658 2191 725 est,
2258 648 2453 712 sicuti
2515 648 2549 734 ἓ
2599 646 2641 719 3

252 756 462 840 capite
531 753 657 820 111
708 752 1024 820 inutiliter
1070 752 1576 820 Mantinensium
1624 754 1869 819 mentio
1914 750 2004 817 fit.
2048 749 2275 838 Capite
2318 752 2447 818 112
2488 754 2643 820 Am-

247 861 571 926 braciotae
619 860 892 927 natando
936 863 1164 945 petunt
1212 859 1700 925 Atheniensium
1754 879 1948 925 naves
1964 907 1983 943 ‚
2026 858 2409 937 ἡγησάμενοι
2447 866 2643 941 κρεῒσς-

247 990 350 1033 σον
417 962 572 1031 εἶναι
639 969 856 1047 σφίσιν
919 966 1033 1031 ὑπὸ
1096 972 1214 1031 τῶν
1275 967 1336 1030 ἕν
1382 974 1525 1039 ταῖς
1567 966 1813 1045 ναυσὶν,
1864 967 1915 1031 εἰ
1962 966 2092 1043 δεῖ,
2143 967 2554 1049 διαφθαρῆναι
2605 967 2640 1045 ἢ

251 1072 368 1139 ὑπὸ
409 1080 529 1138 τῶν
577 1072 915 1154 βαρβάρων
959 1072 1066 1137 καὶ
1113 1072 1371 1153 ἐχθΙς-ων
1420 1071 1996 1154 ’Λμφιλόχων,
2045 1073 2157 1139 sed
2202 1074 2271 1138 in
2308 1071 2433 1139 fine
2467 1074 2643 1140 deest

250 1180 526 1247 verbum
578 1180 623 1245 οἱ
643 1195 682 1244 λ
698 1186 740 1244 ὥ
759 1204 848 1243 να
867 1204 909 1246 ι.
956 1179 1288 1246 Malebant
1334 1180 1412 1246 ab
1458 1180 1955 1246 Atheniensibus
2001 1177 2273 1245 interfici
2321 1200 2515 1265 quam
2561 1181 2640 1248 ab

211 1298 230 1316 ⁹
247 1286 702 1372 Amphilochis
748 1286 978 1351 abduci
1025 1288 1092 1351 in
1139 1288 1602 1371 captivitatem.
1655 1284 1882 1372 Capite
1934 1284 2061 1351 113
2110 1285 2452 1352 inutilibus
2498 1308 2644 1374 sup—

247 1392 598 1481 plementis
660 1394 915 1459 resectis
975 1391 1196 1479 procul
1257 1392 1451 1459 dubio
1506 1392 1851 1481 legendum
1900 1398 2029 1460 est:
2088 1392 2348 1471 οἰόμενος
2398 1416 2442 1458 α
2462 1394 2495 1459 ὖ
2512 1394 2597 1459 τὸ
2614 1418 2644 1459 ν

253 1498 412 1567 εἶναι
483 1500 610 1565 ἀπὸ
673 1505 791 1565 τῶν
835 1499 897 1564 ἐν
944 1498 1276 1577 ’ἰδομέναις
1325 1506 1390 1564 et
1434 1500 1544 1565 οὐκ
1590 1497 1712 1581 ἄρα
1758 1506 1877 1565 τῶν
1922 1500 2059 1578 μεθ’
2107 1502 2277 1575 ἡμῶν
2323 1498 2486 1585 ἒςίν,
2533 1499 2645 1566 sed

248 1629 329 1675 ne
370 1605 539 1675 illud
586 1606 843 1692 quidem
891 1610 1206 1671 sincerum
1260 1626 1398 1671 esse
1441 1609 1687 1693 potest:
1736 1605 1905 1685 ἤρετο
1950 1602 1990 1671 δ’
2028 1627 2088 1671 τι
2138 1602 2456 1687 θαυμάζοι
2507 1604 2641 1670 καὶ

256 1712 468 1781 ὁπόσοι
543 1714 744 1779 αὐτῶν
817 1714 1116 1777 τεθνᾶσιν.
1187 1711 1548 1801 Interrogat
1616 1732 1986 1798 praeconem
2050 1733 2163 1778 cur
2218 1716 2395 1779 tanto
2458 1732 2644 1797 opere

248 1824 529 1887 miretur
572 1840 898 1886 caesorum
948 1840 1326 1884 numerum:
1376 1822 1548 1899 ἤρετο
1588 1817 1625 1883 δ’
1658 1842 1718 1884 τι
1764 1815 2064 1900 θαυμάζοι
2110 1815 2201 1884 ὅτι
2238 1823 2511 1885 τοσοῦτοι
2537 1820 2643 1884 αὖ·

248 1934 364 1993 τῶν
404 1930 706 1993 τεθνᾶσιν.
749 1926 823 1991 Id
861 1926 1177 2011 quomodo
1217 1924 1627 2012 Thucydides
1663 1927 1879 1991 Attice
1917 1932 1981 1991 et
2022 1925 2349 2013 eleganter
2387 1925 2643 2005 dixerit,

251 2034 545 2101 ostendet
592 2032 686 2098 III
734 2030 851 2097 38:
917 2030 1212 2114 θαυμάζω
1261 2029 1386 2105 ὅτις
1436 2030 1562 2101 ἐςὶν
1608 2033 1635 2096 ὅ
1685 2036 1965 2111 ἀντερῶν.
2015 2032 2117 2099 Ad
2164 2053 2302 2099 eam
2350 2052 2645 2099 normam

253 2144 576 2228 expuncta
637 2142 1078 2207 coniunctione
1138 2139 1250 2205 xa!
1265 2186 1282 2219 ,
1346 2139 1690 2227 legendum
1756 2144 1883 2205 est:
1935 2136 2103 2220 ἤρετο
2151 2136 2188 2204 ὅ
2227 2163 2289 2204 τι
2339 2136 2643 2221 θαυμάζοι

256 2246 469 2313 ὁπόσοι
533 2248 736 2312 αὐτῶν
796 2247 1095 2312 τεθνᾶσιν.
1157 2246 1298 2335 Ego
1361 2266 1611 2332 quoque
1656 2245 2063 2325 θαυμάσομαι
2112 2241 2238 2320 ὅτις
2287 2244 2411 2314 dclv
2457 2246 2485 2311 ὃ
2533 2247 2645 2311 ἆν-

254 2378 462 2437 τερων.

340 2570 420 2638 In
468 2574 694 2656 quarto
731 2568 896 2635 libro
937 2571 1159 2634 statim
1199 2568 1278 2635 ab
1315 2570 1505 2634 initio
1544 2567 1821 2635 offendor
1855 2568 1959 2634 his
1994 2567 2242 2636 verbis:
2283 2565 2644 2650 Συρακόσιοι
2725 2557 2735 2564 ’

251 2714 336 2727 -
384 2677 719 2750 Μεσσήνην
771 2674 1132 2752 κατέλαβον
1183 2711 1269 2722 —-·
1317 2674 1422 2739 καὶ
1473 2673 1735 2749 ἀοι-ἐτη
1784 2674 2166 2749 Μεσσήνη
2206 2672 2540 2750 Ἀθηναίων
2581 2679 2646 2741 et

251 2790 570 2871 expuncto
633 2785 893 2849 nomine
955 2784 1208 2868 proprio
1270 2781 1705 2848 commendo.-
1731 2780 2160 2857 ἀπέςησαν
2208 2781 2538 2857 Ἀθηναίων
2580 2787 2647 2848 et

251 2891 420 2975 quod
485 2891 579 2955 ibi
641 2889 925 2977 legimus
944 2907 966 2951 :—
1024 2891 1092 2954 αἱ
1158 2896 1291 2962 νῆες
1338 2887 1669 2962 Μεσσήνην
1718 2887 2071 2969 ἐφρούρουν,
2120 2890 2259 2954 eiue
2304 2888 2430 2955 loci
2472 2885 2644 2955 Her-

254 2997 586 3062 werdenus
653 3016 777 3061 non
849 2994 1210 3061 recordatus
1277 2999 1403 3071 est,
1469 3011 1618 3059 cum
1682 2994 2012 3060 adnotaret
2076 2993 2155 3059 ad
2217 2994 2313 3060 111
2366 2992 2485 3061 17:
2535 2996 2646 3070 τὴν

253 3103 628 3168 Ποτείδαιαν
691 3101 1043 3187 ἐφρούρουν,
1097 3101 1216 3167 hoo
1275 3099 1465 3167 modo
1527 3100 1797 3166 verbum
1859 3107 2135 3182 φρουρεῖν
2184 3122 2223 3168 a
2267 3098 2645 3188 Thucydide

253 3230 377 3275 non
436 3211 752 3295 usurpari.
821 3207 1110 3275 Secundo
1173 3210 1378 3294 capite
1439 3227 1904 3294 supervacanea
1949 3207 2144 3275 verba
2190 3213 2370 3273 sunt:
2420 3213 2537 3271 τῶν
2584 3205 2645 3271 ἐν

252 3325 330 3398 τῇ
394 3316 573 3383 πόλει
636 3318 707 3380 in
766 3315 973 3381 hisce:
1039 3311 1208 3380 εἷπον
1270 3314 1332 3378 δὲ
1381 3313 1617 3385 τούτοις
1670 3313 1775 3378 καὶ
1826 3315 2199 3395 Κορκυραίων
2244 3309 2387 3389 ἅμα
2438 3335 2646 3393 παρα-

256 3422 562 3496 πλέοντας
623 3427 767 3487 τῶν
831 3423 860 3486 ἒ
876 3447 905 3487 ν
968 3429 1064 3502 τῇ
1126 3418 1366 3486 πόλει
1429 3422 1893 3496 ἐπιμεληθῆναι.
1942 3420 2185 3487 Deinde
2230 3420 2467 3488 arridet
2512 3444 2645 3486 κα-

253 3529 690 3606 ταςήσειν,
756 3527 870 3593 ubi
917 3527 1102 3594 hodie
1149 3527 1361 3593 editur
1405 3523 1747 3608 νομίζοντες
1799 3525 2378 3607 κατασχήσειν
2428 3526 2641 3611 ῥᾳδίως

252 3633 339 3698 τοὶ
401 3635 780 3715 πράγματα.
860 3633 1083 3720 Neque
1142 3634 1557 3700 Athenienses
1622 3633 2034 3699 Demostheni
2094 3629 2315 3697 εἷπον
2374 3634 2641 3714 χρῆσθαι

253 3748 392 3812 ταῖς
442 3741 650 3806 ναυσὶν
701 3741 806 3806 ἒοὶν
853 3739 1200 3819 βούληται,
1251 3739 1421 3825 quod
1465 3739 1924 3825 propemodum
1966 3738 2315 3805 ridiculum
2365 3745 2462 3805 est
2480 3787 2497 3820 ,
2531 3739 2642 3807 sed

256 3845 284 3908 ἐ
299 3845 491 3930 πέτρ
510 3873 540 3914 ε
561 3871 652 3912 πο
668 3871 719 3914 ν.
768 3845 940 3914 Satis
987 3852 1084 3912 est
1129 3849 1198 3911 in
1245 3844 1402 3912 talia
1447 3845 1730 3934 digitum
1778 3845 2123 3911 intendere.

343 4061 626 4130 Navium
689 4061 988 4150 praefecti
1055 4083 1110 4128 c.
1178 4061 1217 4127 5
1279 4061 1778 4128 Demosthenem
1834 4081 1982 4127 cum
2038 4062 2319 4149 quinque
2366 4061 2640 4129 navibus

259 4163 409 4252 Pyli
452 4169 822 4255 relinquunt
868 4173 933 4235 et
977 4168 1101 4255 ipsi
1139 4175 1282 4242 ταῖς
1325 4168 1648 4234 πλείοσι
1691 4168 1869 4233 ναυσὶ
1910 4167 2014 4233 τὸν
2054 4175 2247 4236 πλοῦν
2288 4169 2647 4248 ἠπείγοντο.

257 4269 460 4350 Quam
523 4276 790 4364 languet
855 4275 1022 4342 illud
1084 4275 1325 4340 πλείοσι
1389 4279 1452 4342 et
1512 4295 1707 4360 quam
1756 4280 1902 4361 apte
1948 4276 2140 4343 scribi
2186 4278 2423 4363 poterit
2470 4278 2570 4342 ὑπ·
2587 4300 2646 4343 ο-

260 4389 340 4442 λο
360 4379 522 4447 Ixos
544 4380 608 4456 41
685 4380 967 4474 Vulgata
1024 4381 1216 4450 lectio
1275 4387 1352 4448 ut
1407 4386 1775 4460 excusetur,
1840 4383 2109 4449 minime
2172 4381 2644 4469 provocandum
