3150 5000
572 230 702 298 164
1636 252 1873 301 comm.

659 414 1017 483 Sententia:
1084 419 1401 503 sapienter
1467 422 1681 485 autem
1746 438 1934 506 agere
1998 418 2161 483 mihi
2223 417 2479 484 videtur
2539 416 2759 482 Nicias
2778 462 2795 495 ‚
2854 416 2939 481 vir
3063 459 3064 525 1

569 522 961 603 ditissimus,
1005 527 1172 610 quod
1210 545 1407 613 parva
1447 527 1753 612 pecuniae
1792 546 2049 592 summa
2088 524 2385 592 delatoris
2427 529 2491 589 et
2530 524 2939 611 sycophantae

567 632 728 697 emit
773 630 1126 698 silentium.

655 802 938 871 Euroms
984 804 1059 869 fr.
1115 802 1201 870 69

975 906 1065 975 ὅτι
1116 912 1223 1002 οὖν
1268 910 1727 991 ὦτρύφερος
1776 910 1897 976 οὐδ’
1948 908 2135 989 ἄωρός
2181 908 2312 975 ἐστ’
2366 908 2535 990 ἀνήρ.

566 1014 936 1082 Notandum
994 1016 1380 1083 vocabulum
1443 1022 1693 1103 praeter
1752 1016 2088 1105 vulgarem
2158 1015 2521 1103 analogiam
2570 1012 2799 1081 fictum
2846 1032 2945 1099 pro

567 1122 960 1201 ἅτρύφητσς,
1023 1123 1190 1209 quod
1253 1126 1505 1189 numeri
1551 1125 2050 1210 permittebant,
2100 1122 2203 1188 vel
2251 1117 2565 1203 ἅτρυφος,
2614 1121 2785 1208 quod
2833 1141 2945 1186 nou

565 1229 824 1295 videtur
869 1231 1208 1299 exstitisse.

659 1400 836 1466 Idem
892 1402 967 1467 fr.
1019 1400 1151 1467 209

841 1509 1166 1589 χῶμυνίας
1213 1509 1429 1581 ἐκεῖνος
1481 1510 1705 1587 ἀμέλει
1757 1510 2137 1587 κλαύσεται,

845 1610 936 1678 ὅτι
985 1616 1060 1680 ὢν
1107 1613 1388 1697 ἄγροικος
1434 1614 1691 1683 ἵσταται
1742 1617 1886 1697 πρὸς
1935 1619 2019 1696 τῷ
2067 1618 2234 1697 μύρῳ

845 1715 964 1785 ὅτι
1015 1724 1202 1787 θεῶν
1251 1720 1448 1788 ἕνεκ’
1496 1722 1853 1788 ἔπλευσε
1901 1725 2150 1795 κακὸς
2204 1722 2294 1788 ὢν
2339 1722 2688 1787 εἵσεται.

572 1823 952 1893 Gonieiendo
1012 1824 1088 1891 ὦν
1133 1830 1184 1892 θ’
1231 1826 1406 1895 εἵνεκ’
1453 1830 1788 1908 ἐξέπλευσε
1836 1830 2403 1908 καταπορνεύεται,
2458 1834 2564 1906 „et
2608 1828 2783 1912 quod
2826 1846 2952 1892 ma-

573 1954 776 2020 „gnas
841 1933 1228 2018 reipublicae
1286 1938 1595 2017 rationes,
1653 1936 1731 2001 ad
1795 1957 1950 2020 quas
2007 1936 2271 2001 tuendas
2347 1934 2535 2000 classi
2607 1934 2953 2019 praefectus

575 2046 743 2117 ‚‚est,
809 2039 1137 2106 scortando
1200 2040 1442 2125 perdit’'
1506 2062 1543 2107 a
1605 2044 1917 2107 sententia
1980 2041 2296 2107 aberravit
2344 2041 2667 2115 Kockius‚
2716 2038 2955 2125 quando

572 2144 829 2230 quidem
880 2144 1089 2213 Schol.
1139 2146 1322 2233 Vesp.
1380 2148 1547 2214 1271
1603 2156 1669 2214 et
1714 2148 1885 2213 Nub.
1938 2146 2062 2213 691
2109 2148 2339 2213 diserte
2388 2144 2709 2234 significat
2748 2168 2827 2211 ex
2866 2144 2957 2209 his

571 2250 906 2335 Eupolidis
961 2252 1170 2317 verbis
1216 2274 1516 2339 apparere
1561 2254 1673 2328 τὴν
1718 2256 2011 2331 Ἀμυνίαν
2059 2255 2144 2325 εἰς
2195 2252 2555 2323 Θετταλοὺς
2606 2250 2957 2332 παρεπρέσ-

569 2358 773 2435 βεισιν.
848 2356 1080 2424 Procul
1126 2359 1321 2425 dubio
1367 2360 1573 2448 igitur
1622 2360 1787 2426 dixit
1832 2368 2017 2446 poeta
2068 2359 2521 2445 vapulaturum
2572 2378 2707 2425 esse
2757 2360 2955 2443 Amy-

571 2466 781 2542 niam,
845 2465 1012 2551 quod
1075 2485 1149 2532 ea
1207 2474 1462 2552 propter
1518 2486 1678 2552 quae
1727 2466 2045 2555 legatione
2092 2467 2349 2533 functus
2398 2472 2528 2544 est,
2579 2467 2621 2530 i.
2671 2485 2727 2532 e.
2779 2484 2955 2552 pecu·

571 2574 782 2648 niam,
855 2573 923 2637 ni
987 2571 1206 2650 fallor,
1270 2593 1396 2658 qua
1457 2582 1791 2660 corruptus
1858 2580 1985 2650 est,
2054 2595 2220 2638 nunc
2294 2573 2730 2645 καθηδυπαθεῖ.
2796 2568 2953 2637 Cum

571 2687 788 2744 autem
828 2677 999 2744 nudo
1042 2679 1230 2744 verbo
1269 2687 1448 2744 πλεῖν
1487 2701 1562 2744 ea
1603 2679 1841 2766 legatio
1880 2683 1990 2745 vix
2029 2677 2379 2766 significari
2420 2681 2735 2764 potuerit,
2762 2678 2955 2742 ferme

571 2785 782 2852 nescio
841 2805 916 2850 an
982 2787 1155 2870 prior
1216 2792 1383 2851 certe
1445 2784 1747 2852 versiculi
1811 2804 1955 2870 pars
2026 2786 2180 2850 satis
2248 2782 2661 2870 probabiliter
2732 2781 2957 2867 corrigi

574 2890 771 2977 possit
833 2891 1160 2956 scribendo
1221 2886 1314 2955 ὧν
1362 2891 1412 2956 θ’
1463 2891 1493 2956 ἔ
1509 2915 1587 2956 νε
1615 2892 1672 2956 κ’
1724 2890 2293 2969 ἐπρέσβευσεν.
2344 2888 2623 2954 Verbum
2676 2889 2957 2952 medium

572 2998 1380 3076 καταπορνεύεσθαι,
1459 2997 1625 3083 quod
1704 2997 1959 3063 refinxit
2042 2997 2261 3073 Koch,
2349 3017 2665 3081 nusquam
2736 3003 2952 3060 exstat.

575 3103 744 3185 Quid
791 3121 938 3170 vero
982 3101 1181 3168 lateat
1228 3104 1296 3167 in
1344 3103 1787 3188 sequentibus,
1838 3123 1998 3189 quae
2048 3102 2339 3168 fallacem
2382 3105 2655 3186 speciem
2696 3099 2959 3165 offerunt

572 3209 912 3278 verborum
959 3214 1160 3280 κακῶς
1210 3209 1542 3286 ὠνήσεται,
1588 3209 1824 3274 frustra
1860 3210 2187 3293 hucusque
2228 3210 2537 3292 quaesivi.
2584 3205 2719 3272 Nec
2762 3210 2956 3274 κακῶς

573 3317 764 3382 ὦνεΐτ’
809 3315 940 3382 ἐκεῖ
982 3334 1238 3401 prorsus
1283 3315 1614 3381 satisfacit.

665 3499 843 3569 Idem
887 3501 964 3566 fr.
1015 3498 1145 3567 351

760 3615 1038 3674 AAKIB.
1085 3612 1246 3684 μισῶ
1293 3607 1689 3690 λακωνίζειν,
1744 3606 2100 3690 ταγηνίζειν
2143 3608 2209 3674 δὲ
2255 3605 2371 3672 κᾶν
2418 3605 2738 3686 πριαίμην.

972 3725 1039 3780 Β.
1089 3714 1401 3788 πολλοὺς
1454 3713 1510 3779 δ’
1723 3710 1954 3792 οἶμαι
2003 3721 2104 3780 νῦν
2152 3711 2518 3792 βεβινῆσθαι
2570 3761 2585 3777 .

569 3820 742 3888 Satis
802 3821 1116 3887 constabit
1179 3822 1494 3888 sententia
1515 3869 1531 3899 ‚
1598 3823 1652 3887 si
1716 3842 1975 3888 versum
2040 3820 2315 3888 alterum
2368 3821 2460 3885 sic
2508 3819 2857 3886 correxeris
2905 3821 2961 3884 et

578 3926 930 4014 expleveris

717 4044 784 4099 B·
833 4033 1099 4108 πολλοὺς
1148 4033 1201 4098 δ’
1249 4028 1562 4114 ἐγῷμαι
1612 4038 1713 4099 νῦν
1761 4033 2129 4112 βεβινῆσθαι
2178 4033 2835 4112 ταγηνίσαντας.

665 4138 764 4210 Of.
820 4141 1056 4208 Kockii
1102 4143 1448 4208 annotatio.
1509 4140 1752 4207 Multos
1801 4144 2063 4206 iuvenes
2111 4145 2253 4224 post
2297 4138 2476 4205 lauta
2528 4143 2595 4206 et
2641 4137 2963 4205 luxuriosa

575 4250 869 4316 convivia
911 4247 1289 4333 pudicitiam
1337 4267 1520 4314 suam
1571 4246 1921 4332 perdidisse
1970 4246 2177 4312 dicere
2226 4246 2485 4313 videtur
2529 4247 2587 4310 is
2630 4247 2743 4330 qui
2790 4243 2963 4312 Alei-

578 4355 747 4422 biadi
795 4353 1146 4442 respondet.
