3150 5000
569 239 702 352 812
1541 303 1801 354 osssms
1847 303 1977 352 1³10.

567 469 885 534 exstitisse
931 467 1172 532 multos
1189 517 1208 551 ‚
1254 469 1365 552 qui
1411 487 1796 555 magnopere
1842 487 1991 533 eum
2040 470 2478 552 vituperarent
2492 515 2511 546 ,
2558 474 2631 533 ut
2655 469 2763 554 qui
2786 467 2933 533 falsa

565 574 736 641 veris
794 574 1090 639 misceret
1107 622 1126 659 ,
1183 573 1474 640 homines
1537 579 1603 640 et
1666 579 1956 658 tempora
2000 593 2125 640 uon
2174 577 2330 640 satis
2376 574 2829 663 distingueret,
2874 577 2934 638 in

566 681 759 766 nugis
816 677 1086 764 denique
1148 684 1213 744 et
1275 678 1526 746 fabellis
1588 679 1866 745 anilibus
1924 680 2288 746 enarrandis
2353 678 2501 766 plus
2560 700 2754 766 aequo
2822 680 2935 744 sibi

567 782 966 872 indulgeret,
1029 785 1137 850 sed
1195 787 1330 850 iam
1393 785 1587 873 longa
1646 785 1783 852 dies
1845 783 2115 851 meliora
2175 785 2393 852 docuit
2437 792 2503 852 et
2549 784 2932 852 intellectum

568 896 666 956 est
709 892 778 954 in
825 888 1054 955 multis
1097 890 1558 977 vituperatores
1604 911 1841 956 errasse
1862 939 1881 975 ,
1924 911 2049 957 non
2102 891 2371 957 Dionem
2390 940 2409 977 ,
2453 896 2566 957 aut
2604 892 2715 958 ubi
2751 910 2931 956 erras-

567 1007 664 1062 set
721 997 922 1061 socios
979 1015 1263 1062 errorum
1310 996 1610 1062 habuisse
1658 997 1899 1062 multos
1916 1043 1935 1074 ‚
1988 999 2499 1082 superstitiosam
2548 1002 2764 1063 autem
2808 1015 2931 1060 cre-

569 1101 908 1168 dulitatem
929 1146 947 1179 ‚
1012 1122 1138 1187 qua
1195 1102 1466 1168 minime
1527 1111 1699 1168 caret
1717 1149 1734 1181 ,
1798 1103 2135 1168 hominum
2196 1105 2411 1190 magis
2468 1110 2537 1168 et
2586 1109 2929 1188 temporum

564 1205 826 1273 illorum
875 1209 1112 1272 vitium
1157 1227 1292 1273 esse
1338 1226 1533 1293 quam
1584 1207 1826 1274 Dionis.
1891 1208 1952 1273 N
1956 1229 2025 1274 ec
2064 1208 2293 1274 desunt
2333 1209 2501 1294 apud
2540 1229 2688 1276 eum
2724 1207 2933 1274 iudicii

565 1312 762 1378 sobrii
807 1319 874 1378 et
908 1313 1238 1398 prudentis
1275 1312 1589 1399 exempla.
1638 1313 2046 1380 Praeclarum
2088 1320 2187 1380 est
2226 1315 2394 1399 quod
2432 1315 2657 1380 scribit
2693 1312 2781 1378 46
2800 1362 2818 1398 ,
2856 1311 2930 1376 34

565 1438 657 1503 sq.
725 1417 784 1490 ἐς
847 1423 1026 1483 τοῦτο
1087 1419 1204 1495 μὲν
1251 1419 1323 1493 335
1371 1419 1512 1485 τότε
1559 1420 1645 1485 τοὶ
1694 1427 1811 1485 τῶν
1860 1419 2178 1497 Ῥωμαίων
2223 1421 2587 1499 πράγματα
2634 1421 2929 1500 προήχθη,

566 1523 722 1602 λέξω
769 1524 834 1589 δὲ
871 1525 976 1588 καὶ
1023 1526 1161 1589 καθ’
1203 1521 1460 1590 ἕκαστον
1485 1533 1602 1590 τῶν
1626 1525 2001 1603 γενομένων·
2052 1526 2156 1591 καὶ
2206 1526 2335 1606 γὰρ
2382 1527 2486 1591 καὶ
2527 1526 2843 1596 παίδευσις
2879 1526 2930 1588 ἐν

566 1632 758 1711 τούτῳ
809 1631 894 1694 τὰ
934 1629 1222 1708 μάλιστα
1264 1627 1422 1697 εἷναί
1460 1655 1564 1710 μοι
1605 1631 1773 1698 δοκεῖ
1807 1630 1957 1698 ὅταν
2001 1655 2095 1704 τις
2133 1633 2218 1696 τοὶ
2261 1631 2419 1711 ἔργα
2459 1641 2585 1706 τοῖς
2624 1639 2928 1712 λογισμοῖς

568 1735 888 1814 ύπολέγων
932 1735 1042 1811 τήν
1097 1760 1169 1802 τε
1217 1735 1453 1802 ἐκείνων
1497 1736 1687 1818 φύσιν
1738 1738 1806 1803 ἐκ
1852 1739 2081 1804 τούτων
2132 1737 2375 1819 ἐλέγχῃ
2420 1737 2525 1803 καὶ
2575 1738 2823 1813 τούτους
2870 1737 2927 1800 ἐκ

565 1853 677 1918 τῆς
731 1842 968 1908 ἐκείνων
993 1843 1349 1934 ,ὁμολογίας
1397 1851 1732 1922 τεκμηριοῖ.
1805 1843 2004 1910 Lectu
2054 1864 2302 1930 quoque
2350 1841 2805 1932 dignissimum
2848 1847 2929 1908 est

565 1955 778 2016 totum
819 1953 1010 2035 caput
1050 1946 1133 2013 19
1171 1948 1322 2015 libri
1364 1950 1471 2014 53.
1519 1951 1817 2016 Aetatem
1856 1952 2335 2036 imperatoriam
2370 1953 2505 2017 iam
2544 1956 2927 2016 enarraturus

563 2055 829 2122 lectores
883 2062 1101 2122 monet
1160 2076 1241 2121 ne
1286 2055 1579 2140 credant,
1628 2057 1921 2123 omnium
1970 2076 2131 2142 quae
2178 2057 2256 2122 de
2302 2057 2403 2122 his
2446 2058 2638 2122 rebus
2682 2057 2765 2122 ab
2803 2055 2925 2122 aliis

565 2169 756 2248 atque
803 2161 959 2228 adeo
1005 2182 1042 2226 a
1092 2181 1160 2225 se
1199 2162 1338 2246 ipso
1369 2161 1735 2240 tradantur,
1770 2159 1963 2228 fidem
2000 2168 2240 2228 certam
2268 2183 2403 2230 esse
2426 2168 2493 2228 et
2516 2161 2925 2248 exploratam:

562 2289 678 2334 nec
725 2288 943 2334 causas
989 2265 1155 2332 celat
1203 2287 1316 2332 cur
1358 2266 1462 2331 his
1509 2265 1665 2332 fides
1710 2287 1897 2353 saepe
1942 2267 2303 2354 deroganda
2338 2267 2657 2334 videatur.
2719 2267 2925 2332 Libera

565 2375 736 2440 enim
777 2393 846 2437 re
882 2371 1140 2458 publica
1179 2373 1236 2435 si
1277 2372 1418 2456 quis
1457 2378 1568 2436 aut
1610 2374 1707 2437 ira
1743 2377 1857 2438 aut
1896 2372 2111 2439 studio
2152 2373 2486 2438 historiam
2530 2373 2923 2450 condidisset,

564 2500 713 2546 eum
753 2498 832 2544 ex
872 2476 1017 2544 aliis
1055 2476 1470 2562 scriptoribus
1505 2483 1570 2543 et
1605 2498 1681 2543 ex
1714 2480 1871 2545 actis
1897 2478 2140 2546 diurnis
2164 2479 2405 2545 fraudis
2430 2481 2724 2545 convinci
2748 2494 2919 2565 posse·

562 2587 651 2652 At
689 2578 1022 2670 postquam
1065 2584 1276 2647 omnis
1313 2584 1381 2647 in
1421 2604 1489 2650 re
1525 2582 1785 2669 publica
1817 2590 2097 2669 potestas
2142 2588 2251 2651 uni
2288 2587 2479 2652 cessit
2502 2585 2589 2651 τὰ
2613 2586 2730 2663 μὲν
2753 2582 2921 2649 πλείω

564 2692 772 2773 κρύφα
814 2690 918 2755 καὶ
964 2687 1041 2754 δι’
1083 2689 1430 2770 ἀπορρήτων
1469 2690 1798 2768 γίγνεσθαι
1840 2688 2099 2775 ἤρξατο,
2142 2693 2193 2757 εἷ
2236 2690 2299 2755 δέ
2324 2691 2443 2757 πού
2466 2714 2607 2756 τινα
2632 2692 2741 2756 καὶ
2767 2689 2923 2763 &nuo-

565 2799 857 2882 σιευθείη,
897 2798 1045 2862 ἀλλ’
1087 2794 1516 2873 ἀνεξέλεγκτα
1563 2818 1646 2874 γε
1692 2794 1838 2861 ὄντα
1886 2798 2284 2862 ἀπιστεῖται·
2335 2796 2439 2861 καὶ
2482 2798 2611 2877 γὰρ
2650 2794 2923 2876 λέγεσθαι

563 2905 667 2971 καὶ
707 2903 1088 2983 πράττεσθαι
1132 2900 1345 2965 πάντα
1387 2902 1530 2982 πρὸς
1573 2902 1661 2967 τὰ
1699 2905 1817 2969 τῶν
1856 2903 1952 2967 ἀεὶ
1990 2901 2369 2983 κρατούντων
2406 2909 2524 2967 τῶν
2564 2926 2635 2968 τε
2674 2900 2923 2981 παραδυ·

515 3027 524 3035 ·
564 3011 973 3075 ναστευόντων
1021 3007 1199 3090 σφίσι
1247 3007 1634 3085 βουλήματα
1677 3010 2119 3075 ὑποπτεύεται.
2162 3012 2265 3073 καὶ
2307 3011 2477 3075 κατὰ
2517 3015 2697 3074 τοῦτο
2736 3004 2921 3075 πολλὰ

563 3118 676 3193 μὲν
721 3118 788 3180 οὐ
827 3113 1175 3194 γιγνόμενα
1215 3116 1564 3198 θρυλεῖται,
1608 3116 1819 3180 πολλοὶ
1856 3113 1917 3181 δὲ
1958 3116 2061 3180 καὶ
2106 3116 2271 3180 πάνυ
2298 3115 2734 3193 συμβαίνοντα
2758 3118 2922 3193 ἀγνο-

563 3230 762 3306 εῖται,
810 3219 1026 3283 πάντα
1074 3219 1135 3284 δὲ
1185 3220 1262 3290 ὥς
1313 3220 1506 3285 εἰπεῖν
1553 3218 1765 3293 ἄλλως
1806 3244 1932 3293 πως
1976 3222 2011 3295 ἢ
2050 3222 2128 3293 ὥς
2170 3222 2523 3301 πράττεται
2561 3221 2921 3302 διαθροεῖται.

563 3326 824 3412 Imperii
863 3345 1111 3411 quoque
1152 3328 1520 3391 vastitatem
1561 3336 1627 3391 et
1664 3347 1875 3392 rerum
1914 3334 2241 3414 gestarum
2280 3326 2773 3393 multitudinem
2815 3328 2921 3389 im-

561 3434 926 3521 pedimento
967 3452 1129 3508 esse,
1182 3434 1525 3517 quominus
1575 3432 1732 3498 bene
1778 3440 2239 3519 cognoscantur
2284 3453 2357 3498 ea
2405 3433 2537 3511 περὶ
2590 3429 2665 3497 ὧν
2714 3434 2783 3499 τὸ
2826 3426 2918 3505 μὲν

561 3540 764 3621 σαφὲς
828 3536 1021 3610 οὐδεὶς
1083 3535 1295 3620 ῥᾳδίως
1360 3534 1470 3613 ἔξω
1523 3544 1642 3602 τῶν
1688 3538 2079 3617 πραττόντων
2128 3539 2297 3603 αὐτὰ
2346 3539 2701 3619 γιγνώσκει.
2772 3536 2921 3603 Hinc

561 3651 628 3711 et
687 3666 755 3711 se
810 3647 1024 3731 ipsum
1087 3645 1464 3709 necessitate
1526 3651 1819 3710 coactum
1884 3665 2017 3713 esse
2072 3646 2291 3709 mim-a
2337 3647 2425 3710 τὰ
2478 3644 2618 3721 ἑξῆς
2638 3692 2657 3723 ,
2706 3640 2815 3709 ὅσα
2854 3658 2920 3716 γε

562 3752 667 3816 καὶ
717 3753 1064 3830 αναγκαῖον
1113 3746 1289 3814 ἔσται
1338 3748 1534 3815 εἰπεῖν
1555 3798 1573 3827 ,
1623 3752 1719 3815 ita
1762 3750 2033 3817 scribere
2074 3748 2148 3825 ὥς
2194 3774 2310 3816 που
2350 3750 2455 3816 καὶ
2497 3751 2838 3831 δεδήμευται
2855 3741 2917 3829 1).

632 4006 688 4071 1)
733 4002 1032 4066 Διδιίμοιται
1080 4008 1208 4057 reste
1253 4006 1464 4055 Venetus
1507 4008 1552 4055 A
1596 4009 1647 4055 et
1694 4005 1957 4057 Vaticanus
2002 4009 2072 4069 A3
2106 4009 2238 4073 quod.
2266 4008 2319 4057 in
2352 4004 2633 4065 δεδήλωται
2664 4003 2917 4059 mutundnn

563 4102 662 4138 nou
704 4102 806 4137 esse
851 4086 986 4154 (cum
1033 4086 1232 4139 librario
1278 4087 1486 4139 Medieei
1533 4088 1601 4147 B,
1652 4088 1731 4139 cui
1762 4088 2109 4155 obtemperavit
2140 4090 2437 4153 medorum)
2470 4091 2643 4141 Suidss
2674 4092 2805 4141 docet
2832 4100 2865 4135 ⁸·
2878 4096 2913 4131 V·

565 4166 787 4229 ἦδημῶθη
833 4169 985 4233 (luter
1031 4170 1199 4234 fragm.
1251 4170 1418 4219 Dionis
1453 4168 1531 4229 57,
1569 4172 1680 4235 80)=
1723 4166 1773 4219 ἓν
1807 4176 1878 4233 τῷ
1918 4168 2055 4235 δήμῳ
2091 4169 2305 4230 διεδόθη,
2340 4170 2489 4231 δῆλος
2524 4178 2677 4223 πᾶσιν
2713 4169 2915 4235 ἐγένετο,

564 4250 696 4302 οὕτω
740 4250 867 4301 Δίων
902 4246 951 4300 ἓν
991 4251 1268 4313 Ῥωμαικῶν
1303 4250 1373 4315 ιζ’
1417 4252 1538 4301 ,καί
1564 4270 1645 4310 τις
1682 4254 1833 4317 λόγος
1866 4250 1976 4315 περὶ
2007 4250 2174 4303 αὐτῶν
2208 4252 2407 4324 τοιρσδε
2443 4250 2713 4317 ἔδημύθη”.
2762 4256 2818 4305 In
2842 4262 2914 4313 μ’

561 4336 731 4387 blicam
764 4336 924 4394 odero,
957 4337 1174 4400 evulgare
1206 4336 1482 4400 ceteroquin
1519 4336 1645 4401 apud
1676 4335 1877 4387 Dionem
1906 4342 1979 4387 est
2012 4334 2353 4399 δημοσιεύειν,
2382 4340 2511 4403 quod
2540 4338 2789 4389 aasentias
2801 4334 2911 4383 iim·

562 4419 715 4469 nitur.
761 4414 1052 4475 Δεδῆλωται
1087 4421 1251 4467 nostro
1285 4418 1388 4469 loco
1423 4421 1592 4483 aptum
1628 4434 1821 4469 sensum
1852 4434 1949 4471 neu
1980 4419 2195 4485 praebet.
