3150 5000
1283 262 1516 315 comm.
2468 242 2597 312 167

210 434 616 502 tritissimum
663 444 795 513 est,
845 440 1136 512 tueatur,
1187 455 1220 500 e
1267 437 1500 520 quibus
1547 429 1709 509 duo,
1761 433 2047 522 Theogn.
2090 432 2221 499 520
2258 437 2339 505 ὡς
2380 430 2446 499 εὖ
2484 434 2599 511 μὲν

205 550 536 622 χαλεπῶς,
606 544 681 613 ὦς
743 524 1066 622 χαλεπῶξ
1098 539 1158 605 δὲ
1209 540 1374 616 μαλ’
1426 538 1492 605 εὖ
1541 548 1607 606 et
1654 540 1823 607 Plat.
1874 540 2066 627 Soph.
2117 539 2249 607 236
2302 540 2359 605 D
2405 539 2595 619 μάλα

205 645 272 714 εὖ
319 650 422 713 καὶ
473 656 726 729 κομψῶς
774 649 1109 713 manifesto
1158 647 1282 711 huc
1321 667 1448 711 non
1488 650 1825 732 pertinent.
1866 646 2092 714 Restat
2132 647 2301 713 Plat.
2329 646 2595 713 Theaet.

201 777 264 841 p.
320 755 446 821 156
494 758 633 821 iuit.
683 756 855 821 Εἰσὶν
907 753 1070 833 γάρ,
1120 751 1162 817 ὦ
1213 762 1370 827 παῖ,
1423 751 1621 829 μαλ’
1670 748 1754 818 εὖ
1802 753 2058 832 ἄμουσοι
2098 756 2206 840 (sc.
2251 752 2595 842 ἄνθρωποι),

200 863 266 926 in
338 882 498 947 quo,
570 860 718 926 silet
788 863 958 926 enim
1023 857 1407 942 Schanzius,
1473 860 1683 925 critici
1743 881 1869 926 nou
1931 860 2231 927 videntur
2290 861 2592 927 haesisse.

202 966 665 1056 Corrigendum
704 968 796 1033 ibi
837 967 1110 1032 arbitror
1152 971 1266 1031 aut
1313 960 1396 1030 εὖ
1443 964 1635 1043 μαλ’
1682 974 1795 1031 aut
1843 966 2033 1044 μαλ’
2079 966 2373 1045 ἄμουσοι,
2426 965 2596 1053 apud

200 1074 691 1159 Aristophanem
760 1079 976 1138 autem
1041 1072 1606 1157 obtemperandum
1669 1093 1805 1139 esse
1852 1075 2068 1159 potius
2113 1075 2197 1139 iis
2244 1076 2358 1159 qui
2403 1072 2593 1152 μα’λα

202 1201 398 1266 quam
444 1182 557 1266 qui
602 1179 764 1257 μάλ’
811 1174 892 1244 αὖ
941 1180 1284 1265 corrigant.

271 1396 468 1465 ‘Idem
520 1399 597 1465 fr.
653 1399 776 1465 131

562 1518 642 1571 A.
692 1507 786 1578 τίς
835 1506 912 1571 ἂν
959 1504 1218 1586 φράσειε
1264 1508 1382 1569 ποῦ
1432 1508 1552 1570 ’στι
1605 1504 1675 1570 τὸ
1726 1505 2077 1584 Διονύσιον;

565 1624 628 1677 Β.
683 1608 829 1677 ὅπου
874 1613 958 1676 τὰ
1008 1620 1426 1691 μορμολυκεῖα
1475 1614 2271 1692 προσκρεμαννυται.

199 1719 567 1785 Necessaria
611 1720 866 1785 videtur
903 1719 1138 1785 Kockii
1176 1719 1537 1787 emendatio
1575 1702 1672 1797 πρ
1696 1742 1721 1783 ο
1745 1742 1782 1782 ο·
1803 1744 1840 1783 κ
1859 1743 1888 1798 ρ
1909 1719 1938 1784 ἐ
1956 1744 2007 1798 μ,
2028 1744 2122 1783 ατ
2142 1744 2242 1785 αι.
2296 1718 2595 1807 Suppleri

199 1829 432 1911 poterit
504 1826 853 1892 versiculus
922 1826 1040 1891 hac
1109 1828 1486 1891 correctione
1559 1824 1928 1891 decurtatus
1989 1848 2143 1893 voce
2206 1823 2377 1912 ξένε,
2442 1828 2596 1913 quia

199 1931 459 2019 planum
505 1941 601 1997 est
646 1953 771 1999 non
816 1934 940 1997 nisi
978 1932 1298 2016 hospitem
1337 1932 1609 1997 Athenis
1650 1951 1873 2019 rogare
1912 1935 2236 2018 potuisse,
2277 1934 2390 1999 ubi
2429 1938 2595 2000 esset

200 2038 548 2105 theatrum.

285 2241 466 2308 Idem
515 2243 592 2307 ir.
648 2239 795 2306 136.
872 2242 1013 2309 Iam
1061 2240 1302 2307 Mnem.
1358 2239 1422 2305 X
1468 2241 1556 2326 (n.
1610 2240 1712 2326 s.)‚
1767 2238 1853 2307 ‘74
1900 2241 2183 2325 διανίζειν
2231 2262 2347 2329 pro
2395 2242 2593 2309 δανεί-

201 2345 319 2428 ζειν
366 2348 800 2434 reponendum
850 2368 983 2413 esse
1030 2350 1270 2414 monui.

285 2561 470 2628 Idem
519 2562 593 2627 fr.
649 2559 774 2625 141

469 2664 512 2733 ὦ
559 2668 888 2748 πρεσβῦτα
935 2665 1244 2747 πότερα
1291 2672 1500 2750 φιλεῖς
1548 2667 1669 2740 τὰς
1722 2666 2040 2748 δρυπετεῖς
2088 2669 2357 2752 ἑταίρας,

471 2775 504 2850 ἦ
556 2775 632 2840 σὺ
681 2775 799 2846 τὰς
850 2774 1328 2854 ὑποπαρθένους,
1378 2772 1680 2851 ἁλμάδας
1728 2775 1805 2848 ὦς
1854 2774 2101 2853 gadam·

470 2881 778 2965 στιφραςς

202 2987 573 3056 Chol-iambi
639 2991 806 3054 arsin
873 2987 1148 3054 solutam
1213 2992 1430 3053 tuetur
1475 2986 1659 3053 Kock
1710 2988 2001 3074 exemplo
2047 2989 2459 3054 Anacreontis
2503 2989 2581 3054 fr.

200 3093 284 3160 24
340 3096 597 3184 (ng.):

467 3199 864 3279 ἀναπέτομαι
913 3201 983 3276 δὴ
1029 3201 1176 3281 πρὸς
1217 3200 1554 3278 ’Ὄλυμπον
1606 3200 1983 3280 πτερύγεσσι
2033 3203 2298 3282 κούφαις

466 3309 566 3375 διὰ
616 3309 718 3373 τὸν
757 3307 1015 3388 ”Ερωτ’·
1065 3309 1130 3372 οὐ
1179 3309 1305 3386 γὰρ
1355 3307 1484 3385 ἐμοὶ
1534 3317 1687 3380 ταῖς
1738 3309 1929 3374 ἐθέλει
1978 3309 2277 3386 συνηβᾶν.

287 3416 589 3481 Attamen
637 3415 868 3480 diserte
915 3413 1348 3499 Hephaestion
1397 3413 1673 3479 affirmat
1719 3417 2178 3480 Anacreontem
2231 3435 2370 3479 eam
2417 3413 2583 3480 solu·

199 3522 435 3587 tionem
501 3522 830 3586 admisisse
890 3526 1142 3585 tantum
1206 3521 1274 3584 in
1336 3521 1544 3604 prima
1591 3522 1899 3603 συζυγίᾳ,
1948 3542 2063 3586 nec
2110 3522 2361 3586 numeri
2410 3516 2582 3586 Ana-

201 3631 466 3693 creontis
512 3627 711 3692 iidem
759 3631 910 3692 sunt
957 3634 1145 3711 atque
1193 3626 1360 3711 apud
1402 3627 1893 3712 Aristophanem
1912 3676 1931 3711 ‚
1975 3629 2087 3712 qui
2126 3626 2310 3691 facile
2346 3629 2583 3692 evitare

201 3739 440 3816 poterat
477 3733 640 3798 hanc
686 3731 1069 3798 solutionem
1114 3731 1480 3798 scribendo:

465 3835 506 3904 ὦ
556 3840 885 3920 πρεσβῦτα
932 3837 1220 3918 πάτερ,
1275 3844 1486 3920 Φιλεῖς
1536 3839 1669 3914 κτὲ,

285 3943 452 4011 Vide
512 3947 716 4034 igitur
776 3966 854 4012 ne
914 3943 1140 4024 πότερα
1200 3944 1286 4010 sit
1349 3946 1717 4030 interpretis
1778 3949 1890 4010 sut
1936 3943 2407 4030 interpolatoris
2452 3965 2577 4011 non

201 4047 453 4116 ferentis
495 4050 741 4118 nudum
789 4051 825 4128 ἥ
871 4053 940 4116 in
986 4053 1352 4136 quaestione
1400 4037 1771 4117 bimembri.

290 4262 470 4332 Idem
515 4267 591 4332 fr.
645 4264 772 4332 137

648 4379 789 4447 ταῖς
839 4372 1207 4456 πολιόχρωσι
1255 4369 1305 4452 β
1320 4396 1348 4437 ε
1370 4396 1423 4450 μ
1437 4369 1487 4452 β
1500 4394 1533 4453 ρ
1550 4369 1596 4436 οὶ
1611 4395 1685 4437 σι
1704 4395 1734 4436 ν
1778 4370 2190 4456 τεθραμμένη.
