3150 5000
558 335 689 402 132
1476 353 1563 400 An
1607 350 2010 402 mononem.

642 517 857 584 EPIS'P.
926 515 982 596 ’7,
1043 535 1102 584 P.
1170 515 1300 584 193
1351 517 1696 605 fueruntne
1755 541 1960 584 omnes
2015 513 2076 584 et
2138 530 2284 583 sunt
2343 519 2432 584 ad
2475 515 2581 584 hoc
2627 519 2912 593 locomm,

554 627 773 713 quibus
826 649 1103 713 unquam
1162 627 1429 713 scriptus
1480 626 1765 714 publicus
1835 623 2206 692 Concordiae
2273 624 2351 689 la
2371 637 2398 690 t
2414 649 2500 690 us
2566 637 2712 702 est„
2755 627 2916 690 decu-

602 733 617 749 '
724 729 801 796 s?

552 754 891 915 Ἤωο,
957 839 1204 923 opinor,
1274 841 1536 904 datus.
1626 838 1898 904 Munera
1956 837 2214 923 publica
2283 843 2348 904 et
2415 838 2683 904 honores
2743 835 2918 902 alicui

550 963 677 1012 non
720 945 1013 1010 feruntur
1032 993 1049 1024 ,
1099 943 1209 1010 sed
1257 944 1509 1011 dantur.

646 1156 864 1224 EPIST.
935 1156 997 1235 ’7,
1058 1175 1115 1223 P.
1171 1155 1301 1223 195
1348 1159 1501 1245 leyes
1538 1159 1866 1246 pleraeque
1900 1181 2170 1247 poenam
2217 1159 2634 1236 sanciverunt,
2680 1178 2761 1222 ne
2801 1157 2920 1242 quis

554 1263 839 1327 arborem
874 1264 1121 1351 felicem
1166 1267 1529 1330 succidisset.

648 1367 775 1435 Pro
819 1392 894 1435 ne
938 1370 1341 1436 scribendum
1390 1372 1473 1434 si.
1548 1365 1645 1435 Of.
1693 1365 1827 1436 Cic.
1879 1370 1958 1436 ad
2005 1368 2146 1436 Att.
2187 1369 2274 1437 X.
2319 1369 2380 1435 1.
2422 1369 2464 1435 2
2503 1369 2699 1436 Solon
2736 1368 2922 1452 capite

558 1479 804 1555 sanxit,
854 1479 909 1542 si
950 1477 1100 1562 quie
1148 1478 1213 1540 in
1261 1477 1566 1542 seditione
1614 1497 1740 1542 non
1789 1475 2052 1543 alteriue
2099 1479 2310 1543 utrius
2364 1479 2563 1563 partis
2610 1477 2842 1541 fuisset.

650 1690 866 1757 EPIST.
934 1687 998 1769 7,
1044 1707 1102 1755 P.
1152 1687 1283 1756 19¹7
1330 1692 1463 1755 seni
1503 1691 1896 1778 septuayinta
1941 1713 2138 1756 annos
2182 1713 2414 1777 eyresso
2461 1693 2760 1775 insiqnem
2801 1709 2921 1751 ma-

561 1797 763 1862 culam
822 1797 1087 1886 infliyis,
1154 1799 1433 1883 quando,
1498 1819 1608 1860 oro
1670 1808 1729 1860 te
1746 1842 1762 1873 ‚
1825 1794 2234 1862 abolendam?
2335 1795 2720 1878 Quantulum
2781 1793 2924 1859 enim

560 1907 720 1970 vitae
786 1905 1090 1990 reliquum
1152 1915 1241 1969 est
1294 1906 1381 1967 ad
1420 1904 1761 1968 exuendam
1805 1903 2146 1989 infamiam
2187 1917 2244 1968 et
2282 1906 2629 1992 pristinam
2673 1902 2924 1987 diqnita-

562 2023 684 2076 tem
741 2012 1135 2098 sperandam.
1217 2007 1358 2074 Hoc
1414 2011 1584 2096 quod
1626 2032 1800 2074 vocas
1844 2011 2128 2094 interim,
2178 2011 2400 2096 quanti
2444 2005 2762 2097 sperabit?
2788 2056 2802 2071 .
2829 2051 2842 2068 .
2867 2050 2916 2068 ..

560 2117 631 2207 E
641 2118 761 2180 tia
779 2138 844 2179 m
888 2116 1046 2180 soli.
1075 2163 1091 2180 .
1138 2118 1295 2181 centi
1338 2116 1586 2180 verbum
1629 2127 1719 2180 est
1763 2116 2013 2180 interim
2060 2117 2182 2180 occi
2205 2165 2219 2181 .
2250 2163 2265 2179 .
2313 2116 2660 2202 confestim.

653 2220 923 2287 Videtur
981 2221 1215 2286 Fronto
1277 2221 1598 2304 scripsisse
1657 2233 1929 2314 aptum
1973 2221 2092 2286 soli
2133 2224 2533 2301 <nas>centi
2576 2222 2818 2288 verbum
2849 2225 2924 2280 est

564 2325 881 2403 *ἐπῶν-ὑπ’,
928 2329 1295 2407 occi<duo>
1343 2325 1729 2412 ‘confestim'.
1779 2324 1919 2405 Qua
1959 2327 2244 2414 imagine
2281 2347 2436 2392 usus
2483 2333 2581 2392 est
2602 2375 2620 2406 ‚
2644 2331 2720 2393 ut
2741 2328 2924 2390 oeten-

562 2432 738 2498 deret
794 2434 1093 2517 iuven08‚
1164 2432 1275 2518 qui
1331 2452 1510 2518 spem
1570 2432 1800 2520 longae
1859 2435 2030 2498 vitae
2089 2434 2214 2497 eibi
2271 2433 2665 2519 propositam
2725 2427 2924 2497 existi-

562 2544 776 2619 ment,
864 2536 1132 2604 fiduciae
1200 2537 1419 2624 plenos
1490 2539 1709 2603 futura
1778 2542 2130 2623 prospicere
2148 2588 2166 2623 ,
2236 2540 2810 2625 retardationeeque
2871 2536 2926 2597 et

562 2665 771 2711 moras
832 2646 1125 2730 aequiore
1187 2647 1401 2710 animo
1448 2642 1716 2710 tolerare
1734 2692 1753 2727 ,
1800 2665 1837 2709 a
1881 2665 2102 2709 senum
2153 2666 2303 2711 vero
2339 2652 2569 2712 natura
2586 2694 2604 2725 ,
2647 2646 2755 2731 qui
2799 2658 2924 2707 ver·

564 2753 867 2839 gentibus
923 2752 1103 2816 annis
1161 2750 1519 2825 δυσέλπιδες
1576 2770 1711 2817 esse
1759 2749 2036 2830 soleant,
2086 2750 2459 2817 dilationem
2503 2757 2569 2817 et
2615 2745 2926 2845 procrasti-

564 2858 888 2923 nationem
936 2856 1142 2925 aliena
1188 2877 1341 2923 esse.

656 3070 872 3137 EPIS'P.
942 3068 1004 3148 7,
1060 3089 1122 3136 P.
1176 3068 1306 3136 198
1354 3070 1664 3136 Proculus
1713 3071 1903 3136 homo
1938 3073 2178 3157 inqenio
2224 3072 2311 3137 ad
2352 3083 2548 3138 cetera
2593 3071 2840 3138 remisso
2879 3072 2928 3127 et

568 3178 849 3262 delicato,
912 3179 1019 3241 sed
1076 3179 1144 3241 in
1199 3180 1509 3243 sententiis
1568 3179 1851 3243 dicundi-3
1910 3180 1997 3242 ad
2046 3180 2434 3265 puniendum
2483 3179 2681 3266 paulo
2739 3170 2924 3240 vehe-

568 3285 916 3348 mentior
958 3294 1018 3347 et
1062 3283 1474 3368 infestior.

655 3380 937 3455 Annotat
978 3388 1039 3453 N
1043 3388 1267 3454 abel-us
1318 3386 1512 3467 „God.
1564 3394 1640 3454 ut
1685 3392 1893 3455 amico
1941 3389 2201 3474 quidem
2249 3388 2621 3457 videbatur:
2669 3382 2926 3456 dicundi-5

569 3496 655 3559 ad
677 3543 690 3559 .
719 3496 1052 3559 uniendum
1103 3496 1301 3582 paulo
1360 3508 1434 3561 ut
1458 3543 1473 3560 .
1502 3543 1519 3559 .
1547 3514 1563 3558 .
1592 3544 1606 3557 .
1639 3542 1699 3576 ..
1762 3497 1905 3560 inor
1964 3507 2022 3560 et
2080 3497 2270 3582 insest
2295 3545 2312 3561 .
2342 3544 2357 3559 .
2386 3545 2399 3559 .
2466 3496 2685 3561 Maius
2729 3487 2928 3559 scribit

569 3600 799 3689 [paulo
889 3600 1160 3686 durqor,
1250 3600 1419 3685 quod
1510 3620 1635 3666 non
1703 3600 1939 3665 sufficit
2007 3600 2086 3666 ad
2149 3602 2428 3686 epatium
2493 3588 2923 3687 explendum”·

568 3704 855 3779 Laconas
916 3704 1209 3792 supplere
1254 3708 1501 3773 tentavi
1558 3706 1886 3774 scribendo
1932 3708 2018 3772 ad
2048 3710 2436 3795 puniendum
2471 3708 2670 3796 paulo
2713 3698 2927 3770 incli-

569 3814 857 3878 natior
897 3824 957 3877 et
1001 3814 1447 3879 intentior.

523 4053 528 4058 ·
660 4024 883 4091 EPIST.
932 4025 999 4110 8,
1044 4044 1103 4091 P.
1156 4024 1285 4092 199
1332 4049 1398 4092 eo
1432 4029 1555 4115 fit,
1603 4038 1674 4091 ut
1711 4028 1798 4092 ad
1833 4049 1928 4093 me
1964 4030 2295 4093 decurrant
2323 4028 2596 4114 plurimi
2630 4026 2739 4113 qui
2773 4032 2926 4086 tuam

567 4134 844 4219 qratiam
888 4136 1248 4221 cupiunt.

662 4238 1091 4305 Praetulerim
1140 4242 1249 4327 qui
1290 4253 1465 4305 tuam
1506 4240 1787 4326 qratiam
1832 4232 2193 4328 captant.

662 4453 999 4521 Pnuwu’n
1062 4470 1406 4521 ΗῙΒΤΟΒΙΔΕ
1422 4504 1442 4539 ,
1498 4472 1557 4520 P.
1624 4452 1758 4520 202
1826 4466 1896 4520 ut
1953 4456 2197 4540 maqnis
2241 4450 2418 4519 rebus
2457 4455 2645 4540 yestis
2688 4442 2924 4517 historia
