3150 5000
1202 267 1536 317 nummus.
2430 247 2559 313 231

181 436 401 524 pulum
473 442 693 503 movet
762 435 880 502 hoc
946 434 1216 501 verbum
1285 435 1376 497 sic
1440 429 1727 498 absolute
1783 431 2067 515 positum
2092 479 2107 502 ‚
2172 449 2298 495 non
2344 427 2561 512 addito

185 545 308 616 εἷς
375 546 467 609 τὸ
532 543 1180 622 δεσμωτήριον.
1233 538 1397 604 Utut
1445 542 1569 614 est,
1622 557 1737 622 pro
1808 537 2234 602 ἑάλωσαν
2312 538 2565 620 requiro

187 651 214 715 ἑ
237 673 282 714 α
308 664 346 713 λ
370 651 413 714 ά
439 674 476 714 κ
500 675 528 713 ε
555 675 594 712 σ
615 673 660 713 α
687 673 751 726 νς
841 647 1190 730 deprehensi
1272 645 1444 710 euim
1523 645 1787 730 fuerant
1869 641 2113 727 aliquid
2201 641 2563 708 vendentes.

183 755 254 822 In
337 754 460 822 fine
530 755 778 842 Capitis
847 775 1075 821 verum
1141 752 1392 818 iudico:
1429 747 1731 838 ἅπαντα
1802 749 1868 834 (τ
1892 749 1963 834 ά)
2034 749 2101 814 ἐκ
2181 757 2291 822 τῆς
2372 749 2563 821 οἰκίας

185 862 748 939 συσκευασάμενοι,
819 867 970 926 noto
1041 857 1431 926 Graecismo.
1519 857 1761 924 Eodem
1806 855 2085 922 remedio
2134 856 2443 922 utendum
2497 858 2567 920 in

185 967 336 1054 Gap.
403 965 510 1047 57,
573 967 684 1032 ubi
749 967 1000 1033 editur:
1048 966 1215 1030 κάκ
1265 967 1370 1028 τοῦ
1419 963 1633 1027 πλοίου
1680 963 1765 1033 εἰς
1817 961 2009 1036 αὐτὴν
2055 984 2566 1039 μετασκευ-

185 1072 670 1150 ασάμενοι;
761 1071 872 1138 sed
957 1073 1110 1156 quia
1192 1068 2087 1148 μετασκευάζεσθαι
2158 1067 2323 1144 nihil
2394 1065 2569 1133 aliud

183 1177 536 1267 siguificare
599 1183 807 1264 potest
852 1197 1045 1262 quam
1093 1198 1187 1240 rea
1229 1197 1374 1239 suae
1421 1175 1631 1238 tollere
1676 1182 1731 1238 et
1776 1173 1901 1238 abio
1946 1181 2353 1257 transportare
2368 1223 2387 1258 ‚
2430 1177 2565 1240 siue

186 1284 378 1350 dubio
429 1284 931 1351 emendandum:
982 1283 1132 1347 καὶ
1182 1283 1288 1346 τά
1315 1305 1351 1344 κ
1399 1285 1504 1345 τοῦ
1554 1279 1789 1344 πλοίου.

274 1389 430 1476 Cap.
485 1391 594 1455 31.
646 1387 762 1455 εἶτ’
813 1391 1156 1455 ἐπανελθὼν
1203 1388 1279 1453 ἂν
1327 1388 1395 1452 ἐκ
1440 1390 1548 1451 τοῦ
1592 1385 1799 1467 ἔργου,
1842 1387 2021 1468 μέρος
2058 1389 2173 1463 μὲν
2208 1393 2315 1452 τοῦ
2352 1389 2569 1463 μισθοῦ

185 1499 264 1579 τῷ
335 1497 772 1578 δεσμοφύλακι
847 1521 884 1562 κ
913 1521 956 1562 α
978 1521 1018 1561 τ
1043 1520 1086 1560 α
1108 1495 1158 1573 β
1185 1520 1228 1559 α
1252 1509 1293 1559 λ
1317 1494 1360 1558 ὦ
1386 1519 1414 1557 ν
1484 1493 1729 1559 τιθασὸν
1805 1518 1849 1558 α
1874 1493 1907 1558 ὖ
1937 1517 1973 1555 τ
1999 1495 2041 1576 ᾧ
2112 1494 2213 1561 καὶ
2289 1493 2571 1574 εἰρηνικὸν

187 1603 604 1686 ἀπειργάζετο
676 1605 748 1690 [α
776 1605 810 1667 ὖ
834 1628 873 1667 τ
897 1603 930 1668 ο’
954 1604 1032 1690 ν].
1104 1601 1420 1681 Quoniam
1478 1600 1585 1683 id,
1633 1601 1711 1664 ab
1759 1620 1944 1686 opere
1988 1601 2057 1664 in
2112 1621 2428 1667 carcerem
2474 1623 2572 1666 re·

187 1711 388 1788 diens,
467 1710 736 1796 quotidie
795 1709 998 1776 facere
1061 1707 1305 1774 solebat
1365 1707 1468 1794 (ut
1527 1707 1746 1793 arguit
1802 1705 1970 1772 illud
2018 1706 2362 1773 ἐπανελθὼν
2408 1707 2451 1772 ά
2481 1710 2573 1795 ν),

185 1818 532 1882 necessario
601 1814 1040 1880 scribendum:
1114 1837 1152 1877 κ
1176 1837 1219 1877 α
1243 1837 1286 1876 τ
1307 1838 1349 1876 α
1373 1813 1423 1890 β
1448 1812 1491 1876 ά
1519 1824 1558 1877 λ
1583 1826 1624 1876 λ
1650 1835 1693 1874 ω
1718 1835 1769 1877 ν.
1834 1811 2014 1877 Idem
2078 1815 2318 1878 vitium
2380 1811 2576 1879 Hart-

189 1942 458 1988 mannus
519 1921 786 1987 sustulit
848 1923 917 1986 in
974 1920 1158 1987 Deor.
1210 1919 1400 1986 Oonc.
1450 1917 1606 2003 Gap.
1658 1916 1734 1984 3:
1783 1942 1821 1982 κ
1848 1942 1891 1982 α
1916 1940 1956 1982 τ
1981 1942 2024 1981 α
2049 1917 2100 1995 β
2123 1920 2168 1983 ά
2191 1933 2232 1984 λ
2257 1935 2298 1985 λ
2322 1943 2351 1984 ο
2376 1944 2404 1984 ν
2428 1945 2468 1983 τ
2491 1946 2519 1985 ε
2546 1943 2576 1990 ς

190 2031 256 2092 τὸ
325 2028 630 2106 μετοίκιον
694 2048 999 2114 reponens
1068 2047 1182 2112 pro
1253 2050 1292 2089 κ
1316 2050 1357 2089 α
1385 2046 1424 2088 τ
1450 2049 1492 2089 οι
1514 2026 1564 2104 β
1592 2049 1635 2089 α
1660 2043 1701 2090 A
1726 2022 1757 2088 ό
1782 2048 1811 2088 ν
1835 2047 1876 2088 τ
1897 2049 1925 2088 ε
1953 2047 2006 2096 ς.
2077 2025 2257 2105 Quod
2322 2028 2391 2091 iu
2454 2025 2577 2093 fine

192 2137 539 2202 sententiae
586 2159 630 2198 α
658 2137 691 2200 ὖ
717 2157 757 2198 τ
782 2132 814 2198 ό
836 2159 864 2197 ν
914 2135 1105 2211 eieci,
1155 2151 1424 2218 provoco
1472 2131 1552 2196 ad
1600 2150 1735 2214 eos,
1781 2133 1895 2216 qui
1941 2153 2143 2196 aurem
2188 2134 2420 2198 habent.

277 2239 437 2327 Cap.
515 2239 622 2306 32.
691 2239 818 2307 Pro
871 2241 901 2304 ἐ
926 2239 1014 2318 ξε
1042 2263 1061 2303 ι
1085 2263 1114 2318 ρ
1140 2264 1187 2318 γ
1212 2239 1255 2302 ά
1283 2261 1320 2301 σ
1345 2263 1388 2302 α
1413 2263 1450 2302 τ
1474 2261 1503 2302 ο
1575 2239 1886 2303 sententia
1948 2237 2231 2323 postulat
2299 2239 2440 2320 ἐξε
2468 2241 2577 2320 Ιρ-

192 2370 486 2425 γαστο
537 2351 611 2411 ut
654 2349 724 2412 in
770 2345 924 2432 Gap.
977 2344 1093 2411 33:
1147 2343 1687 2425 διειρμένων
1735 2364 1850 2430 pro
1898 2343 2507 2424 διειρομένων.

281 2453 435 2542 Cap.
489 2453 598 2520 35.
646 2452 1124 2540 supplendum:
1175 2453 1240 2518 οὐ
1286 2452 1413 2533 γὰρ
1463 2451 1758 2517 Σκυθικὸν
1804 2449 1986 2517 τοῦτό
2032 2452 2105 2539 (γ
2131 2454 2224 2541 ε);
2272 2455 2367 2521 ita
2404 2456 2575 2521 enim

191 2560 422 2629 Nostro
471 2561 776 2627 sollemne
823 2566 918 2625 est
963 2559 1193 2626 dicere.

279 2664 433 2754 Cap.
485 2666 592 2733 37.
644 2665 770 2731 οὐδ’
820 2667 871 2731 εἰ
921 2662 1270 2745 συνέφηβός
1317 2690 1412 2737 τις
1464 2665 1499 2740 ἢ
1546 2666 1773 2743 γείτων
1814 2660 1851 2737 ἦ
1878 2690 1928 2729 ν.
1978 2664 2188 2731 Immo
2231 2686 2379 2732 vero
2422 2665 2579 2743 εἵη.

281 2772 438 2859 Cap.
490 2772 598 2838 38.
647 2772 914 2855 ἄρξομαι
961 2772 1022 2838 δὲ
1087 2774 1258 2839 άπὸ
1307 2778 1470 2837 τῶν
1521 2768 2117 2849 Δανδάμιδος
2166 2768 2365 2854 πρῴην
2412 2797 2582 2850 γενο-

195 2878 404 2955 μένων.
454 2880 622 2957 Quia
657 2880 848 2964 ipsius
882 2880 1286 2945 Dandomidie
1324 2879 1567 2944 factum
1608 2897 1760 2943 mox
1784 2884 2076 2973 narratur
2093 2926 2109 2957 ‚
2136 2878 2578 2966 praetulerim:

198 2986 318 3051 άπὸ
367 2993 485 3051 τῶν
534 2988 692 3053 ὑπὸ
744 2986 1334 3065 Δανδάμιδος
1385 3007 1453 3051 π.
1501 2984 1859 3062 γενομένων.

283 3092 438 3179 Gap.
493 3092 596 3160 40.
646 3092 818 3174 ἤρετο
869 3093 896 3158 ὃ
947 3090 1274 3169 Δάνδαμις
1323 3087 1361 3155 3
1393 3114 1453 3155 τι
1497 3091 1604 3155 καὶ
1646 3090 1949 3167 βούλεται
1994 3092 2255 3170 λαβεῖν·
2300 3096 2330 3154 δ
2356 3092 2416 3157 δὲ
2439 3092 2580 3166 τοὺς

199 3200 558 3280 ὀφθαλμοὺς
621 3200 877 3280 ᾔτησεν·
946 3199 973 3264 ὃ
1039 3198 1093 3263 δ’
1141 3199 1373 3264 αὐτίκα
1423 3197 1742 3279 παρέσχεν
1792 3198 2111 3264 ἐκκόπτειν
2160 3198 2420 3272 αύτούς·
2470 3200 2577 3264 κά-

201 3306 370 3381 πειδὺ
422 3307 483 3390 [ἐ
505 3304 544 3382 ξ
567 3330 597 3371 ε
623 3330 659 3369 κ
684 3304 714 3371 ἐ
738 3330 775 3370 κ
799 3329 904 3371 ο’π
926 3329 966 3370 τ
991 3328 1018 3370 ο
1064 3330 1103 3369 κ
1125 3330 1168 3369 α
1192 3304 1246 3389 ὶ]
1298 3304 1404 3378 ἤδη
1455 3305 1538 3367 τά
1589 3302 1787 3384 λύτρα
1838 3300 2009 3384 εἶχον
2048 3307 2099 3369 οἱ
2148 3304 2581 3385 Σαυρομάται,
2686 3364 2695 3373 ,

200 3412 590 3493 παραλαβὼν
667 3414 769 3477 τὸν
839 3408 1187 3493 Ἀμιζώκην
1258 3410 1508 3491 ἐπανῄει
1581 3408 2026 3490 ἐπερειδόμενος
2097 3412 2287 3493 αύτῷ.
2378 3410 2585 3478 Locus

199 3519 554 3603 praeclarus
601 3525 663 3585 et
702 3520 1021 3604 imprimis
1059 3517 1404 3605 graphione
1445 3522 1511 3583 et
1549 3516 1781 3590 πάθους
1822 3517 2051 3603 plenus
2069 3567 2085 3598 ,
2112 3518 2301 3585 modo
2326 3539 2585 3584 mecum

199 3623 506 3713 frigidum
563 3624 723 3691 illud
777 3630 840 3691 et
886 3622 1250 3691 inficetum:
1301 3626 1331 3688 ἒ
1355 3622 1394 3699 ξ
1419 3648 1448 3687 ε
1475 3647 1511 3686 κ
1539 3622 1568 3688 έ
1595 3649 1632 3688 κ
1658 3646 1685 3688 ο
1710 3648 1759 3689 π
1781 3650 1819 3687 τ
1847 3648 1876 3688 ο
1926 3624 2261 3710 expuleris.
2333 3624 2583 3704 Quanto

200 3731 428 3796 melius
496 3729 612 3795 illa
677 3730 872 3796 verba
940 3729 1128 3816 plena
1195 3728 1455 3795 affectus
1519 3734 1585 3794 et
1646 3720 2117 3816 simplicitatis:
2183 3755 2221 3796 κ
2243 3731 2288 3795 ά
2312 3754 2363 3795 π
2385 3758 2413 3796 ε
2444 3730 2583 3807 ιδῆ

204 3834 352 3914 ἤδη
402 3837 513 3902 τά
562 3835 852 3917 λύτρα
898 3832 1159 3915 εἶχον
1203 3837 1280 3901 οἱ
1331 3838 1984 3915 Σαυρόμαται,
2034 3839 2481 3905 tristissimum
2520 3845 2587 3904 et

205 3941 640 4009 ioedissimum
711 3942 1097 4028 supplicium
1169 3942 1351 4007 nobis
1420 3940 1777 4008 declarant!
1850 3942 2037 4008 Nihil
2107 3948 2393 4010 sentiunt
2438 3948 2584 4023 isti,

205 4054 267 4111 et
327 4049 564 4135 ubique
624 4050 856 4114 ieiunis
911 4046 1452 4113 annotatiunculis
1511 4068 1738 4114 nervos
1805 4051 2107 4116 orationis
2171 4050 2464 4116 incidunt
2522 4056 2587 4116 et

211 4151 436 4221 exilem
506 4153 779 4219 reddunt
857 4160 922 4219 et
1001 4152 1339 4218 humilem.
1434 4152 1799 4219 Eorundem
1868 4175 2132 4240 pravam
2209 4157 2587 4221 industriam

209 4278 538 4345 agnoscere
609 4260 774 4325 mihi
840 4259 1060 4326 videor
1129 4263 1197 4324 in
1266 4257 1389 4325 fine
1459 4258 1615 4346 Cap.
1685 4261 1810 4326 41:
1878 4259 2177 4335 κάθηνται
2227 4264 2261 4326 ὖ
2288 4263 2388 4326 πὸ
2437 4286 2527 4326 το
2553 4266 2636 4328 ῦ.

214 4384 248 4427 κ
273 4387 340 4431 οι
367 4390 396 4429 ν
419 4390 447 4432 ο
473 4370 508 4431 ὖ
556 4372 671 4431 τῶν
719 4368 960 4433 Σκυθῶν
1008 4365 1079 4451 [δ
1100 4392 1135 4441 η
1162 4389 1214 4444 μ
1239 4390 1266 4431 ο
1291 4389 1330 4430 σ
1354 4367 1378 4431 Ι
1399 4365 1469 4455 ᾳ]
1521 4366 1697 4444 μετά
1736 4366 1942 4443 πάσης
1984 4378 2168 4448 τιμῆς
2206 4365 2589 4451 τρεφόμενοι.
