3150 5000
429 262 434 271 ’
549 280 682 346 112

637 463 923 545 Quatuor
966 464 1171 552 igitur
1216 464 1526 549 proximis
1577 465 1758 529 annis
1804 468 1947 549 post
1994 484 2213 556 pacem
2254 462 2479 539 Niciae
2518 460 2934 527 Athenienses

541 570 756 656 plures
801 592 998 656 quam
1046 576 1356 636 trecentas
1405 592 1599 636 naves
1647 571 1986 645 ἐκτήσαντο
2006 622 2025 643 ‚
2076 609 2158 621 --
2200 570 2311 644 iis,
2376 586 2535 654 quas
2584 568 2935 640 habebant,

547 674 959 743 addiderunt!
1032 676 1239 743 Nemo
1300 683 1455 762 puto
1521 677 1755 743 credet.
1826 676 2130 741 Pet-hibet
2186 675 2597 762 Thucydides
2646 673 2791 739 loco
2836 670 2941 736 illo

547 782 668 865 (ΙΙΙ
687 832 704 867 ,
766 780 914 862 17),
978 804 1169 869 quem
1235 783 1723 869 descripsimus,
1786 802 2115 869 nunquam
2176 781 2345 848 bello
2408 780 2941 867 Peloponnesiaco

545 888 758 975 plures
801 889 1144 955 instructas
1192 891 1388 955 fuisse
1433 911 1629 957 naves
1677 911 1869 976 quam
1920 910 2081 956 anno
2130 888 2226 954 01.
2270 888 2423 967 88,1
2454 936 2471 967 ,
2516 886 2775 955 scilicet
2800 882 2943 949 250.

547 995 808 1061 Praeter
853 996 966 1061 has
1013 1002 1411 1082 compertum
1459 996 1770 1062 habemus
1816 1018 1895 1062 ex
1946 991 2161 1061 eodem
2224 994 2602 1081 Thucydide
2656 992 2789 1079 (ΙΙ,
2838 991 2945 1074 24)

549 1102 826 1169 adfuisse
867 1108 1018 1169 tunc
1053 1106 1124 1168 in
1162 1104 1450 1188 portibus
1491 1123 1614 1168 non
1656 1106 1997 1169 instructas
2036 1102 2207 1168 haud
2250 1105 2529 1167 minores
2568 1120 2773 1185 quam
2804 1094 2945 1162 100.

550 1208 804 1275 Harum
850 1211 1115 1274 navium
1171 1208 1302 1274 350
1347 1216 1590 1295 potest,
1636 1215 1709 1274 ut
1746 1208 1960 1295 plures
1997 1209 2307 1294 quaedam
2348 1205 2517 1273 bello
2540 1208 2949 1277 interierint,

551 1335 745 1400 quam
787 1315 918 1379 sint
939 1314 1266 1400 suffectae3
1292 1327 1507 1381 tamen
1533 1314 1789 1380 nullum
1816 1322 1912 1381 est
1938 1315 2208 1380 dubium
2226 1360 2240 1389 ,
2260 1316 2415 1400 quin
2438 1312 2630 1399 longe
2658 1312 2948 1375 maxima

552 1443 631 1486 ex
677 1426 889 1506 parte,
922 1423 1142 1486 —·vix
1189 1421 1491 1487 credibile
1538 1428 1636 1487 est
1684 1424 1961 1487 minores
2008 1442 2201 1505 quam
2244 1418 2377 1486 300
2400 1467 2416 1497 ,
2446 1456 2530 1468 —
2572 1418 2949 1503 superstites

550 1529 758 1593 adhuc
804 1527 1042 1593 fuerint
1088 1534 1232 1614 post
1278 1549 1497 1614 pacem
1537 1528 1778 1594 Niciae.
1828 1531 1931 1593 An
1970 1528 2073 1592 his
2098 1528 2431 1594 credamus
2456 1532 2739 1611 quatuor
2765 1541 2947 1588 anno-

552 1656 698 1700 rum
760 1637 964 1719 spatio
1026 1635 1256 1701 alteras
1311 1635 1524 1720 plures
1572 1655 1766 1719 quam
1806 1640 2118 1701 trecentas
2158 1654 2291 1700 esse
2330 1628 2617 1699 additas?
2668 1618 2946 1697 Minime

552 1761 724 1807 vero.
784 1739 910 1807 Sed
967 1740 1223 1807 videtur
1285 1762 1384 1807 res
1444 1744 1535 1807 sic
1584 1763 1651 1807 se
1698 1742 1996 1809 habuisse
2044 1745 2118 1805 ut
2164 1738 2327 1805 aliae
2372 1760 2569 1805 naves
2616 1745 2781 1803 tunc
2830 1736 2949 1799 sint

553 1848 822 1913 refectae
841 1897 859 1932 ,
921 1846 1085 1915 aliae
1145 1847 1487 1913 nonnullae
1547 1868 1749 1914 novae
1806 1850 1873 1912 in
1922 1850 2307 1913 amissarum
2346 1845 2561 1912 locum
2609 1842 2940 1910 suffectae.

555 1961 745 2041 atque
790 1955 1130 2019 habuerint
1167 1954 1584 2021 Athenienses
1623 1958 1769 2039 post
1809 1959 2082 2039 quatuor
2123 1974 2317 2019 annos
2355 1953 2623 2018 navium
2662 1952 2948 2035 integra-

555 2083 700 2127 rum
762 2081 1105 2127 numerum
1167 2061 1299 2126 fere
1342 2061 1615 2126 eundem
1664 2059 1949 2145 plurium
1997 2079 2187 2147 quam
2238 2064 2688 2125 trecentarum.
2741 2054 2805 2121 N
2808 2053 2948 2119 imis

555 2170 763 2256 igitur
814 2166 1124 2233 rhetorice
1169 2172 1379 2233 orator
1425 2185 1579 2231 usus
1629 2172 1724 2231 est
1770 2168 2003 2233 aoristo
2056 2165 2460 2253 (κτήσαιο-θαι)
2512 2184 2628 2249 pro
2675 2160 2947 2249 perfecto

555 2272 963 2361 (κεκτῆσθαι).
1033 2270 1158 2337 Sed
1221 2272 1394 2338 haud
1457 2269 1679 2356 aliter,
1740 2281 1815 2338 ut
1876 2274 2291 2339 manifestum
2357 2276 2488 2347 est,
2554 2271 2733 2347 dicta
2798 2270 2937 2335 sunt

557 2381 854 2445 τάλαντα
911 2378 1028 2444 illa
1087 2378 1545 2459 ἑπτακισχίλια
1609 2380 1863 2445 invecta
1921 2400 2056 2445 esse
2100 2379 2221 2445 hoc
2270 2377 2687 2464 quadriennio
2734 2378 2809 2440 in
2854 2392 2943 2437 ar-

557 2507 698 2553 cem
718 2533 734 2564 ‚
793 2490 1098 2572 tanquam
1161 2484 1240 2551 de
1299 2485 1551 2572 integ-ro
1613 2489 1768 2550 tunc
1834 2484 2097 2552 collecta
2163 2489 2372 2552 essent
2439 2505 2564 2550 non
2622 2484 2707 2550 iis
2724 2531 2741 2560 ‚
2796 2497 2943 2567 quae

557 2593 853 2670 aderant,
917 2591 1228 2680 augendis
1289 2591 1527 2657 effecta.
1601 2590 1771 2657 Nam
1834 2613 1995 2678 quae
2057 2590 2299 2658 talenta
2345 2596 2488 2678 post
2537 2589 2787 2656 bellum
2836 2584 2945 2651 ali·

417 2715 428 2730 ·
560 2706 797 2784 quanto
854 2700 1104 2764 minora
1166 2718 1355 2783 quam
1427 2695 1607 2763 6000
1667 2701 1734 2762 in
1796 2699 2055 2764 aerariis
2117 2698 2396 2764 adfuisse
2444 2696 2775 2783 probabile
2821 2698 2943 2771 est,

557 2807 748 2883 haec,
814 2810 888 2869 ut
950 2803 1272 2882 vidimus,
1319 2801 1795 2870 verisimillime
1844 2803 2187 2870 creduntur
2236 2825 2314 2870 ex
2360 2804 2677 2870 reditibus
2724 2799 2941 2867 annuis

559 2913 680 2978 hoc
741 2909 1151 2996 quadriennio
1215 2918 1404 2977 aucta
1450 2931 1583 2977 esse
1630 2911 1709 2976 ad
1756 2910 1995 2977 talenta
2040 2911 2222 2997 plura
2272 2931 2462 2997 quam
2517 2908 2697 2974 6000
2722 2958 2737 2983 ,
2794 2921 2941 2991 quae

559 3021 690 3084 iam
738 3015 1047 3082 facillime
1095 3017 1174 3082 ab
1220 3024 1464 3082 oratore
1511 3038 1579 3082 re
1624 3016 1914 3082 nonnihil
1960 3020 2028 3082 in
2075 3020 2287 3082 maius
2333 3021 2521 3082 aucta
2566 3017 2691 3080 dici
2726 3019 2943 3098 potue-

560 3129 712 3189 runt
760 3121 958 3188 7000.
1031 3121 1348 3188 Credibile
1411 3128 1627 3189 tamen
1684 3130 1779 3188 est
1826 3144 1973 3213 eum
2019 3125 2088 3187 in
2132 3123 2253 3188 hoc
2298 3141 2566 3187 numero
2615 3119 2718 3185 vel
2771 3115 2943 3205 plane

562 3235 932 3296 accuratum
979 3230 1188 3294 fuisse.
1261 3227 1554 3294 Ostendit
1601 3227 2038 3295 Kirchhovius
2086 3226 2187 3314 (O.
2214 3229 2269 3293 I.
2295 3228 2371 3292 A.
2414 3227 2479 3310 Ι,
2529 3248 2590 3311 p.
2641 3223 2805 3310 146)
2852 3241 2940 3287 ra·

562 3339 766 3402 tiones
828 3333 974 3400 illas
1041 3333 1401 3399 debitarum
1460 3354 1800 3399 usurarum
1848 3333 1950 3400 his
1996 3336 2169 3419 pacis
2216 3335 2396 3400 annis
2442 3333 2509 3396 in
2556 3331 2771 3416 lapide
2823 3343 2942 3394 esso

560 3444 794 3508 incisas
847 3449 911 3505 et
971 3439 1230 3504 videtur
1274 3445 1428 3506 tunc
1477 3438 1556 3506 de
1603 3447 1739 3506 tota
1784 3461 1853 3505 re
1898 3441 2263 3525 pecuniaria
2310 3459 2486 3504 sacra
2532 3458 2667 3504 esse
2710 3433 2941 3502 consti-

563 3555 780 3613 tutum
802 3593 818 3624 ‚
882 3551 958 3610 ut
1017 3564 1206 3630 pace,
1270 3550 1582 3630 quantum
1647 3545 1785 3611 fieri
1830 3551 2076 3631 posset,
2126 3545 2710 3632 redintegrarentur
2730 3588 2747 3620 ‚
2794 3555 2941 3626 quae

563 3654 733 3722 bello
795 3652 1042 3737 dilapsa
1103 3658 1332 3718 essent.
1401 3651 1647 3718 Usurae
1666 3699 1682 3730 ‚
1748 3672 1908 3740 quae
1968 3653 2359 3720 debebantur
2374 3703 2394 3736 ,
2461 3658 2613 3718 tunc
2668 3669 2795 3714 non
2844 3666 2941 3712 ex·

563 3781 791 3848 pensae
839 3765 1024 3836 sunt,
1077 3759 1186 3825 sed
1234 3758 1400 3844 lapis
1446 3757 1558 3823 ille
1608 3765 1971 3825 exstructus
2020 3765 2149 3837 est,
2202 3781 2326 3845 quo
2364 3765 2670 3844 tanquam
2694 3749 2939 3842 perenni

563 3867 932 3934 testimonio
979 3864 1422 3950 profiterentur
1467 3865 1885 3931 Athenienses
1905 3914 1921 3942 ,
1969 3872 2235 3952 quantas
2283 3867 2600 3932 deberent.
2664 3863 2940 3930 Fortasse

564 3986 782 4040 tamen
831 3993 909 4038 ex
927 4046 936 4056 ,
952 3971 1110 4057 ipsis
1154 3973 1444 4057 pecuniis
1489 3978 1719 4037 mutuo
1740 3959 1745 3964 ’
1766 3974 2041 4057 sumptis
2088 3971 2428 4038 nonnullae
2477 3976 2630 4036 tunc
2670 3969 2937 4035 redditae

565 4086 746 4158 sunt3
797 4078 1029 4164 quibus
1074 4084 1320 4163 praeter
1363 4095 1605 4142 annuos
1652 4077 1897 4143 reditus
1942 4080 2024 4144 iis
2045 4126 2060 4156 ‚
2103 4099 2263 4164 quae
2302 4085 2445 4164 post
2482 4075 2729 4142 bellum
2768 4089 2937 4159 supe·

566 4191 813 4263 retent,
865 4184 1099 4250 additis
1147 4183 1283 4250 fieri
1329 4189 1572 4270 potest,
1614 4191 1687 4248 ut
1729 4184 2185 4265 ἑπτακισχίλια
2224 4183 2341 4250 illa
2374 4181 2615 4250 talenta
2638 4182 2716 4248 ad
2740 4196 2935 4248 amus-

569 4295 694 4360 sim
737 4290 987 4378 expleta
1023 4289 1278 4355 fuerint.
1325 4289 1664 4377 Utcunque
1707 4312 1783 4356 ea
1827 4312 1923 4357 res
1962 4313 2028 4357 se
2052 4292 2273 4376 habet,
2299 4289 2379 4357 ad
2404 4310 2508 4368 ea,
2537 4311 2697 4376 quae
2722 4303 2937 4376 cogno·

569 4403 786 4468 vimus
826 4420 903 4464 ex
939 4397 1050 4478 iis,
1089 4417 1250 4483 quae
1289 4418 1479 4483 supra
1501 4401 1570 4462 in
1594 4398 1877 4465 tabulam
1903 4399 2268 4487 redegimus
2284 4448 2303 4485 ‚
2330 4403 2520 4484 atque
2542 4396 2683 4464 loco
2705 4409 2933 4484 quoque
