3150 5000
1177 270 1643 340 maclinmsv‘s.
2489 269 2615 335 261

331 455 391 519 4.
439 453 549 521 21.
615 456 926 534 „Diuerso
991 475 1284 542 uagoque
1303 505 1321 539 ‚
1387 462 1460 520 ut
1506 458 1574 520 in
1621 476 1656 520 r
1669 477 1704 521 e
1722 477 1765 544 p
1782 475 1817 520 e
1830 479 1871 520 n
1890 458 1957 520 ti
1974 479 2016 520 n
2034 476 2071 524 o
2115 454 2306 534 solet,
2354 475 2624 522 excursu

235 581 616 646 occupauere
662 562 1010 628 uolucriter
1056 561 1369 650 regiam.”

321 667 554 734 Malim
607 672 834 747 „utin
883 690 966 733 re
1012 669 1457 754 repentina
1503 667 1729 734 solet.”

325 897 384 966 7.
431 898 491 963 1.
544 897 724 974 „Rex
772 947 788 962 .
816 945 831 963 .
863 944 878 962 .
923 897 1223 963 dextrum
1261 895 1432 962 latus
1470 897 1810 963 itineribus
1852 897 2015 984 petit
2052 897 2366 984 obliquis,
2391 897 2624 964 Bezab-

234 1002 352 1068 den
404 1051 420 1066 .
450 1051 466 1068 .
495 1027 535 1068 .·
563 1006 633 1068 ui
699 1003 805 1068 uel
852 1006 1305 1089 promissorum
1355 1002 1690 1069 dulcedine
1737 1003 1989 1070 inlectis
2037 1003 2469 1070 defensoribus
2515 1025 2623 1068 re-

236 1108 700 1175 tenturus”

322 1214 533 1280 Immo
581 1221 1092 1281 tentaturus.

319 1429 380 1498 7.
431 1429 494 1496 2.
546 1431 725 1510 „Rex
771 1435 1014 1517 petitus
1062 1432 1464 1498 ballistarum
1517 1434 1793 1500 iactibus
1840 1434 2075 1500 crebris
2120 1439 2184 1500 et
2232 1435 2617 1520 sagittarum

230 1537 567 1614 densitate,
633 1545 888 1623 opertus
951 1559 1272 1606 armorum
1333 1542 1402 1604 in
1459 1539 1727 1605 modum
1790 1539 2132 1606 testudinis
2180 1543 2619 1606 contextorum

231 1643 536 1710 abscessit
583 1644 944 1710 innoxius.”

319 1747 839 1835 Interpunctione
905 1757 1159 1818 mutata
1217 1752 1420 1817 scribe
1489 1751 1916 1839 „sagittarum
1937 1801 1955 1837 ,
2004 1751 2321 1819 densitate
2370 1756 2626 1837 opertus

235 1855 627 1922 armorum.”

321 2071 384 2140 7.
436 2071 497 2139 3.
549 2072 1130 2152 „caduceatoribus
1176 2077 1392 2142 missis
1437 2097 1518 2142 ex
1565 2096 1744 2143 more
1790 2075 2037 2143 clausos
2078 2075 2373 2143 blandius
2414 2077 2625 2144 horta-

232 2180 440 2258 batur,
487 2186 562 2245 ut
611 2182 782 2246 uitae
819 2203 850 2246 s
867 2183 1044 2267 peiq
1061 2203 1152 2247 ue
1189 2182 1544 2249 consulturi
1586 2182 1907 2249 obsidium
1945 2183 2267 2250 deditione
2306 2182 2625 2250 soluerent

234 2285 650 2372 opportuna.”

321 2390 590 2481 Col-rige
636 2396 852 2474 „uitae
899 2415 931 2460 ι·
945 2397 1020 2460 ei
1037 2415 1076 2480 q
1099 2415 1144 2460 u
1158 2416 1193 2460 e
1239 2394 1662 2463 consulturi.”

320 2626 386 2695 7.
433 2624 494 2692 8.
573 2624 1015 2705 „Christianae
1083 2626 1248 2715 legis
1318 2629 1584 2694 antistes
1644 2627 1967 2713 perstabat
2028 2629 2095 2692 in
2160 2648 2415 2694 cassum
2465 2630 2619 2695 haec

230 2733 563 2819 multaque
629 2733 876 2799 similia
933 2733 1291 2799 disserendo
1312 2781 1330 2817 ,
1393 2732 1647 2799 efferata
1704 2735 1961 2799 uesania
2006 2735 2180 2821 regis
2226 2734 2323 2800 ob
2346 2756 2375 2799 s
2396 2739 2626 2800 tante

231 2842 378 2923 [non
425 2841 590 2925 ante]
640 2846 990 2906 castrorum
1039 2838 1358 2905 excidium
1407 2839 1659 2927 dig-redi
1703 2840 2111 2924 pertinaciter
2156 2838 2575 2907 adiurantis.”

322 2945 454 3013 Vv.
525 2968 645 3010 non
713 2953 854 3009 ante
914 2966 1076 3031 quae
1136 2946 1205 3009 in
1266 2943 1447 3011 nullo
1509 2941 1742 3012 Codice
1788 2943 1932 3011 MS.
1980 2945 2308 3033 leguntur,
2355 2946 2627 3012 inseruit

233 3050 392 3117 olim
465 3050 786 3117 Gelenius.
857 3051 1202 3138 Perperam
1266 3053 1506 3137 opinor.
1578 3050 1837 3117 Etenim
1904 3072 1940 3118 o
1957 3051 1997 3116 b
2014 3072 2045 3117 s
2064 3058 2093 3116 t
2112 3072 2206 3118 an
2225 3059 2304 3118 te
2350 3052 2627 3118 librariis

230 3158 516 3224 debetur.
589 3156 857 3243 Scripsit
927 3159 1310 3223 Ammianus
1381 3154 1679 3233 „efferata
1738 3159 2000 3223 uesania
2066 3160 2275 3247 regis,
2338 3181 2381 3222 n
2400 3178 2495 3224 on
2544 3177 2628 3223 se

231 3284 322 3330 an
339 3271 419 3331 te
469 3271 821 3331 castrorum
866 3264 1190 3329 excidium
1239 3262 1488 3350 digredi
1533 3263 1943 3349 pertinaciter
1988 3264 2405 3331 adiurantis.”

322 3507 388 3575 8.
437 3508 502 3577 4.
575 3506 1064 3587 „Constantium
1133 3508 1290 3574 haec
1352 3508 1599 3573 dudum
1646 3510 2027 3595 comperisse
2070 3508 2359 3575 Iulianus
2406 3509 2624 3594 opina-

232 3616 422 3683 batur
487 3615 697 3682 relatu
759 3615 1050 3682 Decentii
1095 3612 1254 3681 olim
1302 3615 1538 3680 reuersi
1584 3619 1651 3680 et
1696 3614 2234 3681 cubiculariorum
2284 3634 2501 3681 recens
2552 3615 2629 3680 de

233 3719 467 3789 Galliis
526 3740 1080 3810 praegressorum,
1144 3722 1255 3807 qui
1318 3720 1400 3787 ad
1462 3716 1906 3788 Caesarem
1950 3719 2251 3806 aliqua
2296 3726 2631 3806 portauere

235 3828 640 3896 sollemnia.''

326 3932 589 4023 Corrige
661 3936 816 4021 „qui
865 3933 944 3999 ad
989 3930 1367 4000 Caesaream
1426 3954 1492 3998 m
1512 3931 1591 3999 al
1606 3934 1633 3999 i
1648 3955 1697 4021 g
1711 3956 1755 3998 n
1771 3954 1808 3999 a
1870 3941 2203 4020 portauere
2250 3932 2630 4000 sollemnia”

235 4041 280 4105 i.
306 4062 363 4109 e.
424 4044 536 4127 qui
594 4061 768 4107 more
815 4059 932 4106 suo
975 4038 1293 4105 inuidiosa
1339 4036 1593 4105 Caesari
1637 4042 2033 4106 nuntiarunt.
2084 4037 2180 4105 cf.
2230 4041 2267 4125 §
2319 4040 2436 4105 11:
2488 4058 2636 4117 „su-

237 4153 554 4213 surrantes
624 4145 975 4233 perniciosa
1039 4145 1358 4233 malignos
1429 4146 1805 4211 admittas.”
1857 4184 1943 4195 -
1993 4146 2119 4211 Pro
2187 4144 2293 4213 Ca
2314 4165 2631 4211 esarem

239 4254 638 4321 scribendum
684 4273 818 4319 esse
865 4250 1357 4320 Caesaream
1403 4251 1726 4319 intellexit
1774 4249 2223 4321 Gardthausen
2272 4250 2416 4317 coll.
2467 4249 2531 4315 9.
2566 4250 2625 4316 l.
