3150 5000
1246 287 1568 335 nemus.
2466 264 2594 331 401

321 462 368 519 Κ
413 452 580 522 3463
649 455 702 520 εἱ
763 454 814 519 δ’
869 451 1095 531 ἄμμε
1156 454 1556 537 παραφθῆῃσι
1621 452 1867 518 πόδεσσι
1930 470 2159 538 nempe
2232 451 2467 537 Ulyoeem
2530 458 2587 515 et

739 561 1100 626 Diomedem.

317 678 360 736 Ξ
401 665 524 733 623
646 668 957 746 πτόλεμον
1002 668 1056 735 δ’
1105 670 1211 734 οὐκ
1258 666 1372 747 ἄμ
1387 692 1486 745 με
1533 666 1763 733 κελεύω
1804 670 1815 753 Ι
1856 666 2112 744 δύμεναι
2164 686 2397 751 nempe
2442 664 2594 729 Nee-

734 782 915 839 torem
965 782 1022 839 et
1069 778 1568 857 Agamemnonem.

314 890 361 945 X
409 878 579 945 2193
651 879 718 945 οὔ
754 904 830 945 rm
872 886 973 946 νῦν
1015 879 1104 946 ἔτι
1144 887 1212 959 γ’
1237 879 1366 945 ἔστι
1391 878 1799 961 πεφυγμένον
1821 876 1928 956 ἄμ
1942 904 2034 956 με
2060 876 2345 956 γενέσθαι
2369 897 2597 963 nempe

741 988 1032 1052 Achillem
1080 996 1136 1053 et
1186 988 1525 1053 Minervam
1540 1016 1569 1064 ;
1616 986 1935 1072 praeeedit
1980 986 2303 1067 δῃώσαντε.

311 1100 376 1157 Ω.
427 1091 593 1159 3553
644 1091 828 1175 τάχα
877 1093 929 1158 δ’
977 1093 1202 1172 ἄμμε
1248 1092 1699 1176 διαρραίσεσθαι
1748 1092 1845 1158 ὀΐω
1894 1112 2123 1178 nempe
2169 1091 2419 1156 Idaeum
2452 1090 2599 1155 Pri-

741 1222 1060 1287 amumque.

307 1316 364 1371 Ψ
412 1307 584 1372 4113
648 1310 713 1373 οὐ
761 1314 958 1389 σφῶιν
1007 1307 1222 1384 κομιδὴ
1271 1306 1442 1387 παρὰ
1491 1305 1748 1385 Νέστορι
1795 1306 2034 1383 ποιμένι
2080 1311 2247 1369 λαῶν

651 1412 935 1493 ἔσσεται,
985 1416 1214 1480 αὐτίκα
1262 1416 1314 1481 δ’
1368 1414 1585 1491 ὔμμε
1633 1419 2013 1478 κατακτενεῖ
2052 1409 2184 1488 ὀξέῖ
2222 1412 2450 1492 χαλκῷ

226 1522 303 1585 sic
348 1522 514 1587 binos
561 1544 696 1586 euos
740 1544 912 1607 equos
959 1524 1240 1606 increpat
1289 1520 1670 1586 Antilochus
1686 1540 1704 1598 ς
1752 1519 2046 1585 videmus
2094 1521 2161 1583 in
2203 1517 2599 1604 praecedenti

221 1648 452 1713 quoque
503 1649 692 1693 versu
737 1626 994 1693 dualem
1041 1630 1367 1712 usurpari,
1414 1629 1706 1711 sequitur
1749 1632 1967 1691 autem
2002 1648 2222 1689 -σαντε
2259 1631 2323 1689 et
2362 1647 2549 1691 -ετον.

299 1748 358 1801 Λ
411 1733 580 1800 110:
645 1733 1059 1814 σπερχόμενος
1112 1734 1162 1797 δ’
1213 1732 1338 1799 ἀπὸ
1385 1742 1534 1799 τοῖιν
1584 1734 1813 1799 ἐσύλαε
1859 1732 2101 1813 τεύχεα
2149 1731 2355 1809 καλοὶ,

648 1843 1034 1919 γιγνώσκων,
1087 1840 1190 1906 καὶ
1238 1840 1364 1921 γάρ
1412 1845 1570 1922 σφε
1618 1838 1809 1919 πάρος
1859 1840 2035 1918 παρὰ
2082 1838 2251 1915 νηυσὶ
2304 1839 2465 1920 θοῇσι

648 1947 830 2025 ἔπιδ’,
881 1946 974 2014 ὅτ’
1025 1954 1142 2014 etc.

223 2053 316 2120 hic
373 2062 504 2137 σφε
565 2055 645 2141 de
691 2055 995 2121 fratribus
1043 2054 1144 2119 Ιεο
1191 2060 1256 2119 et
1305 2054 1563 2137 Antipho
1612 2053 1984 2130 adhibetur,
2048 2059 2113 2118 et
2161 2052 2265 2118 hic
2313 2071 2596 2137 quoque,

223 2175 288 2225 ut
329 2163 396 2225 in
443 2160 583 2227 loco
629 2164 866 2246 priore,
916 2160 1172 2226 dualem
1220 2162 1548 2246 praemitti
1596 2160 1797 2246 (τοῖιν)
1845 2158 2158 2225 videmus.

299 2267 440 2335 Uno
488 2266 621 2333 solo
665 2266 805 2333 loco
853 2274 981 2348 σφε
1028 2267 1106 2331 de
1153 2266 1446 2352 pluribus
1494 2266 1768 2331 dicitur:

300 2383 358 2439 T
408 2372 580 2439 265:
639 2374 850 2439 πολλοὶ
891 2372 1072 2450 μαλ’,
1113 2369 1272 2437 ὄσσα
1313 2371 1570 2437 διδοῦσιν
1608 2368 1645 2437 ὅ
1672 2396 1766 2443 τις
1806 2374 1931 2449 σφ’
1968 2372 2267 2447 ἀλίτηται
2290 2370 2596 2451 ὀμόσσας,

224 2483 338 2546 nisi
377 2481 474 2546 ibi
521 2482 606 2545 sit
651 2480 906 2546 dativus
951 2490 1103 2562 σφι,
1153 2479 1320 2566 quod
1368 2479 1498 2546 fere
1544 2485 1737 2566 put03
1780 2482 2061 2566 itemque
2084 2478 2372 2546 semelin
2395 2478 2599 2546 Iliade

221 2585 391 2666 ἄμμε
444 2590 758 2672 reperitur
803 2587 880 2652 de
927 2587 1217 2673 pluribus
1266 2587 1542 2664 dictum,
1594 2607 1783 2652 versu
1830 2588 2198 2652 notissimo:

300 2707 354 2760 A
405 2693 527 2760 59:
639 2693 953 2774 Ἀτρεΐδη,
1008 2699 1108 2758 νῦν
1157 2693 1340 2771 ἄμμε
1386 2692 1579 2757 πάλιν
1627 2692 2083 2773 πλαγχθέντας
2132 2693 2233 2756 ὀΐω
2282 2699 2424 2771 ete„

218 2804 333 2866 nisi
381 2802 530 2887 quie
573 2800 654 2866 ad
691 2800 856 2866 solos
895 2803 1446 2888 Agamemnonem
1491 2799 1937 2884 Achillemque
1961 2799 2189 2864 referre
2214 2797 2399 2876 velit,
2431 2798 2599 2884 quod

220 2909 480 2972 minime
527 2909 859 2972 suaserim.
906 2907 1000 2972 De
1049 2928 1235 2972 versu
1283 2906 1550 2990 denique
1596 2916 1647 2970 Σ
1672 2901 1841 2983 268,
1885 2911 2103 2990 utpote
2129 2908 2381 2990 spuri0,
2420 2904 2598 2990 loqui

219 3013 442 3078 inutile
487 3019 616 3089 est,
667 3015 791 3078 nisi
836 3013 1004 3099 quod
1049 3014 1118 3076 in
1163 3015 1535 3097 pronomine
1573 3009 1765 3089 ι’ίιμμε
1812 3010 1981 3076 male
2026 3010 2313 3078 adhibito
2358 3031 2591 3078 novum

219 3117 449 3186 fraudis
495 3118 806 3184 indicium
854 3125 1062 3205 potest
1109 3119 1414 3184 inveniri:

641 3226 691 3290 εἶ
739 3225 795 3290 δ’
849 3225 1076 3303 ἄμμε
1123 3225 1462 3306 κιχήσεται
1513 3223 1707 3290 ἐνθάδ’
1755 3223 1968 3296 ἐόντας
1998 3273 2013 3298 ,
2053 3244 2281 3310 nempe
2312 3223 2599 3290 Achilles

639 3317 644 3320 ¹
742 3330 1062 3397 Troianos,

304 3439 724 3506 Transeamus
771 3437 849 3503 ad
899 3436 1269 3524 odysseam.
1321 3435 1397 3502 In
1443 3457 1568 3523 qua
1615 3461 1651 3500 σ
1670 3445 1771 3517 φε
1810 3438 1910 3502 bis
1948 3437 2302 3519 invenitur,
2328 3443 2598 3522 utroque

221 3553 430 3611 autem
476 3545 616 3611 loco
662 3547 915 3610 numeri
963 3543 1172 3610 dualis
1220 3545 1465 3609 obtinet
1509 3546 1835 3610 notionem
1884 3543 2322 3610 manifestam:

305 3654 332 3718 θ
381 3651 551 3718 2713
647 3650 682 3715 δ’
723 3650 838 3731 σφ’
889 3649 1090 3725 ἐνόησε
1139 3648 1592 3731 μιγαζομένους
1621 3651 1755 3737 (-νω
1773 3648 1830 3732 ?)
1856 3649 2149 3732 φιλότητι
2174 3670 2402 3736 nempe
2426 3651 2601 3715 Mar·

735 3764 848 3822 lem
895 3765 950 3822 et
1008 3756 1284 3822 Venerem
1307 3804 1323 3834 ,
2544 3736 2555 3752 '¹

306 3874 360 3944 φ
408 3861 568 3930 2063
643 3861 892 3940 ἐξαῦτίς
958 3871 1084 3946 σφε
1145 3865 1420 3928 νέπεσσιν
1487 3863 1900 3942 ἀμειβόμενος
1964 3861 2311 3944 προσέεειπε
2374 3885 2603 3951 nempe

735 3970 1056 4034 Eumaeum
1101 3978 1158 4035 et
1202 3969 1585 4034 Panaetium.
1656 3970 1769 4036 Bis
1814 3972 2101 4056 sequitur
2146 3977 2362 4052 σφῶιν.

310 4075 545 4143 Contra
609 4074 791 4153 ἄμμε
839 4080 902 4141 et
948 4077 1120 4152 ὔμμε
1169 4079 1236 4140 in
1284 4075 1566 4162 Odyssea
1612 4076 1949 4162 aliquoties
1986 4077 2072 4146 kde
2119 4077 2412 4163 pluribus
2458 4099 2599 4166 per-

229 4186 386 4248 sonis
431 4183 718 4249 adhibita
762 4185 1194 4268 reperiuntur:
1236 4184 1414 4247 1404
1461 4181 1643 4261 ἄμμε
1692 4177 1928 4248 dieitur
1972 4183 2049 4250 de
2090 4186 2334 4250 cunctis
2374 4181 2600 4271 Cyelo-

229 4289 435 4372 pibus,
492 4314 527 4353 κ
554 4287 684 4354 209
735 4297 800 4354 et
845 4312 895 4366 μ
920 4288 1047 4354 221
1101 4289 1179 4355 de
1225 4287 1459 4375 Ulyxis
1485 4289 1840 4373 militibus,
1881 4312 1934 4369 χ
1960 4288 2047 4356 73
2071 4290 2150 4356 de
2178 4293 2381 4375 procis
2404 4291 2600 4356 Pene-

229 4392 423 4479 lopes,
472 4420 503 4459 ν
529 4395 656 4462 357
707 4395 879 4472 ὔμμε
921 4395 998 4461 de
1023 4395 1348 4482 Nymphis
1382 4403 1762 4482 usurpatur,
1790 4395 2059 4481 denique
2080 4419 2119 4458 σ
2146 4397 2276 4462 407
2304 4404 2367 4461 et
2392 4423 2435 4460 ω
2465 4395 2593 4461 109
