<?xml version="1.0" encoding="UTF-8"?>
<!DOCTYPE html PUBLIC "-//W3C//DTD XHTML 1.0 Transitional//EN"
    "http://www.w3.org/TR/xhtml1/DTD/xhtml1-transitional.dtd">
<html xmlns="http://www.w3.org/1999/xhtml" xml:lang="en" lang="en">
 <head>
  <title>
</title>
<meta http-equiv="Content-Type" content="text/html;charset=utf-8" />
  <meta name='ocr-system' content='tesseract 3.04.00' />
  <meta name='ocr-capabilities' content='ocr_page ocr_carea ocr_par ocr_line ocrx_word'/>
</head>
<body>
  <div class='ocr_page' id='page_1' title='image "./mnemosyne06servgoog_0876.png"; bbox 0 0 3150 5000; ppageno 0'>
   <div class='ocr_carea' id='block_1_1' title="bbox 583 223 1971 296">
    <p class='ocr_par' dir='ltr' id='par_1_1' title="bbox 583 223 1971 296">
     <span class='ocr_line' id='line_1_1' title="bbox 583 223 1971 296; baseline 0.002 -3"><span class='ocrx_word' id='word_1_1' title='bbox 583 223 713 294; x_wconf 84' lang='lat'>398</span> <span class='ocrx_word' id='word_1_2' title='bbox 1560 242 1971 296; x_wconf 66' lang='lat' dir='ltr'>mmotoem</span> 
     </span>
    </p>
   </div>
   <div class='ocr_carea' id='block_1_2' title="bbox 575 408 2942 928">
    <p class='ocr_par' dir='ltr' id='par_1_2' title="bbox 575 408 2942 928">
     <span class='ocr_line' id='line_1_2' title="bbox 576 408 2940 500; baseline 0 -24"><span class='ocrx_word' id='word_1_3' title='bbox 576 410 684 477; x_wconf 90' lang='lat' dir='ltr'>Vs.</span> <span class='ocrx_word' id='word_1_4' title='bbox 748 413 858 476; x_wconf 85' lang='lat' dir='ltr'>4to</span> <span class='ocrx_word' id='word_1_5' title='bbox 920 408 1335 495; x_wconf 80' lang='lat' dir='ltr'>depravatum</span> <span class='ocrx_word' id='word_1_6' title='bbox 1401 417 1497 478; x_wconf 88' lang='lat' dir='ltr'>est</span> <span class='ocrx_word' id='word_1_7' title='bbox 1560 415 1737 478; x_wconf 78' lang='grc' dir='ltr'><strong><em>τοῦτο</em></strong></span> <span class='ocrx_word' id='word_1_8' title='bbox 1757 461 1786 497; x_wconf 57' lang='grc'>,,</span> <span class='ocrx_word' id='word_1_9' title='bbox 1835 414 2002 499; x_wconf 92' lang='lat' dir='ltr'>quod</span> <span class='ocrx_word' id='word_1_10' title='bbox 2049 434 2161 500; x_wconf 89' lang='lat' dir='ltr'>pro</span> <span class='ocrx_word' id='word_1_11' title='bbox 2205 411 2384 492; x_wconf 78' lang='grc' dir='ltr'><em>μόνον</em></span> <span class='ocrx_word' id='word_1_12' title='bbox 2431 411 2562 480; x_wconf 86' lang='lat' dir='ltr'>diei</span> <span class='ocrx_word' id='word_1_13' title='bbox 2607 433 2725 479; x_wconf 91' lang='lat' dir='ltr'>non</span> <span class='ocrx_word' id='word_1_14' title='bbox 2772 433 2940 498; x_wconf 86' lang='lat' dir='ltr'>posse</span> 
     </span>
     <span class='ocr_line' id='line_1_3' title="bbox 575 515 2942 605; baseline -0.001 -22"><span class='ocrx_word' id='word_1_15' title='bbox 575 521 687 583; x_wconf 81' lang='lat' dir='ltr'>vix</span> <span class='ocrx_word' id='word_1_16' title='bbox 742 538 900 605; x_wconf 87' lang='lat' dir='ltr'>opus</span> <span class='ocrx_word' id='word_1_17' title='bbox 940 523 1037 582; x_wconf 90' lang='lat' dir='ltr'>est</span> <span class='ocrx_word' id='word_1_18' title='bbox 1083 515 1429 594; x_wconf 83' lang='lat' dir='ltr'>affirmare,</span> <span class='ocrx_word' id='word_1_19' title='bbox 1482 523 1581 601; x_wconf 88' lang='lat' dir='ltr'>et,</span> <span class='ocrx_word' id='word_1_20' title='bbox 1631 521 1885 584; x_wconf 86' lang='lat' dir='ltr'>etiamsi</span> <span class='ocrx_word' id='word_1_21' title='bbox 1933 526 2173 604; x_wconf 82' lang='lat' dir='ltr'>posset,</span> <span class='ocrx_word' id='word_1_22' title='bbox 2229 541 2307 584; x_wconf 90' lang='lat' dir='ltr'>ne</span> <span class='ocrx_word' id='word_1_23' title='bbox 2353 522 2445 585; x_wconf 88' lang='lat' dir='ltr'>sic</span> <span class='ocrx_word' id='word_1_24' title='bbox 2495 519 2752 604; x_wconf 86' lang='lat' dir='ltr'>quidem</span> <span class='ocrx_word' id='word_1_25' title='bbox 2801 521 2942 582; x_wconf 84' lang='lat' dir='ltr'>satis</span> 
     </span>
     <span class='ocr_line' id='line_1_4' title="bbox 576 623 2865 711; baseline -0.001 -21"><span class='ocrx_word' id='word_1_26' title='bbox 576 632 724 711; x_wconf 87' lang='lat' dir='ltr'>apta</span> <span class='ocrx_word' id='word_1_27' title='bbox 772 625 1133 711; x_wconf 77' lang='lat' dir='ltr'>procederet</span> <span class='ocrx_word' id='word_1_28' title='bbox 1178 626 1510 690; x_wconf 87' lang='lat' dir='ltr'>sententia.</span> <span class='ocrx_word' id='word_1_29' title='bbox 1560 623 1946 691; x_wconf 78' lang='lat' dir='ltr'><strong>Continuata</strong></span> <span class='ocrx_word' id='word_1_30' title='bbox 1993 629 2271 693; x_wconf 85' lang='lat' dir='ltr'>oratione</span> <span class='ocrx_word' id='word_1_31' title='bbox 2290 677 2309 711; x_wconf 88' lang='lat'><strong>,</strong></span> <span class='ocrx_word' id='word_1_32' title='bbox 2360 626 2865 692; x_wconf 86' lang='lat' dir='ltr'>rescribendum:</span> 
     </span>
     <span class='ocr_line' id='line_1_5' title="bbox 1029 729 2481 816; baseline 0.002 -21"><span class='ocrx_word' id='word_1_33' title='bbox 1029 739 1338 812; x_wconf 76' lang='grc' dir='ltr'><strong><em>τρηχεῖαι.</em></strong></span> <span class='ocrx_word' id='word_1_34' title='bbox 1390 730 1661 810; x_wconf 73' lang='grc' dir='ltr'><strong><em>Μεγέθει</em></strong></span> <span class='ocrx_word' id='word_1_35' title='bbox 1709 730 1761 796; x_wconf 71' lang='grc' dir='ltr'>δ’</span> <span class='ocrx_word' id='word_1_36' title='bbox 1809 732 1881 798; x_wconf 76' lang='grc' dir='ltr'>εἴ</span> <span class='ocrx_word' id='word_1_37' title='bbox 1923 756 1994 798; x_wconf 82' lang='grc' dir='ltr'>τι</span> <span class='ocrx_word' id='word_1_38' title='bbox 2039 729 2481 816; x_wconf 76' lang='grc' dir='ltr'><strong><em>περισσότεραι,</em></strong></span> 
     </span>
     <span class='ocr_line' id='line_1_6' title="bbox 1026 837 2364 928; baseline 0.001 -26"><span class='ocrx_word' id='word_1_39' title='bbox 1026 845 1282 919; x_wconf 77' lang='grc' dir='ltr'><strong><em>καρποῖς</em></strong></span> <span class='ocrx_word' id='word_1_40' title='bbox 1304 892 1322 928; x_wconf 83' lang='lat'><strong>,</strong></span> <span class='ocrx_word' id='word_1_41' title='bbox 1370 839 1438 903; x_wconf 82' lang='grc' dir='ltr'>ού</span> <span class='ocrx_word' id='word_1_42' title='bbox 1486 837 1820 904; x_wconf 74' lang='grc' dir='ltr'><strong><em>σταδίοισιν</em></strong></span> <span class='ocrx_word' id='word_1_43' title='bbox 1868 838 2138 920; x_wconf 76' lang='grc' dir='ltr'>ἐρίζομεν</span> <span class='ocrx_word' id='word_1_44' title='bbox 2167 863 2183 878; x_wconf 90' lang='grc'><em>·</em></span> <span class='ocrx_word' id='word_1_45' title='bbox 2233 837 2364 904; x_wconf 72' lang='grc' dir='ltr'><strong><em>ιιι-ἓ.</em></strong></span> 
     </span>
    </p>
   </div>
   <div class='ocr_carea' id='block_1_3' title="bbox 570 1043 2962 2087">
    <p class='ocr_par' dir='ltr' id='par_1_3' title="bbox 666 1043 1077 1132">
     <span class='ocr_line' id='line_1_7' title="bbox 666 1043 1077 1132; baseline -0.007 -23"><span class='ocrx_word' id='word_1_46' title='bbox 666 1044 783 1132; x_wconf 78' lang='grc' dir='ltr'>ΕΡ.</span> <span class='ocrx_word' id='word_1_47' title='bbox 833 1043 986 1123; x_wconf 81' lang='grc'><strong>421,</strong></span> <span class='ocrx_word' id='word_1_48' title='bbox 1036 1045 1077 1106; x_wconf 91' lang='grc'>5</span> 
     </span>
    </p>

    <p class='ocr_par' dir='ltr' id='par_1_4' title="bbox 922 1145 2602 1232">
     <span class='ocr_line' id='line_1_8' title="bbox 922 1145 2602 1232; baseline 0 -18"><span class='ocrx_word' id='word_1_49' title='bbox 922 1145 1013 1214; x_wconf 84' lang='grc' dir='ltr'>Ἥ</span> <span class='ocrx_word' id='word_1_50' title='bbox 1038 1147 1091 1232; x_wconf 85' lang='grc' dir='ltr'>ῥ’</span> <span class='ocrx_word' id='word_1_51' title='bbox 1144 1150 1305 1229; x_wconf 70' lang='grc' dir='ltr'><em>ὑμᾶς</em></span> <span class='ocrx_word' id='word_1_52' title='bbox 1357 1147 1634 1225; x_wconf 72' lang='grc' dir='ltr'><strong><em>ἐδίδαξεν</em></strong></span> <span class='ocrx_word' id='word_1_53' title='bbox 1678 1147 1710 1214; x_wconf 77' lang='grc' dir='ltr'>ἕ</span> <span class='ocrx_word' id='word_1_54' title='bbox 1725 1173 1816 1215; x_wconf 90' lang='grc' dir='ltr'>να</span> <span class='ocrx_word' id='word_1_55' title='bbox 1867 1149 2083 1231; x_wconf 74' lang='grc' dir='ltr'><strong><em>τρόπον</em></strong></span> <span class='ocrx_word' id='word_1_56' title='bbox 2135 1149 2172 1224; x_wconf 68' lang='grc' dir='ltr'><strong><em>ἦ</em></strong></span> <span class='ocrx_word' id='word_1_57' title='bbox 2211 1173 2360 1217; x_wconf 76' lang='grc' dir='ltr'><strong><em>ποτε</em></strong></span> <span class='ocrx_word' id='word_1_58' title='bbox 2411 1151 2602 1226; x_wconf 73' lang='grc' dir='ltr'><strong><em>λευκή</em></strong></span> 
     </span>
    </p>

    <p class='ocr_par' dir='ltr' id='par_1_5' title="bbox 570 1254 2962 2087">
     <span class='ocr_line' id='line_1_9' title="bbox 926 1254 2211 1342; baseline 0 -20"><span class='ocrx_word' id='word_1_59' title='bbox 926 1263 1152 1342; x_wconf 74' lang='grc' dir='ltr'><strong><em>Δῆλος,</em></strong></span> <span class='ocrx_word' id='word_1_60' title='bbox 1202 1255 1493 1336; x_wconf 76' lang='grc' dir='ltr'>ἕρημαίου</span> <span class='ocrx_word' id='word_1_61' title='bbox 1543 1254 1826 1334; x_wconf 69' lang='grc' dir='ltr'>δαίμονος</span> <span class='ocrx_word' id='word_1_62' title='bbox 1871 1257 2211 1338; x_wconf 68' lang='grc' dir='ltr'><strong><em>ἀρξαμένη.</em></strong></span> 
     </span>
     <span class='ocr_line' id='line_1_10' title="bbox 572 1361 2958 1452; baseline -0.002 -22"><span class='ocrx_word' id='word_1_63' title='bbox 572 1363 933 1452; x_wconf 79' lang='lat' dir='ltr'>Rogaverat</span> <span class='ocrx_word' id='word_1_64' title='bbox 979 1365 1044 1428; x_wconf 89' lang='lat' dir='ltr'>in</span> <span class='ocrx_word' id='word_1_65' title='bbox 1092 1364 1475 1450; x_wconf 78' lang='lat' dir='ltr'>praegressis</span> <span class='ocrx_word' id='word_1_66' title='bbox 1516 1364 1890 1428; x_wconf 64' lang='lat' dir='ltr'>Axnrarna</span> <span class='ocrx_word' id='word_1_67' title='bbox 1935 1363 2199 1430; x_wconf 80' lang='lat' dir='ltr'>Macedo</span> <span class='ocrx_word' id='word_1_68' title='bbox 2245 1361 2558 1452; x_wconf 81' lang='lat' dir='ltr'>Cycladas</span> <span class='ocrx_word' id='word_1_69' title='bbox 2575 1411 2593 1440; x_wconf 90' lang='lat'><strong><em>,</em></strong></span> <span class='ocrx_word' id='word_1_70' title='bbox 2659 1383 2740 1428; x_wconf 89' lang='lat' dir='ltr'>an</span> <span class='ocrx_word' id='word_1_71' title='bbox 2809 1367 2958 1427; x_wconf 86' lang='lat' dir='ltr'>tunc</span> 
     </span>
     <span class='ocr_line' id='line_1_11' title="bbox 572 1468 2957 1557; baseline -0.001 -22"><span class='ocrx_word' id='word_1_72' title='bbox 572 1473 876 1554; x_wconf 89' lang='lat' dir='ltr'>temporis</span> <span class='ocrx_word' id='word_1_73' title='bbox 946 1469 1227 1534; x_wconf 79' lang='lat' dir='ltr'>desertae</span> <span class='ocrx_word' id='word_1_74' title='bbox 1288 1470 1578 1535; x_wconf 76' lang='lat' dir='ltr'>imitatae</span> <span class='ocrx_word' id='word_1_75' title='bbox 1638 1470 1766 1534; x_wconf 87' lang='lat' dir='ltr'>sint</span> <span class='ocrx_word' id='word_1_76' title='bbox 1825 1468 2055 1555; x_wconf 81' lang='lat' dir='ltr'>Siphai</span> <span class='ocrx_word' id='word_1_77' title='bbox 2116 1478 2180 1536; x_wconf 92' lang='lat' dir='ltr'>et</span> <span class='ocrx_word' id='word_1_78' title='bbox 2241 1468 2676 1557; x_wconf 77' lang='lat' dir='ltr'>Pholegandri</span> <span class='ocrx_word' id='word_1_79' title='bbox 2735 1489 2957 1534; x_wconf 79' lang='lat' dir='ltr'>exem-</span> 
     </span>
     <span class='ocr_line' id='line_1_12' title="bbox 570 1567 2956 1663; baseline -0.002 -22"><span class='ocrx_word' id='word_1_80' title='bbox 570 1576 751 1663; x_wconf 89' lang='lat' dir='ltr'>plum</span> <span class='ocrx_word' id='word_1_81' title='bbox 773 1623 788 1652; x_wconf 84' lang='lat'>‚</span> <span class='ocrx_word' id='word_1_82' title='bbox 858 1575 961 1640; x_wconf 91' lang='lat' dir='ltr'>his</span> <span class='ocrx_word' id='word_1_83' title='bbox 1030 1567 1246 1640; x_wconf 79' lang='lat' dir='ltr'>autem</span> <span class='ocrx_word' id='word_1_84' title='bbox 1318 1595 1477 1659; x_wconf 88' lang='lat' dir='ltr'>quae</span> <span class='ocrx_word' id='word_1_85' title='bbox 1536 1575 1835 1661; x_wconf 78' lang='lat' dir='ltr'>adscripsi</span> <span class='ocrx_word' id='word_1_86' title='bbox 1903 1577 2227 1644; x_wconf 77' lang='lat' dir='ltr'>contendit</span> <span class='ocrx_word' id='word_1_87' title='bbox 2289 1598 2393 1643; x_wconf 88' lang='lat' dir='ltr'>eas</span> <span class='ocrx_word' id='word_1_88' title='bbox 2455 1577 2671 1661; x_wconf 89' lang='lat' dir='ltr'>potius</span> <span class='ocrx_word' id='word_1_89' title='bbox 2717 1574 2956 1641; x_wconf 87' lang='lat' dir='ltr'>Delum</span> 
     </span>
     <span class='ocr_line' id='line_1_13' title="bbox 570 1680 2960 1769; baseline -0.001 -21"><span class='ocrx_word' id='word_1_90' title='bbox 570 1688 819 1748; x_wconf 88' lang='lat' dir='ltr'>secutas</span> <span class='ocrx_word' id='word_1_91' title='bbox 886 1703 1037 1748; x_wconf 87' lang='lat' dir='ltr'>esse.</span> <span class='ocrx_word' id='word_1_92' title='bbox 1108 1680 1567 1766; x_wconf 84' lang='lat' dir='ltr'>Interpretatur</span> <span class='ocrx_word' id='word_1_93' title='bbox 1625 1681 1664 1746; x_wconf 87' lang='lat' dir='ltr'>J</span> <span class='ocrx_word' id='word_1_94' title='bbox 1668 1683 1956 1748; x_wconf 86' lang='lat' dir='ltr'>acobsius</span> <span class='ocrx_word' id='word_1_95' title='bbox 2017 1682 2126 1748; x_wconf 80' lang='grc' dir='ltr'>ἕνα</span> <span class='ocrx_word' id='word_1_96' title='bbox 2184 1705 2299 1769; x_wconf 92' lang='lat' dir='ltr'>per</span> <span class='ocrx_word' id='word_1_97' title='bbox 2360 1684 2464 1749; x_wconf 79' lang='grc' dir='ltr'>τὸν</span> <span class='ocrx_word' id='word_1_98' title='bbox 2527 1681 2736 1759; x_wconf 78' lang='grc' dir='ltr'><strong><em>αὐτόν,</em></strong></span> <span class='ocrx_word' id='word_1_99' title='bbox 2793 1683 2960 1768; x_wconf 86' lang='lat' dir='ltr'>quod</span> 
     </span>
     <span class='ocr_line' id='line_1_14' title="bbox 572 1785 2962 1875; baseline -0 -21"><span class='ocrx_word' id='word_1_100' title='bbox 572 1790 829 1854; x_wconf 87' lang='lat' dir='ltr'>etiamsi</span> <span class='ocrx_word' id='word_1_101' title='bbox 874 1785 1234 1875; x_wconf 81' lang='lat' dir='ltr'>significare</span> <span class='ocrx_word' id='word_1_102' title='bbox 1280 1794 1489 1873; x_wconf 90' lang='lat' dir='ltr'>posset</span> <span class='ocrx_word' id='word_1_103' title='bbox 1508 1835 1523 1866; x_wconf 88' lang='lat'>‚</span> <span class='ocrx_word' id='word_1_104' title='bbox 1572 1807 1694 1854; x_wconf 90' lang='lat' dir='ltr'>non</span> <span class='ocrx_word' id='word_1_105' title='bbox 1759 1789 1971 1855; x_wconf 85' lang='lat' dir='ltr'>addito</span> <span class='ocrx_word' id='word_1_106' title='bbox 2035 1791 2252 1857; x_wconf 82' lang='lat' dir='ltr'>dativo</span> <span class='ocrx_word' id='word_1_107' title='bbox 2315 1810 2429 1855; x_wconf 91' lang='lat' dir='ltr'>nec</span> <span class='ocrx_word' id='word_1_108' title='bbox 2484 1791 2725 1854; x_wconf 87' lang='lat' dir='ltr'>iunctis</span> <span class='ocrx_word' id='word_1_109' title='bbox 2781 1809 2962 1853; x_wconf 80' lang='lat' dir='ltr'>voca·</span> 
     </span>
     <span class='ocr_line' id='line_1_15' title="bbox 570 1881 2956 1980; baseline -0.001 -21"><span class='ocrx_word' id='word_1_110' title='bbox 570 1893 741 1960; x_wconf 87' lang='lat' dir='ltr'>bulis</span> <span class='ocrx_word' id='word_1_111' title='bbox 805 1893 908 1958; x_wconf 77' lang='grc' dir='ltr'>καιὶ</span> <span class='ocrx_word' id='word_1_112' title='bbox 976 1892 1079 1959; x_wconf 81' lang='grc' dir='ltr'>τὸν</span> <span class='ocrx_word' id='word_1_113' title='bbox 1138 1891 1326 1958; x_wconf 73' lang='grc' dir='ltr'><strong><em>αὐτόν</em></strong></span> <span class='ocrx_word' id='word_1_114' title='bbox 1392 1892 1495 1959; x_wconf 85' lang='lat' dir='ltr'>vel</span> <span class='ocrx_word' id='word_1_115' title='bbox 1561 1881 1666 1959; x_wconf 74' lang='grc' dir='ltr'>καὶ</span> <span class='ocrx_word' id='word_1_116' title='bbox 1715 1889 1933 1973; x_wconf 81' lang='grc' dir='ltr'>ὅμοιον,</span> <span class='ocrx_word' id='word_1_117' title='bbox 1985 1896 2318 1962; x_wconf 82' lang='lat' dir='ltr'>obscuram</span> <span class='ocrx_word' id='word_1_118' title='bbox 2359 1899 2575 1964; x_wconf 83' lang='lat' dir='ltr'>tamen</span> <span class='ocrx_word' id='word_1_119' title='bbox 2621 1895 2956 1980; x_wconf 86' lang='lat' dir='ltr'>praeberet</span> 
     </span>
     <span class='ocr_line' id='line_1_16' title="bbox 570 1999 2676 2087; baseline -0.001 -20"><span class='ocrx_word' id='word_1_120' title='bbox 570 2003 974 2068; x_wconf 88' lang='lat' dir='ltr'>sententiam.</span> <span class='ocrx_word' id='word_1_121' title='bbox 1020 1999 1336 2087; x_wconf 79' lang='lat' dir='ltr'>Equidem</span> <span class='ocrx_word' id='word_1_122' title='bbox 1386 2002 1746 2086; x_wconf 85' lang='lat' dir='ltr'>scripserim</span> <span class='ocrx_word' id='word_1_123' title='bbox 1795 1999 2065 2079; x_wconf 73' lang='grc' dir='ltr'>ἐδίδαξεν</span> <span class='ocrx_word' id='word_1_124' title='bbox 2116 2002 2239 2067; x_wconf 80' lang='grc' dir='ltr'>ἐὸν</span> <span class='ocrx_word' id='word_1_125' title='bbox 2285 2002 2506 2082; x_wconf 76' lang='grc' dir='ltr'><strong><em>τρόπον</em></strong></span> <span class='ocrx_word' id='word_1_126' title='bbox 2549 2002 2676 2066; x_wconf 79' lang='grc' dir='ltr'>κτὲ.</span> 
     </span>
    </p>
   </div>
   <div class='ocr_carea' id='block_1_4' title="bbox 564 2218 3049 3583">
    <p class='ocr_par' dir='ltr' id='par_1_6' title="bbox 568 2218 2958 2731">
     <span class='ocr_line' id='line_1_17' title="bbox 658 2218 2958 2307; baseline -0.002 -21"><span class='ocrx_word' id='word_1_127' title='bbox 658 2221 778 2307; x_wconf 83' lang='lat' dir='ltr'>Ep.</span> <span class='ocrx_word' id='word_1_128' title='bbox 841 2218 994 2286; x_wconf 85' lang='lat'><strong>446.</strong></span> <span class='ocrx_word' id='word_1_129' title='bbox 1060 2218 1367 2284; x_wconf 72' lang='lat' dir='ltr'>Imma</span> <span class='ocrx_word' id='word_1_130' title='bbox 1426 2219 1788 2305; x_wconf 80' lang='lat' dir='ltr'>Aegyptius</span> <span class='ocrx_word' id='word_1_131' title='bbox 1865 2225 2272 2306; x_wconf 78' lang='lat' dir='ltr'>posteaquam</span> <span class='ocrx_word' id='word_1_132' title='bbox 2345 2224 2590 2305; x_wconf 83' lang='lat' dir='ltr'>septem</span> <span class='ocrx_word' id='word_1_133' title='bbox 2663 2219 2958 2284; x_wconf 80' lang='lat' dir='ltr'>versibus</span> 
     </span>
     <span class='ocr_line' id='line_1_18' title="bbox 570 2323 2956 2412; baseline -0.002 -19"><span class='ocrx_word' id='word_1_134' title='bbox 570 2328 1028 2392; x_wconf 84' lang='lat' dir='ltr'>demonstravit</span> <span class='ocrx_word' id='word_1_135' title='bbox 1090 2327 1285 2389; x_wconf 83' lang='lat' dir='ltr'>variis</span> <span class='ocrx_word' id='word_1_136' title='bbox 1348 2324 1607 2389; x_wconf 85' lang='lat' dir='ltr'>vivendi</span> <span class='ocrx_word' id='word_1_137' title='bbox 1671 2327 2020 2392; x_wconf 90' lang='lat' dir='ltr'>rationibus</span> <span class='ocrx_word' id='word_1_138' title='bbox 2082 2346 2197 2392; x_wconf 84' lang='lat' dir='ltr'>sua</span> <span class='ocrx_word' id='word_1_139' title='bbox 2259 2328 2515 2412; x_wconf 89' lang='lat' dir='ltr'>propria</span> <span class='ocrx_word' id='word_1_140' title='bbox 2557 2344 2694 2390; x_wconf 82' lang='lat' dir='ltr'>esse</span> <span class='ocrx_word' id='word_1_141' title='bbox 2742 2323 2956 2388; x_wconf 86' lang='lat' dir='ltr'>oblec-</span> 
     </span>
     <span class='ocr_line' id='line_1_19' title="bbox 570 2427 2958 2517; baseline -0.001 -19"><span class='ocrx_word' id='word_1_142' title='bbox 570 2439 883 2509; x_wconf 85' lang='lat' dir='ltr'>tamenta,</span> <span class='ocrx_word' id='word_1_143' title='bbox 942 2436 1007 2496; x_wconf 88' lang='lat' dir='ltr'>et</span> <span class='ocrx_word' id='word_1_144' title='bbox 1053 2429 1287 2494; x_wconf 87' lang='lat' dir='ltr'>ultimo</span> <span class='ocrx_word' id='word_1_145' title='bbox 1332 2427 1468 2494; x_wconf 89' lang='lat' dir='ltr'>loco</span> <span class='ocrx_word' id='word_1_146' title='bbox 1516 2429 1684 2496; x_wconf 83' lang='lat' dir='ltr'>dixit</span> <span class='ocrx_word' id='word_1_147' title='bbox 1728 2431 2050 2498; x_wconf 83' lang='lat' dir='ltr'>hominem</span> <span class='ocrx_word' id='word_1_148' title='bbox 2101 2431 2446 2505; x_wconf 89' lang='lat' dir='ltr'>coelibem,</span> <span class='ocrx_word' id='word_1_149' title='bbox 2495 2432 2666 2496; x_wconf 88' lang='lat' dir='ltr'>curis</span> <span class='ocrx_word' id='word_1_150' title='bbox 2717 2433 2958 2517; x_wconf 87' lang='lat' dir='ltr'>quippe</span> 
     </span>
     <span class='ocr_line' id='line_1_20' title="bbox 568 2536 2958 2624; baseline -0.001 -20"><span class='ocrx_word' id='word_1_151' title='bbox 568 2560 843 2605; x_wconf 83' lang='lat' dir='ltr'>vacuum</span> <span class='ocrx_word' id='word_1_152' title='bbox 870 2590 886 2615; x_wconf 93' lang='lat'><em>,</em></span> <span class='ocrx_word' id='word_1_153' title='bbox 960 2557 1155 2621; x_wconf 76' lang='lat' dir='ltr'>aeque</span> <span class='ocrx_word' id='word_1_154' title='bbox 1216 2536 1468 2601; x_wconf 85' lang='lat' dir='ltr'>felicem</span> <span class='ocrx_word' id='word_1_155' title='bbox 1530 2558 1664 2603; x_wconf 87' lang='lat' dir='ltr'>esse</span> <span class='ocrx_word' id='word_1_156' title='bbox 1721 2542 1910 2623; x_wconf 86' lang='lat' dir='ltr'>atque</span> <span class='ocrx_word' id='word_1_157' title='bbox 1973 2537 2320 2604; x_wconf 91' lang='lat' dir='ltr'>liberorum</span> <span class='ocrx_word' id='word_1_158' title='bbox 2385 2542 2673 2624; x_wconf 83' lang='lat' dir='ltr'>patrem,</span> <span class='ocrx_word' id='word_1_159' title='bbox 2739 2548 2958 2604; x_wconf 86' lang='lat' dir='ltr'>contra</span> 
     </span>
     <span class='ocr_line' id='line_1_21' title="bbox 568 2644 2266 2731; baseline -0.001 -20"><span class='ocrx_word' id='word_1_160' title='bbox 568 2664 759 2731; x_wconf 88' lang='lat' dir='ltr'>quam</span> <span class='ocrx_word' id='word_1_161' title='bbox 808 2649 1097 2730; x_wconf 87' lang='lat' dir='ltr'>expectes</span> <span class='ocrx_word' id='word_1_162' title='bbox 1142 2645 1537 2728; x_wconf 89' lang='lat' dir='ltr'>poematium</span> <span class='ocrx_word' id='word_1_163' title='bbox 1587 2644 1833 2709; x_wconf 84' lang='lat' dir='ltr'>claudit</span> <span class='ocrx_word' id='word_1_164' title='bbox 1875 2644 1993 2709; x_wconf 91' lang='lat' dir='ltr'>hoc</span> <span class='ocrx_word' id='word_1_165' title='bbox 2041 2666 2266 2711; x_wconf 83' lang='lat' dir='ltr'>versu:</span> 
     </span>
    </p>

    <p class='ocr_par' dir='ltr' id='par_1_7' title="bbox 564 2696 3049 3049">
     <span class='ocr_line' id='line_1_22' title="bbox 988 2696 3049 2837; baseline 0.001 -23"><span class='ocrx_word' id='word_1_166' title='bbox 988 2750 1203 2815; x_wconf 74' lang='grc' dir='ltr'><em>’Ένθεν</em></span> <span class='ocrx_word' id='word_1_167' title='bbox 1252 2748 1462 2828; x_wconf 67' lang='grc' dir='ltr'><strong><em>θάρσος</em></strong></span> <span class='ocrx_word' id='word_1_168' title='bbox 1513 2748 1855 2837; x_wconf 59' lang='grc' dir='ltr'><strong><em>ἔχωνζῶε,</em></strong></span> <span class='ocrx_word' id='word_1_169' title='bbox 1905 2751 2210 2831; x_wconf 80' lang='grc' dir='ltr'><strong><em>Φύτευε</em></strong></span> <span class='ocrx_word' id='word_1_170' title='bbox 2260 2750 2522 2828; x_wconf 73' lang='grc' dir='ltr'><strong><em>γένος.</em></strong></span> <span class='ocrx_word' id='word_1_171' title='bbox 3048 2696 3049 2784; x_wconf 50' lang='lat' dir='ltr'>l</span> 
     </span>
     <span class='ocr_line' id='line_1_23' title="bbox 567 2855 2949 2945; baseline -0.001 -22"><span class='ocrx_word' id='word_1_172' title='bbox 567 2856 827 2945; x_wconf 86' lang='lat' dir='ltr'>Optimo</span> <span class='ocrx_word' id='word_1_173' title='bbox 886 2858 1053 2921; x_wconf 89' lang='lat' dir='ltr'>enim</span> <span class='ocrx_word' id='word_1_174' title='bbox 1120 2858 1259 2921; x_wconf 88' lang='lat' dir='ltr'>iure</span> <span class='ocrx_word' id='word_1_175' title='bbox 1320 2858 1685 2941; x_wconf 84' lang='lat' dir='ltr'>praemissis</span> <span class='ocrx_word' id='word_1_176' title='bbox 1745 2855 1878 2921; x_wconf 87' lang='lat' dir='ltr'>illis</span> <span class='ocrx_word' id='word_1_177' title='bbox 1943 2864 2232 2943; x_wconf 87' lang='lat' dir='ltr'>expectes</span> <span class='ocrx_word' id='word_1_178' title='bbox 2292 2857 2455 2923; x_wconf 87' lang='lat' dir='ltr'>hanc</span> <span class='ocrx_word' id='word_1_179' title='bbox 2521 2858 2949 2923; x_wconf 81' lang='lat' dir='ltr'>sententiam:</span> 
     </span>
     <span class='ocr_line' id='line_1_24' title="bbox 564 2962 2074 3049; baseline -0.001 -20"><span class='ocrx_word' id='word_1_180' title='bbox 564 2966 888 3049; x_wconf 75' lang='lat' dir='ltr'>Propterea</span> <span class='ocrx_word' id='word_1_181' title='bbox 932 2984 1173 3028; x_wconf 71' lang='lat' dir='ltr'>securus</span> <span class='ocrx_word' id='word_1_182' title='bbox 1220 2962 1350 3025; x_wconf 77' lang='lat' dir='ltr'>vive</span> <span class='ocrx_word' id='word_1_183' title='bbox 1367 3008 1383 3038; x_wconf 90' lang='lat'><strong>‚</strong></span> <span class='ocrx_word' id='word_1_184' title='bbox 1419 2962 1667 3047; x_wconf 73' lang='lat' dir='ltr'>faciens</span> <span class='ocrx_word' id='word_1_185' title='bbox 1711 2963 1872 3047; x_wconf 78' lang='lat' dir='ltr'>qnod</span> <span class='ocrx_word' id='word_1_186' title='bbox 1914 2962 2074 3027; x_wconf 72' lang='lat' dir='ltr'>libet.</span> 
     </span>
    </p>

    <p class='ocr_par' dir='ltr' id='par_1_8' title="bbox 564 3066 3045 3583">
     <span class='ocr_line' id='line_1_25' title="bbox 976 3066 2537 3151; baseline 0 -18"><span class='ocrx_word' id='word_1_187' title='bbox 976 3069 1195 3134; x_wconf 77' lang='grc' dir='ltr'><em>’Ἔνθεν</em></span> <span class='ocrx_word' id='word_1_188' title='bbox 1233 3067 1445 3147; x_wconf 66' lang='grc' dir='ltr'><strong><em>θάρσος</em></strong></span> <span class='ocrx_word' id='word_1_189' title='bbox 1495 3066 1657 3151; x_wconf 78' lang='grc' dir='ltr'><strong><em>ἔχων</em></strong></span> <span class='ocrx_word' id='word_1_190' title='bbox 1703 3068 1843 3151; x_wconf 83' lang='grc' dir='ltr'><em>ζῶε,</em></span> <span class='ocrx_word' id='word_1_191' title='bbox 1896 3068 2141 3150; x_wconf 80' lang='grc' dir='ltr'><strong><em>Φύσει</em></strong></span> <span class='ocrx_word' id='word_1_192' title='bbox 2189 3092 2274 3133; x_wconf 84' lang='grc' dir='ltr'>τε</span> <span class='ocrx_word' id='word_1_193' title='bbox 2321 3068 2537 3149; x_wconf 80' lang='grc' dir='ltr'><strong><em>χρέο.</em></strong></span> 
     </span>
     <span class='ocr_line' id='line_1_26' title="bbox 564 3174 2952 3260; baseline -0.001 -17"><span class='ocrx_word' id='word_1_194' title='bbox 564 3180 607 3243; x_wconf 84' lang='lat' dir='ltr'>i.</span> <span class='ocrx_word' id='word_1_195' title='bbox 658 3199 711 3243; x_wconf 88' lang='lat' dir='ltr'>e.</span> <span class='ocrx_word' id='word_1_196' title='bbox 783 3184 841 3241; x_wconf 77' lang='lat' dir='ltr'>et</span> <span class='ocrx_word' id='word_1_197' title='bbox 892 3176 1067 3257; x_wconf 72' lang='lat' dir='ltr'>yenio</span> <span class='ocrx_word' id='word_1_198' title='bbox 1112 3174 1375 3256; x_wconf 69' lang='lat' dir='ltr'>iudulqe.</span> <span class='ocrx_word' id='word_1_199' title='bbox 1440 3174 1648 3240; x_wconf 89' lang='lat' dir='ltr'>Notus</span> <span class='ocrx_word' id='word_1_200' title='bbox 1695 3182 1791 3240; x_wconf 89' lang='lat' dir='ltr'>est</span> <span class='ocrx_word' id='word_1_201' title='bbox 1837 3176 2133 3240; x_wconf 89' lang='lat' dir='ltr'>omnibus</span> <span class='ocrx_word' id='word_1_202' title='bbox 2182 3190 2400 3242; x_wconf 81' lang='lat' dir='ltr'>versus</span> <span class='ocrx_word' id='word_1_203' title='bbox 2445 3174 2952 3260; x_wconf 82' lang='lat' dir='ltr'>Aristophaneus</span> 
     </span>
     <span class='ocr_line' id='line_1_27' title="bbox 564 3278 3045 3370; baseline -0 -22"><span class='ocrx_word' id='word_1_204' title='bbox 564 3290 723 3364; x_wconf 84' lang='grc' dir='ltr'>χρῶ</span> <span class='ocrx_word' id='word_1_205' title='bbox 774 3292 863 3365; x_wconf 72' lang='grc' dir='ltr'>τῇ</span> <span class='ocrx_word' id='word_1_206' title='bbox 912 3283 1197 3365; x_wconf 82' lang='grc' dir='ltr'><strong><em>Φύσει,</em></strong></span> <span class='ocrx_word' id='word_1_207' title='bbox 1251 3280 1504 3365; x_wconf 82' lang='grc' dir='ltr'><strong><em>σκίρτα,</em></strong></span> <span class='ocrx_word' id='word_1_208' title='bbox 1566 3280 1774 3359; x_wconf 69' lang='grc' dir='ltr'><strong><em>γέλα,</em></strong></span> <span class='ocrx_word' id='word_1_209' title='bbox 1826 3278 2029 3360; x_wconf 81' lang='grc' dir='ltr'><em>νόμιζε</em></span> <span class='ocrx_word' id='word_1_210' title='bbox 2081 3280 2266 3359; x_wconf 70' lang='grc' dir='ltr'><em>μηδὲν</em></span> <span class='ocrx_word' id='word_1_211' title='bbox 2315 3280 2599 3363; x_wconf 72' lang='grc' dir='ltr'><strong><em>αἰσχρόν.</em></strong></span> <span class='ocrx_word' id='word_1_212' title='bbox 2663 3280 2952 3347; x_wconf 77' lang='lat' dir='ltr'>Ultimae</span> <span class='ocrx_word' id='word_1_213' title='bbox 3044 3334 3045 3370; x_wconf 29' lang='grc' dir='ltr'><strong>ἱ</strong></span> 
     </span>
     <span class='ocr_line' id='line_1_28' title="bbox 566 3384 2954 3477; baseline -0.001 -22"><span class='ocrx_word' id='word_1_214' title='bbox 566 3391 1048 3477; x_wconf 80' lang='lat' dir='ltr'>epigrammatis</span> <span class='ocrx_word' id='word_1_215' title='bbox 1092 3386 1345 3451; x_wconf 89' lang='lat' dir='ltr'>litterae</span> <span class='ocrx_word' id='word_1_216' title='bbox 1389 3387 1626 3472; x_wconf 87' lang='lat' dir='ltr'>partim</span> <span class='ocrx_word' id='word_1_217' title='bbox 1667 3387 1971 3453; x_wconf 83' lang='lat' dir='ltr'>evanidas</span> <span class='ocrx_word' id='word_1_218' title='bbox 2018 3406 2057 3453; x_wconf 87' lang='lat' dir='ltr'>a</span> <span class='ocrx_word' id='word_1_219' title='bbox 2095 3384 2374 3453; x_wconf 88' lang='lat' dir='ltr'>librariis</span> <span class='ocrx_word' id='word_1_220' title='bbox 2415 3408 2492 3453; x_wconf 84' lang='lat' dir='ltr'>ex</span> <span class='ocrx_word' id='word_1_221' title='bbox 2517 3391 2786 3476; x_wconf 82' lang='lat' dir='ltr'>ingenio</span> <span class='ocrx_word' id='word_1_222' title='bbox 2810 3410 2954 3474; x_wconf 84' lang='lat' dir='ltr'>sup·</span> 
     </span>
     <span class='ocr_line' id='line_1_29' title="bbox 566 3492 1319 3583; baseline -0.008 -20"><span class='ocrx_word' id='word_1_223' title='bbox 566 3497 775 3583; x_wconf 89' lang='lat' dir='ltr'>pletae</span> <span class='ocrx_word' id='word_1_224' title='bbox 822 3514 956 3560; x_wconf 88' lang='lat' dir='ltr'>esse</span> <span class='ocrx_word' id='word_1_225' title='bbox 1000 3492 1319 3559; x_wconf 83' lang='lat' dir='ltr'>videntur.</span> 
     </span>
    </p>
   </div>
   <div class='ocr_carea' id='block_1_5' title="bbox 560 3810 2940 4436">
    <p class='ocr_par' dir='ltr' id='par_1_9' title="bbox 560 3810 2940 4436">
     <span class='ocr_line' id='line_1_30' title="bbox 837 3810 2532 3897; baseline 0.002 -19"><span class='ocrx_word' id='word_1_226' title='bbox 837 3812 1157 3880; x_wconf 75' lang='grc' dir='ltr'><strong><em>Οὐτιδανοὶ</em></strong></span> <span class='ocrx_word' id='word_1_227' title='bbox 1205 3811 1507 3894; x_wconf 76' lang='grc' dir='ltr'>μερόπων,</span> <span class='ocrx_word' id='word_1_228' title='bbox 1556 3814 1610 3879; x_wconf 75' lang='grc' dir='ltr'>εἷ</span> <span class='ocrx_word' id='word_1_229' title='bbox 1659 3812 1763 3878; x_wconf 72' lang='grc' dir='ltr'>καὶ</span> <span class='ocrx_word' id='word_1_230' title='bbox 1811 3812 1991 3892; x_wconf 73' lang='grc' dir='ltr'>μέγα</span> <span class='ocrx_word' id='word_1_231' title='bbox 2037 3810 2282 3897; x_wconf 76' lang='grc' dir='ltr'>ῥέζομεν</span> <span class='ocrx_word' id='word_1_232' title='bbox 2335 3810 2532 3896; x_wconf 74' lang='grc' dir='ltr'><strong><em>ἔργον,</em></strong></span> 
     </span>
     <span class='ocr_line' id='line_1_31' title="bbox 924 3919 2262 4002; baseline 0.002 -19"><span class='ocrx_word' id='word_1_233' title='bbox 924 3919 1149 3991; x_wconf 79' lang='grc' dir='ltr'><strong><em>οὔτινος</em></strong></span> <span class='ocrx_word' id='word_1_234' title='bbox 1198 3922 1283 3992; x_wconf 78' lang='grc' dir='ltr'>εἰς</span> <span class='ocrx_word' id='word_1_235' title='bbox 1333 3920 1579 3999; x_wconf 73' lang='grc' dir='ltr'><em>μνήμην</em></span> <span class='ocrx_word' id='word_1_236' title='bbox 1632 3919 1798 4000; x_wconf 70' lang='grc' dir='ltr'><strong><em>δηρὸν</em></strong></span> <span class='ocrx_word' id='word_1_237' title='bbox 1847 3919 2262 4002; x_wconf 75' lang='grc' dir='ltr'>ἐπερχόμεθα·</span> 
     </span>
     <span class='ocr_line' id='line_1_32' title="bbox 836 4025 2594 4109; baseline 0.002 -19"><span class='ocrx_word' id='word_1_238' title='bbox 836 4026 885 4091; x_wconf 82' lang='grc' dir='ltr'>οί</span> <span class='ocrx_word' id='word_1_239' title='bbox 934 4027 989 4092; x_wconf 77' lang='grc' dir='ltr'>δ’</span> <span class='ocrx_word' id='word_1_240' title='bbox 1034 4025 1301 4105; x_wconf 69' lang='grc' dir='ltr'><strong><em>ὦγαθοί,</em></strong></span> <span class='ocrx_word' id='word_1_241' title='bbox 1353 4026 1460 4102; x_wconf 78' lang='grc' dir='ltr'>κῆν</span> <span class='ocrx_word' id='word_1_242' title='bbox 1508 4026 1720 4109; x_wconf 71' lang='grc' dir='ltr'><em>μηδὲν,</em></span> <span class='ocrx_word' id='word_1_243' title='bbox 1767 4026 2194 4093; x_wconf 69' lang='grc' dir='ltr'><strong><em>ἀναπνεύσωσι</em></strong></span> <span class='ocrx_word' id='word_1_244' title='bbox 2245 4028 2305 4092; x_wconf 76' lang='grc' dir='ltr'>δὲ</span> <span class='ocrx_word' id='word_1_245' title='bbox 2354 4032 2594 4108; x_wconf 81' lang='grc' dir='ltr'>μοῦνον,</span> 
     </span>
     <span class='ocr_line' id='line_1_33' title="bbox 923 4128 2620 4213; baseline 0 -15"><span class='ocrx_word' id='word_1_246' title='bbox 923 4136 1001 4203; x_wconf 78' lang='grc' dir='ltr'>ὡς</span> <span class='ocrx_word' id='word_1_247' title='bbox 1049 4134 1255 4211; x_wconf 81' lang='grc' dir='ltr'><strong><em>Λιβὺς</em></strong></span> <span class='ocrx_word' id='word_1_248' title='bbox 1298 4128 1466 4197; x_wconf 80' lang='grc' dir='ltr'><strong><em>εἶπεν</em></strong></span> <span class='ocrx_word' id='word_1_249' title='bbox 1512 4134 1688 4213; x_wconf 69' lang='grc' dir='ltr'><strong><em>ἀνήρ,</em></strong></span> <span class='ocrx_word' id='word_1_250' title='bbox 1734 4132 1906 4197; x_wconf 79' lang='grc' dir='ltr'><strong><em>τοῦτ’</em></strong></span> <span class='ocrx_word' id='word_1_251' title='bbox 1957 4134 2378 4212; x_wconf 64' lang='grc' dir='ltr'>ἀδάμαντι</span> <span class='ocrx_word' id='word_1_252' title='bbox 2425 4136 2620 4213; x_wconf 83' lang='grc' dir='ltr'><strong><em>μένει.</em></strong></span> 
     </span>
     <span class='ocr_line' id='line_1_34' title="bbox 560 4237 2938 4308; baseline -0.002 0"><span class='ocrx_word' id='word_1_253' title='bbox 560 4242 631 4308; x_wconf 84' lang='lat' dir='ltr'>Si</span> <span class='ocrx_word' id='word_1_254' title='bbox 694 4242 881 4307; x_wconf 86' lang='lat' dir='ltr'>hodie</span> <span class='ocrx_word' id='word_1_255' title='bbox 940 4238 1101 4304; x_wconf 89' lang='lat' dir='ltr'>illud</span> <span class='ocrx_word' id='word_1_256' title='bbox 1172 4242 1308 4303; x_wconf 85' lang='lat' dir='ltr'>sive</span> <span class='ocrx_word' id='word_1_257' title='bbox 1370 4237 1755 4305; x_wconf 87' lang='lat' dir='ltr'>Callimachi</span> <span class='ocrx_word' id='word_1_258' title='bbox 1817 4240 1951 4307; x_wconf 79' lang='lat' dir='ltr'>sive</span> <span class='ocrx_word' id='word_1_259' title='bbox 2007 4240 2444 4307; x_wconf 79' lang='lat' dir='ltr'>Eratosthenis</span> <span class='ocrx_word' id='word_1_260' title='bbox 2491 4240 2747 4307; x_wconf 86' lang='lat' dir='ltr'>dictum</span> <span class='ocrx_word' id='word_1_261' title='bbox 2795 4240 2938 4307; x_wconf 82' lang='lat' dir='ltr'>alibi</span> 
     </span>
     <span class='ocr_line' id='line_1_35' title="bbox 560 4344 2940 4436; baseline -0.003 -17"><span class='ocrx_word' id='word_1_262' title='bbox 560 4356 868 4427; x_wconf 82' lang='lat' dir='ltr'>exstaret,</span> <span class='ocrx_word' id='word_1_263' title='bbox 934 4348 1037 4410; x_wconf 88' lang='lat' dir='ltr'>vix</span> <span class='ocrx_word' id='word_1_264' title='bbox 1102 4344 1324 4410; x_wconf 86' lang='lat' dir='ltr'>dubito</span> <span class='ocrx_word' id='word_1_265' title='bbox 1386 4348 1538 4429; x_wconf 90' lang='lat' dir='ltr'>quin</span> <span class='ocrx_word' id='word_1_266' title='bbox 1591 4346 1728 4411; x_wconf 89' lang='lat' dir='ltr'>eius</span> <span class='ocrx_word' id='word_1_267' title='bbox 1775 4366 1892 4431; x_wconf 90' lang='lat' dir='ltr'>ope</span> <span class='ocrx_word' id='word_1_268' title='bbox 1939 4347 2045 4411; x_wconf 88' lang='lat' dir='ltr'>hic</span> <span class='ocrx_word' id='word_1_269' title='bbox 2093 4347 2423 4413; x_wconf 86' lang='lat' dir='ltr'>restituere</span> <span class='ocrx_word' id='word_1_270' title='bbox 2469 4345 2738 4427; x_wconf 86' lang='lat' dir='ltr'>liceret,</span> <span class='ocrx_word' id='word_1_271' title='bbox 2787 4348 2940 4436; x_wconf 84' lang='lat' dir='ltr'>quod</span> 
     </span>
    </p>
   </div>
   <div class='ocr_carea' id='block_1_6' title="bbox 3035 3812 3042 4453">
    <p class='ocr_par' dir='ltr' id='par_1_10' title="bbox 3035 3812 3042 4453">
     <span class='ocr_line' id='line_1_36' title="bbox 3035 3812 3042 4453; baseline 0 0"><span class='ocrx_word' id='word_1_272' title='bbox 3035 3812 3042 4453; x_wconf 95' lang='lat' dir='ltr'> </span> 
     </span>
    </p>
   </div>
  </div>
 </body>
</html>
