3150 5000
1270 257 1739 310 mustumve.
2567 229 2701 300 243

411 424 474 492 4.
527 426 588 490 1.
654 424 874 504 „Haec
919 424 1196 492 sollicite
1243 431 1729 513 perpensantem
1775 423 2029 492 hostilis
2074 422 2446 512 adgreditur
2488 419 2709 488 multi-

313 535 474 600 tudo
521 581 536 598 .
567 581 586 598 .
612 582 626 597 .
674 533 818 599 ideo
866 531 1246 600 confidentes
1295 533 1462 618 quod
1511 535 1571 599 ei
1616 553 1733 600 nec
1770 533 2077 598 scutarios
2118 529 2333 598 adesse
2370 527 2707 614 proden-

313 640 546 706 tibus
589 639 878 727 perfugis
923 638 1343 706 didicerant.”
2051 627 2057 637 ⁶

406 745 463 810 P
482 767 514 811 r
529 766 566 812 o
584 745 626 812 d
640 766 675 811 e
692 769 734 810 n
750 747 874 812 tib
892 767 935 810 ιι
954 767 986 812 s
1045 745 1290 833 legitur
1353 767 1430 814 ex
1491 748 1853 812 coniectura
1898 741 2151 811 Gelenii
2171 791 2188 822 ‚
2235 742 2345 828 qui
2391 762 2549 806 num
2596 761 2705 806 ue-

310 873 460 918 rum
509 854 824 920 inuenerit
869 851 1115 918 dubito.
1161 851 1398 918 Malim
1445 851 1743 938 equidem
1790 873 1833 938 p
1849 873 1883 917 r
1896 871 1935 918 a
1951 872 1986 917 e
2004 871 2073 916 m
2088 871 2127 916 ο
2142 873 2186 916 n
2203 870 2238 915 e
2252 871 2295 914 n
2312 849 2380 914 ti
2398 849 2437 914 b
2455 870 2498 913 ιι
2514 868 2564 912 s.

405 957 482 1023 In
529 956 668 1024 Vat.
720 967 818 1024 est
863 958 1126 1040 etpde
1172 960 1626 1026 montibus.

377 1203 472 1264 ·4.
525 1199 588 1266 5.
660 1199 940 1278 „Verum
1009 1201 1132 1268 hoc
1193 1221 1442 1288 quoque
1505 1201 1845 1289 diligentia
1906 1205 2128 1268 curato
2190 1195 2495 1285 peruigili
2516 1247 2533 1282 ,
2582 1218 2621 1263 a
2637 1197 2706 1263 d-

309 1307 402 1372 fu
419 1328 450 1372 s
467 1326 506 1373 a
561 1305 824 1373 laetiore
885 1329 996 1394 spe
1055 1328 1500 1394 prosperorum
1520 1355 1536 1388 ‚
1604 1308 1857 1374 sublato
1920 1309 2137 1374 animo
2184 1305 2265 1372 ad
2310 1304 2707 1390 exsequenda

311 1412 689 1499 plurima
735 1413 1222 1502 consurgebat.”

407 1517 552 1585 Non
611 1517 744 1585 fero
805 1520 1144 1597 „adfusa
1203 1520 1381 1607 spe.’'
1456 1521 1613 1607 Spes
1677 1541 1803 1588 non
1865 1520 2235 1597 affunditur,
2284 1518 2392 1584 sed
2441 1516 2705 1604 affulget

313 1623 532 1691 alicui.
605 1625 904 1712 Suspicor
947 1629 1150 1714 igitur
1193 1627 1566 1706 adfulsa‚
1615 1627 1782 1713 quod
1830 1637 2045 1692 tamen
2093 1628 2438 1692 Ammiano
2484 1625 2708 1691 obtru-

309 1732 462 1797 dere
521 1735 792 1798 minime
839 1733 1135 1799 auderem
1159 1780 1176 1812 ‚
1221 1734 1346 1799 nisi
1395 1735 1548 1800 haec
1594 1733 1961 1821 legerentur
2006 1733 2175 1818 apud
2224 1731 2465 1797 Iulium
2513 1729 2707 1796 Obse-

310 1845 616 1922 quentem
663 1860 716 1904 c.
765 1837 852 1904 29
899 1842 1082 1904 init.:
1135 1861 1288 1925 „per
1334 1861 1464 1917 eos,
1487 1841 1622 1906 dies
1668 1839 1825 1906 caeli
1866 1837 2143 1904 ardentis
2183 1835 2422 1922 species
2455 1835 2707 1903 afful-

309 1943 520 2010 sae.”
567 1983 656 1994 -
703 1943 1140 2012 confidentius
1185 1967 1298 2032 pro
1345 1946 1719 2033 plurima
1764 1945 2138 2012 commendo
2184 1929 2589 2030 proxima.

412 2186 474 2252 5.
526 2187 585 2253 1.
661 2188 999 2265 „Primum
1067 2191 1273 2278 igitur
1332 2189 1631 2275 factuque
1696 2189 1953 2256 difficile
2017 2189 2506 2274 temperantiam
2566 2191 2707 2274 ipse

317 2294 447 2360 sibi
490 2294 726 2361 indixit
771 2297 963 2380 atque
1009 2295 1341 2362 retinuit.'’

405 2398 614 2466 Immo
663 2399 1006 2485 „factuque
1054 2402 1260 2480 <id>
1309 2401 1610 2468 difficile”
1626 2423 1645 2482 3
1696 2402 1805 2469 uel
1857 2401 2069 2480 „factu
2120 2402 2288 2487 quod
2334 2399 2661 2468 difficile.”

407 2634 468 2699 5.
535 2633 596 2702 3.
676 2634 1004 2721 „Denique
1072 2658 1220 2703 cum
1280 2636 1523 2725 legeret
1575 2636 1876 2703 libellum
1939 2637 2202 2704 adsidue
2219 2686 2239 2722 ,
2305 2657 2496 2725 quem
2546 2634 2709 2704 Gon-

302 2743 585 2807 stantius
643 2750 716 2807 ut
776 2742 1150 2830 priuignum
1216 2743 1294 2808 ad
1343 2744 1556 2808 studia
1605 2743 1869 2807 mittens
1915 2764 2115 2809 manu
2162 2764 2279 2809 sua
2325 2746 2707 2829 conscripse·

303 2855 448 2933 rat,
494 2849 1068 2934 praelicenter
1115 2849 1452 2934 disponens
1500 2850 1652 2935 quid
1701 2852 1767 2913 in
1816 2850 2219 2915 conuiuio
2272 2846 2558 2915 Caesaris
2583 2852 2709 2913 im-

303 2954 500 3041 pendi
561 2955 850 3021 deberet:
914 2955 1227 3020 fasianam
1293 2964 1356 3021 et
1419 2955 1689 3021 uuluam
1754 2960 1819 3020 et
1885 2974 2112 3021 sumen
2160 2955 2333 3043 exigi
2383 2954 2595 3021 uetuit
2640 2960 2707 3020 et

305 3059 600 3127 inferri.'’

403 3165 528 3232 Pro
585 3165 1170 3251 praelicenter
1229 3170 1444 3253 inepte
1506 3167 1680 3234 edito
1730 3168 1980 3253 requiro
2028 3166 2707 3255 perdiligenter,

304 3292 436 3357 quo
508 3271 654 3337 adu.
716 3269 936 3338 Cicero
997 3293 1150 3337 usus
1220 3281 1316 3340 est
1375 3276 1444 3338 in
1504 3272 1734 3357 Bruto,
1784 3294 1837 3338 c.
1888 3272 1993 3339 14.
2047 3310 2127 3321 —
2178 3271 2553 3338 Latinitatis
2598 3272 2704 3339 lex

303 3377 592 3465 postulat
637 3384 712 3443 ut
760 3379 1074 3443 scribatur
1122 3384 1231 3458 „in
1277 3378 1749 3449 conuiuia.”

406 3611 466 3677 5.
515 3610 578 3679 8.
649 3614 995 3699 Postquam
1083 3617 1238 3681 satis
1299 3616 1550 3699 copiose
1596 3618 1891 3701 exposuit
1910 3662 1927 3693 ‚
1974 3614 2291 3701 quomodo
2338 3621 2555 3681 noctes
2599 3614 2705 3682 Iu-

303 3720 520 3787 lianus
591 3720 670 3786 ad
731 3718 934 3787 officia
995 3720 1314 3787 diuideret
1376 3723 1699 3805 tripertita
1765 3722 2002 3809 quietis
2050 3728 2115 3787 st
2162 3720 2455 3806 publicae
2500 3724 2592 3787 rei
2641 3725 2708 3787 et

300 3844 638 3893 musarum
655 3874 674 3911 ,
720 3825 824 3891 his
873 3826 1084 3893 uerbis
1129 3826 1558 3893 narrationem
1610 3826 1853 3893 claudit
1903 3834 2009 3904 „et
2056 3827 2211 3893 haec
2260 3826 2523 3912 quidem
2568 3848 2611 3912 p
2628 3848 2705 3893 u·
2828 3910 2833 3917 Ι

303 3928 528 3997 dicit
544 3934 568 3997 i
585 3953 622 3996 a
637 3952 672 3996 e
717 3934 1164 4017 uirtutumque
1213 3939 1362 3997 sunt
1409 3935 1596 4020 signa
1642 3932 2020 3999 nocturna.”

398 4036 525 4105 Hic
584 4060 626 4124 p
649 4037 1069 4104 udicitiae
1131 4038 1553 4124 deprauatum
1621 4038 1879 4105 uidetur
1925 4038 2133 4103 exin
2153 4037 2569 4105 dustriae.
2620 4076 2702 4088 -

301 4142 665 4211 Pudicitiae
710 4143 1162 4209 documentum
1211 4147 1280 4209 in
1325 4145 1847 4228 praecedentibus
1893 4143 2149 4210 nullum
2200 4151 2608 4211 memoratur.

405 4363 465 4429 5.
523 4362 628 4431 1¹7.
679 4362 930 4448 „thus
975 4363 1214 4429 bestiae
1264 4362 1603 4429 custodum
1652 4320 2063 4450 neglegentia
2107 4368 2293 4448 raptu
2342 4364 2559 4429 uiuere
2606 4382 2700 4429 so·
