3150 5000
1198 276 1522 336 nonanus.
2224 282 2227 287 ·
2423 252 2553 323 409

206 465 428 509 cascum
471 446 728 530 quidem
751 493 769 523 ,
808 444 916 511 sed
959 452 1174 511 tamen
1214 448 1337 509 nisi
1377 446 1879 510 caecutientibus
1902 443 2087 529 plane
2110 446 2549 531 perspicuum,

200 552 256 613 in
310 571 516 617 omnes
574 550 703 617 fere
764 572 924 637 quae
979 551 1324 638 excogitari
1374 556 1635 635 possunt
1686 548 2178 638 significationes
2226 549 2553 635 detorque-

199 662 318 734 tur3
377 662 440 721 et
497 657 646 723 hinc
699 660 938 743 optime
986 654 1142 722 disci
1192 661 1400 741 potest
1449 656 1665 742 qualia
1708 658 1953 742 perpeti
2000 656 2293 721 debuerit
2339 660 2553 724 textus

195 763 524 828 carminum
587 763 1072 829 Homericorum
1095 811 1111 840 ,
1176 784 1325 830 cum
1373 769 1751 829 tractaretur
1798 769 1862 828 et
1906 765 2330 850 corrigeretur
2376 763 2553 830 scili-

193 873 278 933 cet
327 871 402 935 ab
447 871 812 936 hominibus
859 891 1016 955 quus
1061 890 1286 935 sanum
1336 870 1653 935 iudicium
1702 869 2175 954 dereliquisset,
2222 872 2316 935 ita
2362 875 2437 935 ut
2482 872 2555 935 in

192 973 418 1041 deliciis
477 977 780 1041 haberent
836 976 1114 1042 ludicros
1172 975 1576 1042 soloecismos
1593 1024 1610 1053 ,
1674 983 1739 1043 et
1796 978 2010 1061 turpia
2068 978 2227 1042 vitia
2276 976 2553 1043 admira-

189 1088 388 1147 rentur
443 1080 648 1148 veluti
705 1082 1000 1148 dictionis
1069 1083 1350 1168 poeticae
1401 1082 1640 1148 indicia
1688 1088 1877 1168 atque
1906 1088 2309 1148 ornamenta.
2381 1080 2553 1151 Illud

189 1186 373 1273 igitur
415 1191 840 1274 possessivum
891 1188 1056 1275 apud
1093 1195 1338 1254 veteres
1368 1190 1581 1273 epicos
1622 1208 1745 1255 non
1781 1191 1907 1254 nisi
1931 1208 2058 1255 uno
2081 1188 2219 1255 loco
2243 1192 2547 1269 occurrit,

187 1314 394 1379 nempe
440 1296 509 1359 in
551 1295 686 1381 ipso
733 1293 954 1360 Iliadis
999 1295 1267 1361 introitu
1315 1305 1371 1360 A
1420 1291 1592 1359 216:

595 1402 718 1482 χρὴ
763 1402 876 1478 μὲν
922 1400 1256 1483 cepo-lupar
1300 1426 1409 1486 ys,
1469 1400 1613 1479 osai,
1664 1401 1835 1474 νέω-ος
1882 1400 2275 1483 εἰρύσασθωι,

187 1506 280 1573 sed
323 1507 683 1595 significare
726 1508 794 1573 id
841 1514 1093 1573 vestrum
1141 1509 1436 1571 amborum
1474 1529 1622 1574 cum
1666 1530 1699 1574 e
1739 1509 1945 1575 forma
1984 1515 2126 1575 tum
2152 1530 2227 1575 ex
2256 1514 2556 1575 contextu

189 1613 337 1679 claro
383 1619 682 1700 apparet,
728 1617 822 1679 ita
868 1622 943 1679 ut
990 1620 1176 1700 putes
1221 1611 1358 1679 fieri
1402 1634 1526 1679 non
1559 1635 1739 1700 posse
1779 1621 1853 1681 ut
1891 1615 1969 1681 de
1998 1636 2142 1681 vera
2164 1616 2359 1681 huius
2385 1614 2559 1681 vocis

70 1800 72 1815 i
185 1724 481 1803 potestate
529 1720 898 1808 ambigatur
914 1741 930 1798 ;
983 1741 1183 1804 neque
1231 1740 1304 1785 ea
1335 1720 1529 1785 latuit
1565 1721 2023 1787 Antimachum
2052 1718 2558 1808 Colophonium,

70 1838 72 1843 ’
185 1823 455 1892 Platonis
481 1824 810 1910 aequalem
837 1826 942 1911 (cf.
962 1825 1172 1911 Apoll.
1200 1825 1278 1891 de
1299 1847 1474 1911 pron.
1500 1848 1561 1912 p.
1586 1824 1709 1891 401
1727 1830 1803 1911 c).
1830 1826 1972 1893 Iam
2001 1828 2146 1893 vide
2170 1827 2323 1913 quid
2351 1826 2559 1915 desig-

184 1935 416 1997 naverit
439 1930 818 2017 Apollonius
842 1931 1131 1998 Rhodius
1151 1980 1167 2009 ,
1210 1934 1392 1998 cuius
1431 1954 1614 1998 aures
1646 1936 1810 2000 mire
1834 1933 2130 2000 mulsisse
2154 1934 2411 2000 videtur
2431 1955 2558 2002 vox

70 2090 72 2093 >
181 2036 280 2104 illa
317 2042 583 2124 antiqua
627 2044 690 2103 et
735 2040 1091 2117 rarissima.;
1143 2038 1386 2105 scilicet
1430 2038 1692 2125 plenum
1740 2046 1931 2125 atque
1966 2040 2312 2108 rotundum
2338 2046 2552 2117 sonat,

183 2144 620 2232 sesquipedalis
665 2150 762 2211 est
809 2151 873 2211 et
918 2150 1122 2210 metro
1170 2144 1486 2232 dactylico
1534 2146 1692 2211 bene
1740 2152 1924 2231 apta,
1973 2150 2037 2211 et
2077 2165 2201 2232 quo
2228 2148 2439 2234 magis
2463 2152 2558 2213 est

181 2251 448 2318 obsoleta
495 2256 672 2317 tanto
720 2252 1027 2341 maiorem
1077 2249 1474 2336 splendorem
1522 2252 1819 2317 additura
1865 2257 1961 2317 est
2004 2255 2369 2318 recentioris
2415 2254 2558 2318 aevi

180 2357 536 2424 versiculis:
584 2378 783 2443 usque
830 2358 983 2423 adeo
1030 2360 1230 2444 igitur
1276 2378 1416 2424 eam
1467 2357 1725 2424 adamat
1756 2365 1832 2424 ut
1871 2359 2066 2425 semel
2088 2364 2404 2445 repertam
2429 2378 2555 2424 non

179 2467 364 2548 possit
403 2466 667 2530 missam
709 2464 911 2530 facere
951 2461 1061 2529 sed
1099 2484 1299 2550 usque
1337 2485 1585 2550 quaque
1620 2464 1895 2532 inculcet
1911 2485 1929 2544 ς
1973 2466 2162 2532 modo
2202 2488 2347 2530 mus
2370 2467 2556 2550 ipsius

180 2570 352 2637 debet
395 2570 678 2637 indicare
727 2569 1011 2655 (11465,
1063 2569 1230 2649 544,
1279 2569 1564 2649 111600‚
1617 2570 1784 2650 625,
1832 2569 2041 2649 1227,
2085 2570 2555 2650 1V274‚item

178 2673 483 2744 Theocrit.
534 2676 620 2742 25
640 2725 657 2754 ,
708 2676 860 2762 55),
908 2678 1097 2743 modo
1147 2689 1287 2740 tuus
1333 2677 1453 2764 (III
1505 2677 1699 2766 395),
1766 2678 1955 2745 modo
2004 2678 2080 2746 de
2126 2683 2331 2744 multis
2376 2679 2553 2744 adhi-

178 2781 352 2850 betur
399 2781 514 2870 (IV
563 2781 744 2869 454).
2216 2820 2224 2834 =

258 2891 429 2972 Quid
478 2887 701 2975 plura?
749 2889 1043 2956 videmus
1090 2893 1326 2956 sensim
1371 2897 1590 2957 natam
1642 2913 1774 2958 esse
1822 2893 2181 2978 opinionem
2204 2940 2219 2970 ‚
2260 2894 2315 2958 si
2340 2896 2555 2958 tantae

179 2997 532 3083 imperitiae
595 3017 832 3062 errores
893 2999 1204 3081 opinionis
1265 2999 1522 3063 nomine
1583 2998 1890 3085 dignandi
1952 3005 2136 3076 sunt,
2190 3001 2554 3084 opinionem

70 3183 72 3204 Ι
177 3101 338 3181 dico,
408 3105 625 3169 omnia
682 3105 1056 3188 pronomina
1117 3103 1372 3188 quidvis
1434 3103 1793 3192 significare
1838 3125 2053 3190 posse,
2102 3111 2166 3172 et
2211 3127 2556 3172 numerum

70 3215 72 3264 ¹
176 3206 455 3285 dualem,
510 3210 622 3295 qui
670 3230 747 3274 ex
793 3211 1122 3275 communi
1167 3230 1448 3276 sermone
1494 3210 1740 3276 dudum
1788 3215 2185 3295 evanuisset,
2232 3215 2300 3277 in
2339 3215 2555 3299 ipsum

175 3323 497 3398 poetarum
525 3335 712 3380 usum
739 3315 895 3380 olim
923 3315 1116 3381 fuisse
1139 3317 1474 3381 inventum
1488 3336 1506 3395 ς
1532 3317 1637 3383 his
1662 3319 1867 3406 igitur
1888 3318 2107 3397 licere,
2127 3321 2281 3404 quin
2306 3319 2556 3403 decere,

175 3421 426 3508 dualem
474 3422 550 3488 de
597 3441 722 3487 uno
761 3428 874 3487 aut
911 3421 988 3488 de
1027 3421 1320 3508 pluribus
1360 3423 1683 3489 adhibere.
1734 3423 1914 3504 Quod
1954 3424 2182 3490 multis
2206 3425 2552 3510 exemplis,

174 3529 222 3591 si
267 3549 430 3614 opus
475 3527 833 3606 videretur,
882 3527 1089 3593 adhuc
1125 3531 1379 3614 probari
1417 3536 1661 3615 posset3
1700 3551 1905 3606 nunc,
1944 3552 2023 3596 ne
2045 3533 2241 3595 nimis
2267 3531 2377 3595 diu
2402 3530 2555 3596 huie

175 3635 522 3717 quaestioni
576 3635 1034 3712 immoremur,
1080 3635 1280 3700 instar
1328 3639 1619 3701 omnium
1670 3639 1756 3701 sit
1802 3635 2179 3721 Apollonius
2225 3635 2554 3715 Rhodius,

173 3761 469 3828 perquam
519 3740 842 3828 eleganter
888 3747 962 3806 ut
1009 3741 1134 3806 sibi
1179 3741 1436 3826 quidem
1483 3741 1741 3807 videtur
1787 3741 1863 3807 de
1910 3745 2045 3807 toto
2091 3742 2325 3829 populo
2374 3763 2554 3808 usur-

174 3866 322 3930 pans
367 3849 778 3934 participium
825 3847 1278 3912 κατειλύσαντε
1327 3846 1419 3912 ΙΙΙ
1468 3845 1625 3912 206.
1673 3847 1897 3912 Dicere
1944 3851 2113 3913 enim
2167 3869 2315 3913 cum
2353 3847 2547 3914 velit:

175 3957 349 4019 morie
408 3961 494 4019 eat
560 3954 786 4017 Colchis
843 3965 1202 4018 mortuorum
1266 3969 1510 4038 corpora
1577 3954 1761 4018 coriis
1808 3954 2083 4018 involuta
2127 3977 2198 4018 ex
2244 3955 2553 4019 arboribus

175 4063 553 4145 suspendere,
600 4063 693 4124 ita
737 4060 856 4125 hoc
902 4061 1234 4144 exprimit:
1299 4061 1629 4140 Κόλχοισίν
1679 4061 1808 4125 ἐστι
1858 4061 2028 4137 θέμις

780 4166 842 4230 ἐν
888 4166 1248 4248 ἀδεψήτοισι
1298 4166 1747 4232 κατειλύσαντε
1794 4167 2033 4245 βοείαις

602 4272 878 4352 δενδρέων
925 4271 1237 4350 ἐξάπτειν.

264 4377 654 4466 Quapropter
713 4378 1071 4445 Aristarchi
1126 4400 1251 4446 non
1295 4383 1532 4467 exigua
1576 4380 1857 4465 profecto
1902 4387 1999 4445 est
2043 4379 2183 4446 laus
2201 4428 2217 4460 ,
2268 4378 2434 4466 quod
2482 4381 2551 4444 in
