3150 5000
517 259 650 326 230
1533 272 1869 328 nummus,

606 445 769 510 Ibid.
847 443 1008 516 πλῆν
1076 440 1163 508 οὖ
1190 468 1218 506 ν
1291 441 1456 508 δέδια
1507 445 1595 520 μή
1647 467 1782 507 τινα
1830 444 1937 508 καὶ
1989 441 2185 512 ἄλλον
2232 441 2431 521 ὅμοιον
2484 445 2661 526 εἴπῃς
2710 447 2905 524 αὐτῷ.

519 551 652 617 Aut
718 553 933 616 omnia
1002 569 1106 614 me
1175 547 1408 614 fallunt
1479 563 1594 614 aut
1660 549 1847 636 plane
1917 554 2307 616 contrarium
2372 552 2581 618 dicere
2630 553 2909 618 debebat

519 656 778 723 'l'oxaris
797 704 813 734 ‚
881 662 955 720 ut
1023 658 1132 742 qui
1207 693 1288 704 -
1354 655 1501 721 vide
1565 676 1933 743 praegressa
1996 695 2077 704 —-
2147 657 2493 744 praefracte
2538 662 2911 746 negavisset

515 761 963 849 Scythicorum
1033 761 1276 827 similes
1339 763 1578 826 amicos
1642 764 1710 825 iu
1774 757 2040 828 Graecia
2087 765 2359 828 inveniri
2411 784 2617 848 posse.
2676 764 2909 848 Itaque

517 866 926 957 ‘Agathocles
986 867 1142 944 ille',
1203 869 1415 952 inquit
1433 914 1449 944 ‚
1509 865 1776 932 ‘invitus
1833 869 2101 934 concedo
2119 917 2135 946 ,
2202 872 2511 936 eximiam
2576 870 2911 936 amicitiae

516 975 774 1041 laudem
816 977 1090 1051 meruit,
1138 979 1213 1039 ut
1255 977 1470 1061 potius
1517 971 1791 1060 Scythes
1834 995 2028 1059 quam
2078 972 2358 1041 Graecus
2404 979 2487 1040 sit
2532 976 2911 1052 habendum

517 1099 794 1148 ceterum
863 1082 936 1167 [π
964 1095 1003 1144 λ
1031 1081 1066 1155 ἦ
1093 1084 1150 1164 ν]
1198 1103 1316 1144 uon
1363 1102 1567 1144 vereor
1584 1130 1602 1163 ,
1648 1103 1723 1143 ne
1768 1082 2019 1145 alterum
2066 1083 2251 1146 huius
2296 1083 2543 1146 <similem
2592 1083 2911 1147 nominare

503 1187 766 1272 possis?
812 1187 996 1252 Unde
1041 1193 1300 1271 apparet
1346 1209 1374 1250 ο
1400 1187 1435 1251 ὐ
1483 1184 1741 1251 δέδια
1788 1207 1921 1252 esse
1969 1188 2440 1276 corrigendum.

608 1291 763 1378 Cap.
815 1291 911 1358 19.
951 1292 1263 1380 Expunge
1309 1292 1340 1356 ἔ
1360 1301 1416 1372 φ
1440 1318 1475 1366 n
1527 1291 1554 1354 ὃ
1607 1301 1660 1356 Σ
1683 1295 1707 1356 ι’
1730 1315 1782 1370 μ.
1806 1316 1841 1356 υ
1868 1307 1907 1356 λ
1933 1316 1960 1357 ο
1986 1317 2037 1365 ς.
2082 1291 2318 1360 Contra
2341 1293 2634 1361 additum
2660 1293 2901 1360 velim:

518 1400 652 1465 οὐδὲ
696 1399 929 1478 γυμνὸν
975 1397 1036 1484 (ὅ
1057 1423 1085 1462 ν
1111 1423 1148 1462 τ
1176 1407 1246 1478 α)
1295 1398 1396 1462 τὸν
1442 1395 1667 1462 ἄθλιον.

607 1503 761 1592 Cap.
811 1504 920 1570 22.
962 1504 1066 1569 καὶ
1106 1504 1293 1576 οὐδεὶς
1335 1501 1501 1576 ὅστις
1541 1506 1608 1570 οὐ
1652 1512 1853 1582 γελῶν
1893 1505 2382 1586 ἀπηλλάττετο,
2425 1503 2541 1574 οἷον
2578 1508 2909 1587 Ἀρεταῖος

518 1613 623 1679 καὶ
695 1609 1016 1693 Χαρίξενος
1087 1613 1136 1677 οἱ
1208 1611 1559 1686 εὐδαίμονες
1631 1621 1843 1690 κλῆρον
1912 1612 2290 1690 διαδέξονται
2354 1613 2606 1698 [λέγο
2634 1613 2907 1699 ντες],

517 1720 704 1797 είπερψ
755 1719 1150 1784 ἀποτίσουσιν
1217 1717 1574 1800 Εὐδαμίδα.
1654 1717 1960 1804 Spurium
2030 1726 2127 1786 est
2197 1721 2361 1798 λέγ
2390 1743 2685 1797 οντες,
2748 1740 2905 1785 nam

518 1850 547 1891 ο
574 1820 646 1890 Io
671 1853 701 1890 ν
743 1826 916 1892 idem
959 1825 1132 1891 valet
1170 1830 1360 1910 atque
1401 1821 1494 1890 ὅτ
1520 1848 1539 1887 ι
1588 1849 1625 1889 τ
1651 1848 1679 1889 ο
1704 1848 1722 1887 ι
1748 1849 1777 1889 ο
1802 1830 1837 1890 v
1863 1851 1900 1891 τ
1925 1850 1953 1891 ο
1978 1851 2028 1891 ν.
2078 1825 2175 1894 Of.
2218 1827 2385 1894 Dial.
2426 1827 2621 1894 Mort.
2648 1825 2785 1892 VII.
2816 1825 2905 1890 2:

518 1933 615 2010 ἐγ
643 1932 672 1996 ε’
697 1947 738 1997 λ
765 1957 807 1996 α
856 1932 959 1996 καὶ
1011 1929 1232 2009 αὐτός,
1284 1954 1311 1995 ο
1335 1927 1364 1996 ἶ
1382 1931 1425 1995 ά
1467 1955 1546 2009 γε
1587 1931 1615 1995 ὁ
1654 1932 1915 2012 οἰνοχόος
1956 1932 2318 2012 εἴργασταις
2364 1933 2611 2019 Catapl.
2655 1930 2725 1999 C.
2779 1931 2907 1996 16:

518 2040 793 2116 ἐμαυτοῦ
864 2063 903 2102 κ
925 2063 968 2102 α
993 2061 1033 2102 τ
1057 2063 1086 2102 ε
1110 2062 1156 2116 y
1183 2036 1211 2101 έ
1237 2051 1276 2101 λ
1303 2063 1344 2101 ω
1371 2061 1402 2100 ν
1426 2087 1442 2115 ,
1515 2060 1542 2100 ο
1568 2032 1639 2101 fo
1667 2063 1695 2101 ν
1767 2036 2060 2118 κάθαρμα
2123 2040 2471 2122 ἐτεθήπεινς
2534 2038 2630 2104 De
2675 2037 2903 2104 Sacris.

519 2145 591 2211 O.
647 2145 930 2212 1;·δεινά
979 2149 1268 2209 ποιοῦσαν
1317 2144 1421 2207 καὶ
1470 2143 1975 2226 σχετλιάζουσαν
2022 2143 2163 2211 οἵα
2191 2169 2219 2216 ς
2268 2146 2469 2226 ἑορτῆς
2520 2145 2905 2226 ἀπολειφθή-

520 2275 737 2327 σεται;
815 2250 1009 2320 Conv.
1063 2248 1134 2316 O.
1186 2249 1310 2316 34:
1359 2250 1863 2328 κατεγίγνωσκον
1910 2255 2143 2322 αὐτῶν,
2195 2249 2281 2316 οἵ
2295 2276 2436 2324 ους
2486 2277 2568 2330 γε
2618 2253 2904 2327 ἐθαύμα-

519 2355 654 2437 (0113
727 2357 851 2424 Pro
919 2356 1173 2444 Imagg.
1247 2355 1320 2421 Ο.
1388 2355 1461 2420 3;
1529 2353 1633 2420 ὅτε
1695 2358 1799 2421 καὶ
1851 2358 2449 2438 γελοιότερος·
2496 2359 2576 2425 ἂν
2622 2357 2906 2437 γένοιτο,

519 2459 646 2530 οἷο
673 2489 702 2536 ς
751 2464 826 2529 ὢν
873 2462 987 2545 ὑφ’
1036 2459 1132 2543 οἵῳ
1180 2462 1548 2544 ἐκέκρυπτο,
1600 2469 1665 2529 et
1714 2463 1956 2529 similia
2002 2462 2227 2530 multa.

610 2569 762 2656 Cap.
827 2569 936 2636 26.
1007 2572 1216 2654 ἀφορᾷ
1277 2567 1340 2633 δὲ
1387 2570 1447 2642 ές
1495 2572 1599 2635 τὸν
1646 2568 1831 2651 φίλον
1877 2570 2228 2636 καὶτὸν
2271 2570 2817 2652 Μενεκράτη
2848 2596 2903 2638 ν.

516 2676 711 2743 Haud
763 2676 894 2742 vidi
939 2678 1167 2764 magis.
1219 2675 1362 2742 Duo
1409 2696 1485 2741 ex
1532 2696 1658 2741 uno
1706 2681 1856 2741 sunt
1900 2676 2089 2761 facti3
2141 2697 2291 2741 nam
2338 2679 2585 2743 amicus
2628 2676 2745 2744 ille
2766 2725 2785 2755 ‚
2822 2678 2906 2745 tle

517 2804 641 2870 quo
708 2782 992 2869 loquitur
1011 2830 1028 2861 ‚
1095 2786 1153 2847 is
1221 2786 1357 2868 ipse
1413 2787 1549 2865 erat
1594 2782 2005 2849 Menecrates.
2076 2782 2273 2848 Estne
2319 2782 2437 2849 hoo
2484 2784 2907 2851 manifestum

518 2890 840 2957 emblema
907 2911 986 2955 an
1047 2910 1172 2955 non
1234 2886 1370 2955 est?
1441 2887 1608 2954 Cum
1656 2890 1724 2953 in
1766 2890 2059 2977 margine
2104 2890 2495 2975 adscriptum
2545 2896 2711 2956 esset
2756 2916 2795 2954 ·r
2819 2892 2850 2955 ὀ
2876 2916 2911 2953 ν

520 3008 590 3063 Μ
617 3022 645 3061 ε
672 3021 700 3060 ν
725 3022 756 3061 ε
780 3021 818 3060 κ
842 3020 872 3075 ρ
895 2995 940 3061 ά
962 3021 1001 3060 τ
1025 3021 1059 3070 η
1086 3020 1149 3071 ν,
1198 2997 1430 3082 stipere,
1476 2998 1589 3080 qui
1626 2996 1695 3061 id
1741 2999 1809 3061 in
1856 3002 2108 3062 textum
2161 2999 2431 3082 recepit,
2480 2996 2657 3063 aliud
2708 3018 2911 3085 agens

516 3102 813 3189 copulam
860 3102 1171 3167 adjunxit.

608 3208 776 3274 Ibid.
822 3209 898 3277 ὥς
947 3206 1335 3287 ἐλεεινότερον
1371 3208 1599 3287 φανείη
1644 3208 1789 3287 ὑπὲρ
1835 3213 1941 3273 τοῦ
1992 3210 2279 3274 πάππου.
2332 3208 2694 3275 subdubito
2740 3230 2907 3275 num
2942 3262 2951 3273 .

515 3320 686 3383 recte
755 3317 846 3380 sio
907 3314 1034 3379 dici
1096 3313 1328 3399 possit,
1389 3318 1456 3379 et
1501 3312 1929 3393 δεόμενον
1978 3314 2082 3381 vel
2128 3317 2560 3381 ἱκετεῢον
2618 3316 2725 3384 vel
2773 3316 2909 3383 tale

517 3421 670 3507 quid
717 3420 1077 3487 addendum
1125 3421 1413 3486 arbitror.

605 3526 762 3613 Gap.
811 3525 920 3593 27.
987 3524 1466 3613 Supplendum:
1531 3525 1771 3599 ταύτας
1834 3528 1911 3612 (μ,
1939 3528 2049 3612 ἐν)
2100 3528 2354 3608 ὖψηλάς
2408 3579 2421 3591 .
2452 3577 2467 3591 .
2662 3530 2767 3594 τὸν
2814 3530 2907 3595 δὲ

517 3633 832 3710 Μέμνονα.
885 3633 1118 3699 Contra
1164 3653 1292 3698 una
1335 3632 1534 3697 litura
1576 3632 1842 3699 dolenda
1888 3633 2216 3699 videntur:
2268 3633 2426 3698 θέα
2451 3659 2481 3707 ς
2532 3661 2583 3712 μ,
2606 3636 2636 3699 ὲ
2662 3660 2693 3699 ν
2738 3660 2778 3700 τ
2802 3642 2845 3700 ὦ
2876 3662 2909 3700 ν

517 3740 1086 3823 πυραμίδων,
1128 3738 1649 3819 ἀκροάσεως
1692 3738 1776 3804 δὲ
1818 3740 2485 3816 τοῦΜέμνονος.
2536 3730 2907 3807 Santonim

515 3849 712 3913 nimis
781 3846 999 3912 otiosa.
1069 3845 1202 3912 Nec
1271 3845 1480 3910 multo
1541 3845 1808 3911 meliora
1866 3852 2057 3931 puto,
2104 3866 2267 3932 quae
2312 3866 2465 3913 mox
2510 3854 2908 3933 sequuntur:

519 3954 700 4019 ἀλλά
747 3952 850 4017 καὶ
897 3954 949 4017 οἱ
996 3953 1143 4025 τέως
1195 3952 1417 4031 ἑταῖροι
1463 3950 1923 4034 ἀπεστρέφοντο
1974 3954 2043 4036 [ὦ
2071 3978 2101 4025 ς
2150 3953 2241 4017 τὸ
2268 3954 2345 4018 'A
2372 3978 2403 4017 ν
2426 3977 2455 4017 ο
2480 3977 2513 4017 υ
2537 3954 2588 4032 β
2617 3954 2699 4019 ίδ
2724 3979 2755 4018 ε
2779 3978 2798 4018 ι
2821 3978 2849 4019 ο
2880 3980 2913 4019 ν

521 4056 1157 4143 σεσυληκόται

611 4166 778 4232 Ibid.
825 4161 939 4230 εἶτ’
989 4163 1563 4242 ἐμπεσόντες
1616 4202 1697 4215 --
1746 4165 2165 4230 ἑάλωσαν
2212 4164 2339 4246 γάρ
2389 4191 2448 4230 τι
2489 4169 2910 4245 ἀπεμπολῶν-

517 4296 622 4345 τες
671 4310 754 4325 --
804 4269 1064 4339 ἅπαντα
1125 4272 1298 4345 εὐθὺς
1359 4270 1575 4351 ἔλεγον
1626 4271 2123 4353 στρεβλούμενοι.
2174 4273 2754 4352 ἐμπεσόντες
2803 4278 2907 4341 in-

516 4384 976 4467 terpretantur:
1037 4383 1104 4443 in
1163 4380 1402 4443 vinacea
1461 4380 1816 4457 incidentem
1879 4380 2013 4447 sine
2059 4379 2255 4447 dubio
2303 4386 2508 4462 rect03
2562 4381 2673 4449 sed
2722 4404 2907 4451 soru-
