3150 5000
581 256 715 322 250
1617 275 1929 324 eamus.

673 439 856 505 Tom.
918 438 1168 505 XVIII.
1233 438 1300 505 2.
1363 461 1512 528 pag.
1574 437 1618 505 3
1680 459 1757 506 ex
1818 437 2242 525 Hippocrate:
2310 437 2790 519 Προγιγνώσκων
2830 437 2942 518 γαρ

579 547 684 612 καὶ
746 545 1115 624 ΠΡΟλέγων
1175 547 1344 627 παρὰ
1407 553 1562 612 τοῖσι
1614 545 1872 613 νοσέουσι
1924 545 2010 612 τοί
2058 571 2129 612 τε
2176 544 2487 625 παρεόντα
2532 544 2639 609 καὶ
2690 543 2775 609 τὰ
2818 567 2941 623 προ-

577 651 891 731 γεγονότα
935 653 1040 718 καὶ
1091 653 1177 717 τοὶ
1223 651 1542 730 μέλλοντα
1587 650 1853 718 ἔσεσθαι.
1918 652 2289 718 Absurdum
2328 656 2425 717 est
2460 649 2828 728 ΠΡΟλὲγων
2866 649 2940 714 τοὶ

578 784 649 825 τε
711 761 1022 840 παρεόντα
1080 759 1187 824 κα)
1258 761 1344 824 τοὶ
1417 759 1869 841 προγεγονότα,
1946 759 2055 826 sed
2122 758 2579 845 Hippocratem
2640 759 2945 844 scripsisse

577 865 812 944 λέγων,
859 887 984 932 non
1033 866 1378 947 προλέγων,
1419 867 1835 932 manifestum
1877 872 1975 932 est
2021 887 2098 932 ex
2136 865 2437 932 Erotiano
2468 885 2534 932 v.
2573 864 2827 944 Λέγωνε
2866 900 2939 911 -

578 973 1174 1057 καταριθμούμενος,
1235 993 1430 1058 quam
1491 973 1775 1060 glossam
1832 995 1908 1038 ex
1954 972 2075 1038 hoc
2122 975 2263 1058 ipso
2310 971 2448 1038 loco
2494 977 2776 1038 sumtam
2822 991 2942 1038 esse

577 1078 1038 1145 demonstravit
1098 1079 1406 1166 Her-inge.
1491 1077 1591 1145 Of.
1652 1079 2079 1166 Hippocrates
2148 1078 2318 1164 apud
2386 1077 2707 1145 Galenum
2772 1075 2938 1142 Tom.

575 1183 778 1250 XVIL
847 1186 901 1250 1.
969 1206 1117 1273 pag.
1179 1183 1351 1252 147:
1419 1185 1707 1264 λέγειν
1766 1185 1851 1252 τοὶ
1918 1184 2373 1269 προγενόμενα,
2443 1185 2808 1263 γιγνώσκειν
2868 1183 2941 1246 τὰ

577 1288 920 1370 παρεόντα,
967 1289 1288 1370 προλέγειν
1340 1291 1428 1356 τὰ
1477 1289 1761 1370 ἐσόμενα.

665 1501 849 1570 Tom.
913 1502 1180 1570 XVIII.
1235 1503 1297 1570 2.
1361 1524 1508 1592 pag.
1571 1504 1612 1569 5
1662 1525 1739 1569 ex
1787 1503 2214 1590 Hippocrate:
2262 1505 2313 1568 οἱ
2361 1499 2654 1583 ἄνθρωποι
2702 1502 2941 1576 ἀποθνή-

576 1634 784 1674 σκουσι
844 1611 896 1675 οἱ
958 1611 1070 1688 μὲν
1132 1611 1270 1690 πρὶν
1335 1611 1370 1688 ἢ
1433 1610 1702 1676 καλέσαι
1764 1611 1868 1676 τὸν
1914 1610 2109 1692 ἰητρὸν
2159 1611 2273 1676 ὑπὸ
2320 1607 2537 1688 ἰσχύος
2584 1617 2697 1684 τῆς
2747 1609 2946 1673 νούσου

581 1717 1072 1803 [κατεχόμενοι]
1159 1715 1314 1784 Sero
1359 1725 1548 1784 natus
1596 1715 1949 1784 Graeculus
1996 1719 2209 1802 inepte
2256 1717 2336 1782 de
2383 1736 2497 1782 suo
2544 1714 2937 1796 κατεχόμενοι

575 1823 842 1889 addidit.
911 1823 1152 1890 Nullus
1197 1825 1368 1890 enim
1415 1825 1752 1910 participio
1799 1823 1977 1890 locus
2024 1829 2121 1888 est
2158 1825 2225 1888 in
2266 1823 2476 1889 verbis
2514 1821 2937 1896 αποθνῆσκουσι

580 1929 696 1994 ὑπὸ
741 1930 956 2009 ἴσχυος
1004 1939 1113 2006 τῆς
1163 1937 1406 2008 νούσου,
1457 1936 1522 1997 et
1569 1932 1626 1996 si
1673 1951 1867 2015 quam
1914 1932 2198 1996 maxime
2244 1933 2408 1996 esset
2453 1931 2515 1994 ei
2559 1929 2777 2015 locuS,
2828 1948 2937 1994 non

574 2043 823 2122 poterat
868 2039 1148 2122 ineptius
1194 2038 1609 2123 participium
1655 2038 1975 2121 interponi
2020 2052 2215 2122 quam
2258 2033 2692 2116 κατεχόμενοι.

665 2249 852 2317 Tom.
910 2247 1167 2316 XVIII.
1229 2249 1292 2316 2.
1353 2271 1501 2338 pag.
1564 2249 1687 2315 15:
1748 2250 1867 2322 τὰς
1932 2251 1991 2315 ἕν
2040 2257 2165 2338 τοῖς
2214 2250 2681 2329 σημαινομένοις
2728 2274 2935 2333 περιερ-

575 2359 723 2436 γίας
773 2355 1234 2437 ἀποτρέπεσθαί
1276 2382 1348 2421 τε
1398 2358 1503 2421 καὶ
1551 2355 1855 2438 Φεύγειν,
1920 2351 2004 2428 ἃς·
2045 2357 2326 2435 Πρόδικος
2376 2359 2405 2424 ὅ
2453 2363 2808 2433 τηλικοῦτος
2854 2381 2935 2422 σο-

573 2463 761 2545 (pasin
819 2460 1248 2541 ἀσπαζόμενος
1313 2463 1666 2545 ἕπαχόΕΙΟ
1721 2471 1847 2537 τοῖς
1908 2463 2417 2546 πεπαιδευμένοις
2466 2465 2771 2546 ἐγίγνετο.
2818 2467 2935 2530 imo

571 2589 722 2637 vero
784 2569 1126 2649 ε’παχθΗς.
1211 2568 1389 2636 Haec
1449 2575 1546 2635 est
1608 2568 1725 2635 illa
1770 2568 2028 2636 Prodici
2071 2573 2442 2651 μικρολογία
2463 2622 2481 2657 ,
2531 2594 2725 2658 quam
2768 2592 2934 2657 saepe

573 2676 856 2745 Galenus
911 2680 1230 2765 exagitat,
1281 2677 1479 2745 veluti
1528 2676 1714 2744 Tom.
1767 2676 2013 2743 XVIII.
2068 2679 2129 2743 1.·
2176 2700 2322 2767 pag.
2375 2678 2537 2745 685:
2589 2680 2767 2758 μόνος
2822 2679 2934 2757 γὰρ

571 2785 868 2865 φαίνεται
933 2783 1216 2864 Πρόδικος
1282 2781 1649 2864 ἐζηλωκέναι
1713 2785 1909 2858 αὐτὴν
1966 2784 2137 2872 (lege
2199 2786 2337 2872 την)
2401 2787 2462 2850 ἐν
2526 2796 2651 2861 τοῖς
2698 2784 2933 2863 ὀνόμασι

571 2892 1004 2970 μικρολογίαν,
1055 2892 1129 2962 ὥς
1180 2892 1422 2956 εἰώθασι
1469 2890 1939 2971 προσαγορεύειν
1984 2892 2035 2956 οἱ
2085 2891 2173 2956 τοὶ
2214 2892 2501 2975 Προδίκου
2540 2892 2933 2975 ζηλώσαντες.

572 2995 874 3064 Ceterum
938 3017 1157 3063 omnes
1215 2998 1336 3063 hae
1394 2996 1651 3061 Prodici
1706 2997 2217 3082 reprehensiones
2278 3006 2619 3065 manarunt
2678 3020 2755 3065 ex
2820 3016 2935 3063 uno

571 3102 858 3169 Platonis
913 3102 1050 3169 loco
1112 3106 1181 3168 in
1239 3103 1570 3184 Protaqora
1636 3122 1783 3189 pag.
1850 3102 1981 3169 33¹7
2006 3094 2066 3169 a.
2131 3105 2245 3170 ubi
2314 3104 2701 3172 facetissime
2762 3103 2937 3171 Plato

569 3209 732 3275 hanc
776 3207 1034 3274 Prodici
1083 3209 1482 3290 μικρολογίαν
1527 3207 1824 3290 κωμῳδεῖ.

661 3422 839 3489 Tom.
909 3421 1170 3489 XVIII.
1235 3421 1298 3489 2.
1349 3444 1496 3509 pag.
1547 3422 1675 3489 28:
1723 3423 1827 3490 διὰ
1874 3424 1985 3498 την
2034 3421 2261 3491 ἔνδειαν
2307 3430 2415 3491 τοῦ
2461 3426 2812 3508 πνεύματος
2860 3461 2931 3475 -

569 3558 596 3596 ε
621 3528 1107 3612 ὖφορωτοὶτη
1161 3532 1196 3604 ἧ
1245 3529 1508 3601 διάθεσις
1557 3530 1876 3609 γίγνεται.
1949 3534 2183 3616 Aperte
2222 3533 2599 3599 mendosum
2638 3539 2737 3600 est
2770 3534 2934 3616 εὐφο·

570 3637 838 3717 ρωτατη.
911 3635 1234 3721 Quidquid
1276 3636 1476 3722 facile
1519 3638 1982 3719 deprehenditur
2026 3634 2381 3720 εὐφώρατον
2429 3640 2699 3719 dicitur,
2742 3643 2936 3725 itaque

571 3741 1058 3823 εῦφωρατοτοὶτη
1110 3742 1562 3828 reponendum.

662 3848 870 3929 Quam
913 3868 1097 3934 saepe
1135 3850 1487 3931 εὐφώρατος
1533 3850 1602 3912 in
1643 3848 1827 3915 libris
1862 3855 2303 3936 corrumpatur
2324 3853 2735 3919 ostenderunt
2756 3854 2936 3921 Hem·

575 3955 929 4023 sterhusius
975 3960 1040 4021 et
1085 3952 1450 4021 Dindorfius
1497 3955 1577 4021 ad
1625 3954 1748 4023 ST.
1788 3955 1935 4023 ΤΗ.
2710 3954 2716 3962 ’

583 4212 588 4217 -
662 4168 718 4234 Ε
782 4168 971 4237 verbo
1033 4176 1352 4248 περιεῖναι,
1420 4168 1587 4253 quod
1652 4168 1886 4235 dicitur
1943 4170 2021 4235 de
2084 4172 2167 4237 iis
2212 4171 2324 4256 qui
2371 4191 2449 4235 ex
2496 4174 2685 4258 gravi
2731 4170 2932 4238 morbo

571 4274 1032 4343 convaluerunt
1049 4322 1066 4353 ,
1128 4280 1356 4342 natum
1419 4282 1514 4373 est
1582 4274 1969 4342 adiectivum
2020 4275 2353 4357 περιεςικός
2400 4297 2515 4362 pro
2560 4278 2836 4359 σωτήριος
2874 4279 2933 4341 et

561 4390 796 4461 σημεῖα
862 4382 1177 4462 περιεςικοέ
1238 4387 1387 4447 sunt
1445 4383 1621 4463 siyna
1682 4382 1769 4446 ad
1824 4384 2092 4449 salutem.
2166 4382 2289 4448 Sed
2352 4384 2597 4451 scribae
2640 4387 2919 4473 ignotum
