3150 5000
544 293 674 360 286
820 367 829 382 ,
1585 312 1915 361 Ammmvs

541 478 693 544 bus
755 479 1009 563 paucis,
1073 496 1230 561 quos
1277 476 1497 544 uilitas
1542 483 1608 544 et
1654 478 2004 564 desperatio
2051 477 2348 544 trudebat
2395 480 2464 542 in
2509 476 2750 560 scelus,
2793 495 2930 540 um-

541 585 722 649 bram
768 585 1162 669 principatus
1208 583 1445 650 funesti
1494 583 1826 670 capessit.”

632 689 1097 779 Corrigendum
1144 696 1302 776 puto
1351 711 1427 769 „c
1444 711 1480 756 o
1496 713 1537 755 n
1554 713 1604 780 g·
1617 715 1650 756 r
1667 713 1700 757 e
1715 714 1762 779 g
1778 712 1813 757 a
1828 714 1872 757 n
1890 697 1919 756 t
1937 693 1962 756 i
1981 691 2020 757 b
2039 713 2083 757 u
2101 694 2328 766 s<se>
2378 689 2666 777 paucis.”

634 891 743 958 10.
793 891 853 957 5.
906 892 1198 970 „Milites
1240 894 1423 958 missi
1468 897 1620 958 sunt
1665 894 1934 960 audaces
1981 899 2045 960 et
2083 895 2406 981 prompti,
2445 895 2558 978 qui
2601 913 2756 959 eum
2799 913 2934 978 rap-

540 1003 681 1065 tum
748 1006 823 1065 ut
887 999 1178 1065 deditum
1246 1019 1446 1064 noxae
1493 1002 1892 1084 mancipium
1938 1003 2008 1065 in
2055 999 2411 1066 custodiam
2462 1007 2934 1088 conpegerunt‚

541 1105 709 1172 unde
752 1127 793 1238 p
812 1111 940 1173 ost
988 1105 1067 1170 (1
1048 1127 1072 1170 1
1092 1125 1173 1170 es
1220 1105 1603 1191 productus,
1651 1105 1960 1172 lateribus
2005 1107 2270 1173 sulcatis
2318 1109 2624 1172 acerrime
2673 1155 2691 1172 .
2719 1156 2735 1173 .
2767 1155 2785 1169 .
2835 1109 2936 1170 in-

542 1211 775 1278 teriit.”

631 1318 804 1384 Inter
851 1317 1066 1404 „post”
1115 1321 1181 1383 et
1232 1317 1445 1396 „dies”
1494 1339 1800 1386 numerus
1846 1321 2164 1386 euanuit.¹
2179 1319 2322 1388 Nisi
2369 1318 2534 1386 forte
2582 1316 2936 1406 legendum

542 1423 984 1509 postridie.

636 1624 741 1691 10.
795 1624 902 1693 14.
976 1624 1186 1704 „Exin
1251 1647 1399 1692 cum
1448 1630 1850 1712 superata
1894 1624 2177 1692 luctibus
2223 1626 2454 1692 ferocia
2500 1625 2939 1714 deflagrasset,

540 1732 1031 1819 proscriptiones
1081 1739 1143 1798 et
1190 1731 1387 1800 exilia
1432 1781 1445 1796 .
1478 1781 1494 1796 .
1522 1781 1540 1796 .
1591 1735 1720 1798 uiri
1767 1731 2082 1818 pertulere
2127 1730 2542 1799 summates.”

632 1835 895 1926 Cor-rige
942 1839 1121 1906 sodes
1168 1844 1603 1920 „saturata
1649 1837 1932 1906 luctibus
1977 1838 2268 1906 ferocia.”

1469 2256 1674 2322 Lmra
1720 2256 1984 2323 XXVII.

633 2441 695 2506 4.
747 2440 806 2506 1.
880 2439 1156 2520 „Valens
1174 2486 1191 2518 ,
1258 2445 1332 2506 ut
1378 2437 1666 2505 consulto
1714 2439 2041 2525 placuerat
2086 2442 2305 2520 fratri,
2355 2442 2538 2507 cuius
2587 2439 2942 2529 regebatur

538 2550 803 2615 arbitrio
821 2599 839 2633 ‚
886 2568 1066 2615 arma
1112 2568 1146 2613 c
1165 2568 1202 2615 o
1218 2570 1258 2612 n
1278 2568 1311 2613 c
1326 2567 1371 2611 u
1390 2568 1421 2612 s
1436 2548 1552 2612 sit
1597 2549 1666 2611 in
1713 2544 1975 2613 Gothos.
1985 2546 2020 2574 ”

630 2654 1101 2744 Corrigendum
1144 2674 1284 2720 reor
1330 2674 1363 2718 c
1381 2674 1418 2720 o
1434 2676 1476 2718 n
1495 2673 1544 2741 g
1558 2674 1594 2718 e
1613 2675 1644 2719 s
1660 2656 1730 2718 si
1747 2660 1793 2718 t.

629 2848 688 2908 4.
752 2842 810 2909 3.
881 2842 1059 2921 „Has
1104 2846 1176 2927 [i.
1204 2864 1258 2908 e.
1309 2840 1762 2925 Thraciarum]
1811 2844 2012 2907 terras
2058 2842 2348 2907 inmensa
2392 2841 2715 2926 quondam
2763 2863 2940 2908 cam-

536 2971 762 3037 porum
803 2949 1171 3036 placiditate
1210 2970 1245 3013 a
1264 2967 1669 3035 ggerumq
1688 2968 1782 3012 ue
1820 2945 2245 3013 altitudin
2264 2969 2299 3013 e
2335 2949 2536 3013 fuisse
2573 2954 2934 3033 porrectas,

536 3056 805 3122 Homeri
852 3057 1144 3141 perennis
1189 3054 1533 3120 auctoritas
1583 3053 1800 3131 docet,
1850 3052 2210 3137 aquilonem
2261 3058 2326 3119 et
2370 3054 2728 3141 zephyrum
2776 3075 2936 3121 uen-

536 3174 635 3228 tos
682 3163 907 3228 exinde
955 3160 1105 3227 flare
1151 3158 1467 3247 fingentis.
1475 3158 1508 3183 '¹

627 3268 848 3354 Inepte
907 3267 1149 3355 legitur
1210 3264 1509 3332 Thracias
1574 3286 1889 3353 aggerum
1954 3265 2294 3334 altitudine
2341 3272 2664 3351 porrectas
2709 3268 2934 3333 fuisse.

536 3374 956 3441 Scribendum
1028 3393 1247 3440 censeo
1322 3392 1564 3461 „agro
1583 3393 1926 3458 rumque
1994 3362 2532 3438 latitudine?
2615 3372 2672 3440 V
2691 3396 2787 3440 en
2806 3381 2934 3440 tos

534 3481 791 3547 induxit
838 3478 1145 3549 Gelenius
1161 3503 1179 3565 3
1229 3484 1400 3545 recte
1417 3526 1433 3559 ‚
1485 3481 1726 3565 opinor.

630 3669 691 3732 4.
743 3666 806 3732 5.
856 3666 1024 3747 „Sed
1070 3672 1143 3733 ut
1189 3688 1357 3733 nunc
1404 3668 1761 3744 cernimus,
1811 3666 2031 3731 eadem
2078 3665 2216 3734 loca
2261 3668 2536 3733 formata
2572 3668 2642 3733 in
2677 3670 2932 3734 cornuti

535 3774 763 3839 sideris
831 3773 1098 3838 modum
1170 3771 1479 3859 effingunt
1552 3771 1788 3837 theatri
1858 3772 2088 3838 faciem
2160 3776 2526 3858 speciosam.
2604 3776 2790 3840 cuius
2859 3776 2928 3839 in

534 3881 909 3947 summitate
946 3877 1323 3944 occidentali
1353 3877 1679 3944 montibus
1703 3882 2058 3963 praeruptis
2102 3878 2536 3947 densitate
2575 3878 2924 3947 Succorum

535 3994 869 4074 patescunt
918 3982 1317 4071 angustiae.”

626 4090 829 4156 Vides
890 4092 1237 4167 nimirum,
1302 4108 1493 4175 quam
1540 4089 1809 4156 absurde
1856 4096 1918 4155 et
1964 4090 2070 4155 hic
2118 4090 2366 4157 editum
2415 4094 2501 4157 sit
2553 4094 2922 4171 „montibus

535 4200 889 4286 praeruptis
936 4195 1425 4261 densitate.”
1493 4194 1749 4262 Reuoca
1796 4196 1976 4261 sodes
2021 4199 2368 4283 genuinam
2418 4197 2756 4265 lectionem
2803 4198 2926 4263 de-

536 4306 940 4371 uexitate.
1006 4300 1105 4368 Cf.
1168 4299 1228 4366 9.
1281 4300 1355 4368 6:
1403 4311 1758 4390 „angustus
1805 4302 2187 4369 deuexitatis
2233 4304 2630 4385 anfractus”;
2687 4306 2790 4371 10.
2841 4304 2915 4369 9:

538 4430 761 4490 „mons
808 4406 1062 4476 facilem
1109 4407 1301 4473 habet
1348 4408 1782 4475 deuexitatem
1833 4415 1896 4474 et
1945 4406 2276 4476 mollem.”
