3150 5000
451 263 578 330 186
1389 283 1477 330 an
1525 281 1875 330 rmunnuu.

445 463 728 515 amorem
786 444 976 512 illum
1041 465 1176 512 esse
1217 444 1474 521 talem,
1537 463 1729 528 quem
1790 443 1979 510 fateri
2039 443 2296 528 pudeat.
2386 442 2479 508 De
2549 442 2871 529 pudendo

447 571 660 620 amore
706 557 921 620 autem
971 551 1148 636 loqui
1195 549 1480 634 Sulpicia
1523 571 1649 615 non
1696 555 1927 634 potest.
1991 549 2134 615 Non
2176 569 2383 617 sermo
2428 554 2527 614 est
2564 548 2643 614 de
2668 550 2875 616 omni

445 677 660 724 amore
721 658 832 724 sed
879 658 958 724 de
1005 663 1196 728 certo.
1265 657 1506 722 Pudore
1551 659 1665 742 qui
1710 655 1985 741 praefert
2032 658 2325 740 proximo
2369 675 2559 721 versu
2604 655 2869 723 melius

445 766 710 842 scribet,
759 771 872 833 aut
917 767 1134 850 potius
1175 764 1446 830 scribere
1491 763 1782 829 debebit:
1834 761 2050 840 „fama
2097 760 2343 826 minor-’2
2412 760 2631 836 Minor
2672 762 2869 829 fama

445 871 612 936 mihi
675 871 792 948 sit,
857 874 915 936 si
979 871 1148 938 hunc
1211 890 1492 940 amorem
1553 869 1793 954 pudore
1835 868 2215 936 abscondam
2233 916 2252 951 ,
2300 888 2493 952 quam
2546 870 2604 932 si
2654 866 2863 932 confi·

445 979 600 1040 tear.
671 974 1023 1041 Honestam
1073 974 1273 1040 filiam
1321 973 1727 1040 dissimulare
1776 975 1956 1040 decet
2002 993 2278 1040 amorem
2302 1021 2319 1051 ,
2366 973 2475 1038 sed
2512 973 2620 1037 hic
2664 994 2865 1040 amor

445 1079 594 1146 talis
639 1085 770 1164 est,
818 1088 894 1146 ut
939 1102 1014 1146 eo
1060 1079 1324 1168 gloriari
1371 1083 1630 1165 possim.
1701 1079 1827 1145 Sed
1866 1079 2061 1144 minor
2096 1084 2193 1144 est
2234 1078 2582 1158 Italorum:
2618 1080 2865 1162 pudori

445 1191 510 1251 et
570 1187 758 1268 ’παρὰ
809 1187 1168 1252 satisfacere
1227 1187 1545 1253 videntur.
1631 1185 1874 1252 Pudori
1934 1188 2021 1252 sit
2082 1183 2205 1272 (εἴη
2268 1185 2373 1272 ἄν)
2416 1185 2582 1270 mihi
2628 1188 2865 1272 magis

443 1295 618 1378 prior
675 1293 848 1358 fama
908 1293 1106 1378 (quod
1167 1293 1673 1358 abscondiderim
1736 1292 2048 1377 amorem)
2109 1311 2303 1376 quam
2376 1291 2577 1358 altera
2644 1291 2865 1376 (quod

447 1386 883 1484 prodiderim).
953 1397 1239 1488 Scaliger
1273 1399 1454 1484 fama
1500 1398 1929 1464 commatibus
1976 1397 2307 1464 includens
2368 1418 2481 1483 pro
2541 1400 2863 1464 vocativo

445 1504 702 1570 videtur
737 1504 1056 1572 habuisse.
1121 1503 1420 1572 Ceterum
1460 1505 1617 1570 haec
1656 1506 1977 1590 poematia
2000 1503 2109 1570 IV.
2138 1504 2175 1570 ‘7
2202 1505 2575 1570 festinanter
2596 1505 2860 1590 scripta

407 1653 412 1658 -
445 1615 512 1674 et
570 1611 640 1676 in
701 1610 987 1680 chartam
1049 1613 1230 1696 quasi
1277 1612 1556 1677 coniecta
1600 1629 1727 1676 non
1771 1610 2108 1695 prohibent
2154 1612 2501 1695 quominus
2545 1609 2861 1696 longiora

443 1715 558 1781 illa
619 1715 692 1801 (3
709 1763 726 1795 ‚
795 1717 863 1802 5)
909 1717 1248 1784 manifesto
1291 1719 1532 1783 maiore
1577 1737 1723 1782 cum
1772 1737 1925 1784 cura
1968 1715 2291 1784 elaborata
2334 1717 2542 1783 eidem
2592 1719 2860 1784 auctori

445 1821 880 1888 adscribamus
898 1870 915 1900 ‚
953 1825 1261 1894 nimirum
1307 1825 1567 1907 iuveni3
1618 1822 1886 1888 subinde
1933 1825 2168 1888 tirones
2185 1869 2203 1899 ,
2246 1824 2359 1906 qui
2408 1821 2637 1889 stilum
2685 1843 2861 1890 non·

445 1929 602 1994 dum
650 1930 1152 2007 destinaverunt,
1207 1929 1551 2008 admodum
1602 1929 1704 1992 sui
1745 1927 2091 1994 dissimiles
2130 1933 2315 2006 sunt,
2354 1929 2737 2016 praesertim
2782 1931 2858 1999 iu

443 2036 526 2100 iis
544 2081 576 2112 ,.
619 2055 780 2120 quae
838 2054 963 2100 non
1009 2035 1089 2100 ad
1137 2033 1460 2120 publicam
1509 2035 1807 2100 notitiam
1856 2039 2339 2119 componuntur.
2390 2032 2607 2099 Multa
2654 2055 2856 2118 prae-

446 2145 617 2206 terea
660 2143 728 2205 in
773 2143 988 2226 parvis
1033 2140 1168 2208 illis
1211 2139 1524 2226 epistoliis
1571 2143 1706 2208 sine
1752 2139 1946 2210 dubio
1992 2139 2337 2224 depravata
2384 2144 2555 2206 sunt.

532 2355 639 2422 IV.
690 2355 753 2424 8.
802 2374 861 2421 v.
915 2356 954 2421 ὅ
975 2404 993 2434 ,
1043 2355 1120 2422 6:

805 2461 944 2531 Iam
987 2464 1268 2531 nimium
1315 2463 1617 2531 Messalla
1670 2465 1801 2531 mei
1844 2463 2127 2531 studiose
2171 2465 2456 2548 quiescas

893 2570 1036 2637 Neu
1081 2572 1497 2655 tempestivae
1543 2591 1728 2657 saepe
1774 2572 2125 2657 propinque
2171 2572 2333 2637 viae.

441 2676 586 2743 Non
645 2678 893 2744 invenit
953 2679 1088 2743 sine
1141 2676 1333 2743 dubio
1381 2674 1699 2763 Scaliger,
1753 2676 1909 2741 dum
1958 2675 2271 2761 explicat:
2321 2676 2849 2760 intempestivae.

440 2782 731 2851 Hillerus
788 2785 1025 2869 recepit
1083 2782 1449 2849 Baehrensii
1509 2784 1935 2849 coniecturam
2002 2802 2168 2865 ¹‚neu
2229 2787 2277 2846 t.
2336 2802 2531 2869 perge
2578 2800 2851 2849 monere

441 2889 665 2969 viae'’;
729 2889 1066 2978 Riglerus:
1136 2910 1299 2968 „non
1362 2896 1410 2954 t.
1431 2936 1448 2968 ‚
1515 2910 1677 2975 quae
1721 2888 1945 2976 procul
1990 2889 2151 2955 urbe
2170 2936 2188 2967 ,
2241 2889 2449 2967 viae'’;
2498 2887 2849 2976 Ungerusz

447 3016 674 3073 „saeve
733 2995 1144 3081 propinque”.
1215 2996 1360 3063 Non
1425 2995 1611 3063 valde
1664 2996 1915 3063 diversa
1958 3000 2107 3061 sunt
2149 3016 2283 3079 cepe
2326 2999 2392 3060 et
2423 3015 2577 3075 ,μου
2624 3014 2668 3061 a
2712 2994 2849 3063 lec-

443 3104 616 3169 tione
659 3124 780 3167 mm
821 3101 1219 3187 proficiscens
1264 3101 1448 3188 lego:

813 3227 978 3285 „non
1037 3207 1455 3291 tempestivae
1516 3226 1733 3293 parce,
1786 3209 2173 3293 propinque,
2223 3206 2437 3273 viae”.

533 3308 840 3379 Messalla
884 3313 1277 3397 propinquus
1326 3318 1461 3379 erat
1509 3312 1869 3398 Sulpiciae,
1921 3317 1993 3379 ut
2037 3317 2287 3378 notum.

534 3441 600 3488 V.
645 3416 689 3484 8
739 3419 1044 3497 „arbitrio
1092 3420 1388 3503 quamvis
1435 3440 1558 3485 non
1606 3421 1765 3485 sinis
1812 3438 1948 3484 esse
1994 3418 2205 3484 meo”.
2281 3405 2563 3500 Qaamm
2606 3439 2857 3509 verum·

447 3546 580 3592 esse
638 3545 765 3592 non
824 3528 1070 3609 potest3
1129 3524 1228 3590 fac
1291 3527 1461 3590 enim
1527 3525 1654 3590 dici
1719 3544 1897 3609 posse
1964 3526 2209 3601 „sinere
2270 3523 2513 3610 aliquid
2561 3524 2849 3592 alicuius

445 3630 740 3699 arbitrio”
801 3650 914 3716 pro
975 3630 1310 3715 relinquere
1326 3679 1344 3715 ,
1407 3630 1574 3716 quod
1635 3629 1922 3717 Scaliger
1966 3632 2034 3695 in
2083 3631 2488 3697 annotatione
2533 3630 2849 3697 festinan-

443 3739 576 3803 tius
638 3739 875 3821 scripta
927 3736 1406 3805 commendavit
1423 3783 1442 3814 ‚
1503 3742 1717 3805 tamen
1781 3736 2093 3821 oppositio
2137 3735 2321 3804 nulla
2370 3740 2467 3803 est
2510 3736 2631 3803 hoc
2676 3736 2847 3804 loco.

445 3841 617 3909 Illud
677 3844 773 3908 uie
825 3844 1029 3929 igitur
1075 3842 1414 3911 manifesto
1460 3842 1540 3910 ad
1587 3841 1800 3909 locum
1848 3840 2158 3909 mutilum
2207 3826 2591 3927 explendum
2641 3844 2849 3911 inser—

447 3954 592 4014 tum
637 3954 752 4013 est.
825 3946 1003 4015 Duae
1048 3950 1192 4015 viae
1237 3947 1615 4018 emendandi
1660 3948 1925 4026 adsunt,
1974 3953 2162 4034 prout
2210 3970 2381 4033 quam
2430 3968 2508 4015 ex
2555 3957 2847 4035 quantum

449 4058 564 4120 aut
623 4072 702 4118 ex
747 4058 914 4138 quoffi
935 4099 952 4131 ‚
1004 4056 1044 4118 i.
1097 4074 1152 4119 e.
1197 4060 1471 4135 quoniam
1518 4056 1837 4121 exstitisse
1880 4055 2174 4141 putabis:
2224 4054 2477 4124 arbitrii
2522 4074 2719 4140 quam
2770 4062 2849 4123 tu

448 4158 622 4244 (inde
659 4166 940 4244 quantum
955 4206 975 4237 ‚
1023 4160 1221 4245 quam)
1265 4172 1391 4227 non
1437 4162 1591 4226 sinis
1636 4180 1771 4227 esse
1815 4159 1959 4227 sui”
2010 4162 2079 4227 iu
2124 4180 2251 4245 quo
2298 4160 2505 4227 forma
2548 4164 2847 4249 genetivi

446 4263 705 4331 insolita
751 4264 1070 4350 (arbitris),
1112 4272 1224 4333 aut
1265 4267 1647 4343 „arbitrium
1685 4269 1985 4351 quoniam
2022 4286 2146 4332 non
2186 4268 2343 4333 sinis
2382 4288 2517 4333 esse
2556 4268 2845 4335 meum”.

451 4368 594 4437 Hoc
653 4390 879 4438 verum
943 4370 1218 4459 videtur.
1267 4372 1624 4450 „Arbitrio
1686 4392 1829 4441 meo
1884 4393 1985 4438 res
2032 4371 2171 4439 est”
2218 4372 2518 4441 videntur
2564 4374 2845 4443 editores
