3150 5000
534 287 663 359 158
1518 305 1912 358 monor-ue.

516 488 553 556 ἥ
568 501 605 544 κ
620 503 669 544 ε.
774 473 1249 543 Desiderabitur
1322 477 1497 542 notio
1564 476 1627 548 ἐς
1692 473 1888 548 αὐτήν
1903 522 1921 553 ,
1989 475 2112 540 nisi
2178 493 2433 540 meeum
2489 493 2619 540 una
2687 472 2906 540 addita

511 584 731 650 littera
775 585 1125 669 reposueris
1170 582 1366 654 πέδας
1414 582 1474 647 τ’
1523 583 1673 661 §yx
1697 588 1851 656 ατῆ
1870 606 1906 645 κ
1927 603 1980 644 ε.

603 799 775 867 VIII
819 799 947 866 115
986 800 1126 865 init.
1172 799 1534 866 άπικνέεται
1576 799 1638 872 ές
1677 800 1778 865 τὸν
1822 798 1999 880 πόρον
2037 805 2130 872 τῆ
2146 824 2177 872 ς
2218 797 2699 876 διαβάσιος.
2740 795 2904 864 Cum

514 907 690 988 πόρος
754 909 891 980 iam
950 927 1061 994 per
1118 927 1185 973 se
1246 907 1325 972 ab
1389 903 1718 972 Herodoto
1784 907 1998 972 vocari
2041 903 2240 971 soleat
2284 924 2442 990 pone
2491 923 2614 990 quo
2662 903 2907 970 Xerxes

515 1013 1009 1100 Hellespontum
1064 1015 1389 1091 iunxerat,
1450 1015 1652 1078 miror
1713 1033 1830 1078 eur
1889 1009 2202 1077 addiderit
2263 1017 2374 1086 τῆς
2434 1007 2800 1094 διαβάσιος,
2845 1014 2910 1075 et

515 1141 734 1187 vereor
790 1142 871 1186 ne
934 1119 1141 1186 aliena
1186 1139 1418 1185 manus
1466 1141 1539 1184 ea
1587 1118 1782 1185 verba
1827 1117 2250 1202 adscripserit.
2331 1113 2430 1182 Of.
2477 1115 2573 1182 IV
2624 1113 2781 1182 136.
2827 1114 2910 1180 el.

519 1226 674 1292 140.
714 1223 873 1291 VIII
917 1223 1078 1304 111,
1120 1223 1195 1291 el.
1243 1223 1389 1291 115.
1441 1224 1577 1292 Nee
1609 1223 1913 1292 Genetivi
1947 1223 2256 1291 rationem
2293 1223 2554 1291 omnino
2585 1221 2911 1310 intelligo.

605 1445 778 1512 VIII
844 1443 973 1511 118
1035 1443 1202 1511 med.
1267 1443 1370 1510 τὸν
1432 1443 1716 1523 βασιλέα
1775 1443 2035 1524 εἰρέσθαι
2101 1481 2186 1494 --
2245 1441 2306 1509 εἵ
2361 1467 2454 1515 τις
2517 1441 2701 1508 ἔστί
2761 1447 2908 1525 σφι

516 1552 795 1631 σωτηρίη.
868 1551 1085 1618 Oratio
1132 1551 1371 1618 directa
1417 1551 1579 1618 foret
1627 1548 1715 1620 ἔτι
1765 1575 1861 1624 τις
1910 1555 2058 1629 ἡμῖν
2105 1549 2362 1631 σωτηρίη
2382 1595 2399 1626 ,
2447 1551 2668 1634 itaque
2715 1551 2911 1615 corri-

513 1657 799 1746 gendum
851 1657 908 1723 εί
951 1682 1043 1732 τις
1096 1657 1279 1722 ἐστὶ
1327 1658 1571 1740 σφίσι
1621 1659 1905 1739 σωτηρίη.
1975 1657 2156 1723 Idem
2204 1658 2442 1724 vitium
2491 1657 2745 1740 saepius
2789 1654 2913 1721 tol-

514 1763 776 1830 lendum
842 1763 1024 1831 velut
1084 1765 1249 1831 infra
1310 1784 1446 1850 eap.
1517 1761 1668 1829 136.
1739 1763 1885 1830 Nisi
1929 1763 2092 1830 forte
2141 1764 2350 1831 mavis
2395 1781 2550 1828 oum
2595 1761 2812 1828 eodiee
2863 1770 2912 1828 c

516 1892 880 1960 expungere
930 1877 1067 1953 σφι.

610 2089 783 2155 VIII
846 2087 977 2154 120
1037 2091 1180 2155 init.
1242 2089 1540 2172 φαίνεται
1589 2089 1716 2171 γάρ
1767 2087 1982 2170 Ξέρξης
2036 2089 2096 2152 ἔν
2141 2097 2220 2170 τῇ
2267 2087 2456 2152 ὀπίσω
2505 2086 2722 2172 κομιδῆ
2761 2088 2908 2152 άπι-

522 2194 770 2272 κόμενος
833 2195 892 2267 ές
952 2197 1284 2275 ”Αβδηρα,
1350 2195 1453 2260 καὶ
1521 2194 1744 2271 ξεινίην
1811 2194 1934 2281 [τέ]
2001 2201 2118 2275 σφι
2166 2193 2520 2272 συνθέμενος
2570 2193 2673 2258 καὶ
2733 2191 2912 2273 δωρη-

520 2299 783 2378 σάμενος
848 2301 1072 2374 αὐτοὺς
1132 2299 1393 2384 άκινάκη
1442 2325 1511 2366 τε
1559 2299 1800 2382 χρυσέῳ
1848 2301 1953 2365 καὶ
2003 2301 2171 2383 τιήρῃ
2218 2297 2615 2381 mucronis-qs.
2699 2297 2914 2364 Mani-

518 2407 679 2472 feeto
738 2427 863 2472 non
918 2407 1191 2492 pendent
1238 2409 1574 2492 partieipia
1621 2407 1974 2483 συνθέμενος
2024 2411 2090 2471 et
2135 2405 2552 2486 δωρησάμενος
2603 2425 2641 2471 a
2687 2403 2914 2486 Φαίνε-

518 2534 662 2590 ται,
708 2512 817 2578 eed
866 2516 1193 2579 eontinent
1241 2512 1476 2600 duplex
1522 2520 1977 2602 argumentum
1999 2558 2016 2591 ‚
2055 2512 2224 2579 unde
2262 2518 2560 2598 appareat
2619 2512 2912 2577 Xerxem

518 2618 887 2685 redeuntem
950 2640 985 2685 e
1047 2617 1313 2685 Graecia
1376 2622 1623 2685 venisse
1685 2620 2003 2685 Abderam
2065 2621 2282 2704 itaque
2353 2620 2636 2683 terrestri
2679 2618 2915 2683 itinere

517 2746 706 2791 usum
764 2747 918 2792 esse.
1018 2724 1176 2791 Mox
1233 2727 1483 2811 requiro
1544 2731 1773 2805 Ιιτρὲἶνιον
1839 2725 2108 2790 ἐλύσατο
2173 2726 2492 2805 <αὐτοῦ>
2553 2725 2666 2798 τὴν
2725 2721 2915 2803 ζώνην

513 2830 653 2896 scil.
699 2831 996 2908 Abderae,
1050 2850 1212 2916 quae
1257 2833 1431 2896 notio
1482 2833 1699 2897 omitti
1744 2852 1868 2897 non
1917 2832 2147 2917 potuit.
2215 2828 2472 2915 Optime
2513 2831 2720 2917 igitur
2753 2830 2912 2895 eub-

516 2939 696 3002 venit
751 2935 915 3002 liber
974 2936 1303 3003 Romanus
1350 2938 1704 3003 omittendo
1753 2936 2047 3003 voculam
2101 2935 2189 3000 τέ.
2261 2934 2338 2999 In
2385 2932 2506 3000 fine
2555 2937 2786 3019 capitis
2831 2956 2912 3001 ex

516 3040 737 3106 eodem
787 3041 999 3107 codiee
1048 3028 1493 3129 corrig-endum
1540 3042 1624 3106 τά
1669 3041 1730 3107 δὲ
1775 3042 2070 3121 ’Ἄβδηρα
2117 3038 2363 3119 ἵδρυται
2413 3042 2556 3120 πρὸς
2606 3045 2714 3105 τοῦ
2765 3044 2914 3106 Ἐλ-

516 3146 860 3221 λησπόντου
926 3153 1171 3225 μᾶλλον
1238 3152 1342 3213 τοῦ
1406 3148 1752 3229 Στρυμόνος
1815 3148 1920 3213 καὶ
1987 3154 2096 3220 τῆς
2153 3146 2401 3219 Ἠιόνος.
2473 3146 2640 3213 Nam
2689 3168 2914 3213 sensus

518 3256 615 3317 eet
675 3251 708 3327 ἢ
773 3254 801 3317 ὃ
862 3255 1154 3332 Στρυμὼν
1218 3254 1319 3319 καὶ
1384 3258 1419 3331 ἧ
1484 3256 1697 3332 Ἠιών,
1750 3254 1916 3341 quod
1965 3250 2326 3341 sig-nificare
2371 3256 2596 3339 nequit
2639 3253 2916 3341 vulgate

516 3357 829 3445 scriptura
876 3358 909 3435 ἢ
959 3362 1066 3424 τοῦ
1115 3358 1459 3441 Στρυμόνος
1513 3361 1647 3425 κτὲ.

588 3560 779 3633 ‚VIII
828 3558 959 3629 123
1007 3562 1083 3635 ὥς
1133 3561 1195 3629 δὲ
1243 3561 1603 3641 ἀπικόμενοι
1655 3566 1708 3629 οἱ
1767 3561 2066 3643 ςρατηγο)
2115 3561 2454 3639 διενέμοντο
2495 3561 2612 3633 τὰς
2653 3563 2916 3645 ψήφους

519 3665 619 3731 ἐπὶ
684 3671 791 3732 τοῦ
844 3667 1229 3739 Ποσειδέωνος
1281 3669 1363 3748 τῷ
1412 3668 1652 3749 βωμῷ,
1705 3670 1806 3734 τὸν
1859 3675 2086 3747 πρῶτον
2135 3668 2242 3733 καὶ
2292 3668 2392 3732 τὸν
2440 3666 2715 3748 δεύτερον
2765 3672 2918 3749 κρί-

518 3794 787 3845 νοντες
852 3773 919 3837 ἐκ
980 3772 1264 3851 πάντων,
1334 3774 1602 3839 ἐνθαῦτα
1669 3775 1798 3839 κτὲ.
1897 3776 2130 3859 Aperte
2201 3775 2546 3859 requiritur
2613 3774 2914 3841 futurum

518 3876 861 3957 κρινέοντες.
930 3878 1011 3943 In
1054 3880 1211 3965 ipsis
1257 3881 1667 3965 sequentibus
1717 3882 2074 3946 rectissime
2121 3880 2316 3945 habet
2363 3878 2680 3958 κρίνοντες.

610 4074 775 4143 VIII
838 4076 965 4143 129
1034 4077 1223 4145 αἴτιον
1290 4079 1352 4145 δὲ
1414 4079 1664 4159 λέγουσι
1729 4081 2157 4157 Ποτειδαιῆται
2222 4088 2334 4155 τῆς
2382 4105 2454 4149 τε
2499 4082 2720 4164 ῥηχίης
2775 4084 2910 4168 [καὶ

518 4188 629 4256 τῆς
679 4183 1081 4269 πλημυρίδος]
1135 4185 1238 4251 καὶ
1286 4190 1393 4249 τοῦ
1440 4192 1735 4265 Περσικοῦ
1777 4186 2004 4260 πάθεος
2044 4188 2331 4265 γενέσθαι
2369 4187 2510 4253 τόδε
2551 4191 2684 4255 κτὲ.
2723 4188 2914 4257 Nihil

519 4284 699 4352 aliud
757 4293 853 4352 est
902 4288 1207 4369 πλημυρίς
1257 4310 1448 4376 quam
1496 4291 1678 4372 ῥηχίη
1700 4340 1718 4375 ,
1767 4293 1949 4356 cuius
1996 4296 2170 4358 vocis
2214 4297 2430 4360 minus
2475 4298 2773 4383 cognitae
2819 4293 2913 4362 ee'-

514 4393 843 4479 quioribue
890 4393 1053 4460 illud
1102 4400 1195 4462 eet
1241 4399 1874 4481 interpretamentum
1897 4444 1915 4475 ,
1963 4398 2180 4483 itaque
2227 4402 2296 4465 in
2345 4403 2708 4491 marg-inem
2747 4400 2912 4468 rele-
