3150 5000
1166 281 1633 330 ussonnmnvs.
2471 258 2605 327 293

214 467 415 533 quum
458 449 527 512 in
580 445 654 511 V.
706 449 1015 532 scriptum
1064 467 1197 513 esse
1246 446 1493 512 uideret
1542 453 1808 524 „suetus
1843 445 2048 511 lectus
2087 445 2280 527 alia'',
2329 443 2613 532 „lectus”

214 560 547 640 tamquam
612 553 1113 640 dittographiam
1179 567 1529 638 expunotO,
1582 554 1835 638 scripsit
1897 558 2318 631 ‚‚euectus‚
2386 551 2609 617 alias

212 660 294 726 ad
343 682 405 747 p.
448 660 492 726 f.
531 682 587 726 a.
638 659 1076 746 aptissimus.”
1128 661 1215 724 At
1250 658 1436 745 plura
1474 663 1832 744 supersunt,
1855 658 2294 725 emendatione
2332 660 2607 746 egentia.

211 766 341 832 Pro
404 769 827 854 magistro
873 768 1045 832 enim
1095 768 1328 832 rectius
1373 765 1628 854 legetur
1675 767 2203 854 magisterio.
2276 764 2610 831 Praeterea

214 873 501 938 dubitari
569 876 823 960 nequit,
897 873 1049 958 quin
1120 874 1444 938 utinam
1519 894 1644 938 uox
1717 875 1802 938 sit
1871 877 2166 957 corrupta
2227 877 2292 938 et
2352 871 2606 938 mutila.

216 983 565 1046 Ammiano
611 981 998 1047 reddendum
1062 999 1281 1046 censeo
1347 981 1640 1068 „rigidus
1703 989 1892 1065 atque
1951 981 2349 1072 pertina'x
2407 985 2482 1044 et
2541 979 2607 1043 in

214 1089 541 1174 proposito
589 1085 1058 1173 perseuerans.”

662 1187 699 1234 ο

310 1295 375 1359 4.
427 1291 526 1358 16.
596 1290 696 1358 Ita
758 1298 974 1357 autem
1022 1293 1209 1378 pauci
1257 1297 1404 1357 sunt
1450 1292 1620 1357 inter
1666 1311 1772 1356 eos
1820 1293 2047 1358 seueri·
2079 1290 2362 1356 uindices
2410 1289 2610 1356 delic-

214 1404 465 1474 torum,
510 1405 617 1473 ut,
660 1401 716 1464 si
764 1411 993 1484 aquam
1044 1398 1316 1464 calidam
1370 1398 1612 1464 tardius
1661 1397 1955 1464 attulerit
2003 1419 2259 1476 seruus,
2317 1399 2614 1464 trecentis

216 1505 444 1594 adfligi
489 1505 861 1570 uerberibus
897 1505 1228 1572 iubeatur:
1266 1507 1319 1569 si
1358 1505 1686 1570 hominem
1731 1510 1953 1590 sponte
1995 1504 2298 1570 occiderit
2324 1505 2613 1589 propria,

216 1613 607 1678 instantibus
667 1611 967 1697 plurimis
1012 1618 1087 1677 ut
1135 1612 1477 1678 damnetur
1522 1631 1750 1695 reus,
1803 1610 2100 1676 dominus
2148 1611 2454 1677 hactenus
2502 1629 2612 1675 ex-

220 1717 461 1784 clamat
507 1714 684 1803 ‘quid
731 1718 921 1784 faciat
970 1719 1401 1784 maniosus
1447 1725 1511 1783 et
1556 1714 1954 1803 nequam'P”

311 1823 440 1888 Pro
487 1845 677 1890 reus
720 1823 954 1890 suadeo
994 1828 1067 1889 ut
1104 1824 1360 1912 legatur
1404 1825 1844 1908 protinus,
1893 1825 2046 1908 quia
2090 1827 2156 1888 in
2201 1821 2278 1888 V.
2327 1827 2423 1889 est
2466 1824 2616 1888 ire·

222 1951 419 2000 mus.
473 1967 557 1978 —
614 1929 1038 1996 Maniosus
1101 1930 1276 1995 dedit
1336 1919 1680 2008 Gelenius,
1744 1929 1910 2014 quod
1973 1929 2278 1996 Latinum
2342 1929 2612 1994 uerbum

220 2056 345 2101 non
410 2043 520 2101 est.
586 2033 658 2100 In
706 2034 783 2104 V.
829 2035 1071 2124 legitur
1118 2057 1234 2101 ma
1283 2083 1616 2103 ........
1667 2055 1962 2102 mosus.
2038 2035 2331 2121 Spatium
2379 2057 2614 2102 nouem
2730 2094 2736 2102 .

219 2141 586 2209 litterarum
634 2143 885 2229 explere
934 2143 1134 2209 uelim
1182 2143 1512 2210 scribendo
1565 2153 1672 2221 „m
1695 2143 2028 2217 a<nifesto
2075 2144 2252 2214 ra>b
2267 2145 2292 2208 i
2310 2163 2347 2209 o
2364 2165 2395 2208 s
2409 2165 2453 2208 u
2473 2142 2568 2209 s.’'

314 2363 381 2430 4.
438 2361 541 2428 18.
606 2363 801 2442 „Pars
848 2363 1200 2442 nobilium,
1250 2367 1306 2429 si
1354 2384 1539 2453 agros
1587 2366 1790 2430 uisuri
1834 2369 2272 2452 processerunt
2317 2363 2615 2452 longius,

225 2475 337 2537 aut
399 2467 623 2537 alienis
689 2470 1012 2537 laboribus
1061 2470 1388 2548 uenaturi,
1442 2469 1787 2537 Alexandri
1833 2469 2064 2559 Magni
2114 2472 2343 2538 itinera
2391 2492 2456 2537 se
2504 2491 2620 2557 pu-

224 2582 365 2641 tant
416 2580 848 2663 aequiperasse
894 2577 1002 2643 uel
1050 2576 1363 2645 Caesaris:
1424 2583 1537 2643 aut
1583 2580 1637 2642 si
1689 2598 1726 2642 a
1770 2577 1914 2643 lacu
1962 2580 2202 2643 Auerni
2247 2577 2477 2643 lembis
2524 2580 2620 2642 in-

225 2686 394 2748 uecti
462 2688 613 2749 sunt
674 2685 861 2769 pictis
924 2682 1261 2760 Puteolos,
1310 2704 1407 2749 ue
1437 2682 1688 2748 lleris
1734 2690 2090 2761 certamen,
2140 2687 2423 2750 maxime
2469 2705 2619 2773 cum

227 2788 291 2853 id
340 2792 649 2874 uaporato
696 2790 972 2856 audeant
1024 2786 1367 2875 tempore.’'
1633 2870 1642 2878 ι

318 2892 742 2961 Vehementer
804 2895 1163 2982 disciplicet
1234 2894 1642 2973 „uelleris
1714 2894 2104 2974 certamen”‚
2168 2896 2335 2982 quod
2380 2896 2623 2984 legitur

229 3020 304 3064 ex
355 3000 717 3067 coniectura
764 3000 1203 3067 Hirschfeldii.
1278 3000 1683 3087 Ineptissime
1730 3004 1898 3067 enim
1951 3004 2466 3091 Argonautarum
2518 3025 2623 3068 ex-

231 3107 473 3191 peditio
558 3105 817 3173 uelleris
903 3112 1220 3174 certamen
1306 3114 1595 3173 uocatur.
1684 3110 2028 3175 Ammiano
2097 3109 2320 3176 reddas
2390 3130 2621 3194 quaeso

236 3211 555 3290 „Duilli
603 3214 987 3279 certamen”.
1051 3212 1191 3280 Hoc
1239 3214 1483 3279 scilicet
1531 3216 1936 3300 aequiperare
1982 3215 2311 3281 delicatuli
2359 3214 2460 3282 illi
2506 3215 2622 3281 ho-

234 3324 437 3387 mines
506 3322 629 3387 sibi
700 3320 1080 3387 uidebantur
1147 3324 1257 3406 qui
1328 3323 1571 3389 aestiuo
1645 3326 1928 3407 tempore
2005 3320 2390 3408 Campaniae
2467 3322 2624 3388 litus

234 3422 554 3514 legebant.
608 3465 689 3475 —
738 3426 810 3492 In
860 3425 935 3492 V.
988 3434 1083 3492 est
1132 3425 1409 3505 „uelle
1454 3426 1834 3493 certamen.’'

326 3641 387 3705 4.
442 3640 547 3707 19.
595 3638 681 3706 Vt
724 3644 1061 3727 quisquam
1109 3640 1423 3707 nobilium
1474 3639 1978 3709 effeminatorum
2033 3642 2300 3721 „balneo
2339 3666 2627 3733 egressus

240 3748 630 3812 tenuissimis
692 3767 758 3812 se
821 3749 1073 3813 terserit
1136 3746 1353 3813 linteis
1374 3802 1389 3832 ,
1438 3747 1666 3814 solutis
1711 3751 2038 3835 pressoriis
2087 3758 2298 3817 uestes
2342 3750 2484 3817 luce
2534 3754 2628 3817 ni-

242 3854 439 3919 tentes
486 3853 793 3941 ambigua
830 3851 1173 3941 diligenter
1212 3852 1499 3938 explorat
1543 3901 1560 3918 .
1591 3903 1610 3921 .
1638 3905 1654 3921 .
1697 3856 2081 3942 tandemque
2122 3854 2342 3923 electis
2383 3857 2628 3945 aliquot

240 3956 604 4037 inuolatus,
666 3962 936 4044 receptis
1000 3959 1244 4044 anulis,
1307 3980 1498 4046 quos,
1561 3982 1641 4027 ne
1700 3961 2027 4028 uiolentur
2070 3963 2486 4049 humoribus,
2535 3965 2628 4030 fa-

143 4130 153 4135 ,
246 4064 417 4131 mulo
464 4064 837 4145 tradiderat,
891 4064 1116 4153 digitis
1166 4074 1253 4131 ut
1300 4068 1649 4133 metatis
1695 4066 1889 4133 abit.”

290 4156 469 4237 'Non
522 4170 789 4258 „digitis
835 4178 923 4237 ut
970 4170 1389 4251 metatis’'‚
1435 4171 1544 4238 sed
1600 4173 1868 4261 „digitis
1916 4174 2412 4241 umectatis'’
2465 4174 2623 4241 olim

246 4279 544 4363 scriptum
592 4278 736 4343 fuit.
788 4276 949 4343 Tam
1002 4278 1337 4344 manifesto
1382 4279 1537 4345 haec
1583 4279 2006 4367 glossatorem
2045 4284 2337 4367 sapiunt,
2377 4288 2450 4347 ut
2487 4284 2627 4348 iure

248 4399 281 4443 e
326 4389 621 4450 contextu
666 4383 947 4450 tollenda
990 4385 1306 4451 censuerit
1348 4382 1662 4451 Ernstius.
