3150 5000
540 235 673 302 238
1328 300 1332 308 .
1565 257 1903 308 amave

629 417 694 487 9.
742 418 804 486 9.
867 419 1066 499 „Post
1111 441 1379 506 quorum
1425 443 1645 488 necem
1696 423 1901 491 nihilo
1946 422 2153 490 lenius
2194 423 2500 490 ferociens
2547 419 2802 506 Gallus,
2849 421 2919 485 ut

534 528 636 594 leo
704 527 1118 594 cadaueribus
1185 535 1408 612 pastus
1468 529 1678 595 multa
1738 530 1931 596 huius
1990 529 2167 596 modi
2228 531 2635 596 scrutabatur
2686 575 2705 594 .
2757 548 2917 614 quae

535 633 790 720 singula
845 654 1100 700 narrare
1157 655 1285 698 non
1345 635 1569 719 refert,
1634 657 1713 702 ne
1772 637 2306 722 professione
2352 635 2659 714 modum,
2704 635 2920 720 quod

535 741 882 808 euitand
902 761 1030 806 um
1078 748 1234 821 est,
1284 740 1723 807 excedamus.”

625 847 749 914 Vv.
827 848 1037 935 „quod
1089 847 1464 915 euitandam
1512 849 1653 915 est”
1699 850 1949 934 primus
1994 848 2170 915 dedit
2217 851 2575 914 Aocursius.
2645 847 2821 924 Quia
2854 849 2919 912 in

532 953 730 1023 Codd.
802 957 1098 1040 optimis,
1162 953 1306 1020 Vat.
1377 961 1444 1020 et
1511 954 1704 1032 Petr„
1755 953 1999 1042 legitur
2071 955 2286 1041 quod
2352 957 2918 1028 saeuitatum‚

531 1061 760 1128 malim
824 1061 1120 1148 equidem
1182 1060 1398 1146 quod
1459 1080 1656 1126 sane
1714 1061 2161 1129 uitandum
2209 1069 2359 1128 est.
2410 1097 2495 1112 --
2543 1059 2618 1127 In
2662 1080 2921 1146 praece-

531 1168 830 1235 dentibus
874 1189 917 1254 p
931 1189 966 1232 r
979 1187 1016 1234 o
1031 1166 1066 1230 f
1077 1187 1112 1232 e
1125 1188 1158 1232 s
1173 1169 1243 1232 si
1260 1186 1297 1232 o
1313 1189 1356 1231 n
1373 1187 1409 1232 e
1456 1187 1583 1232 uox
1628 1166 1818 1233 nihili
1867 1175 1985 1234 est.
2034 1167 2498 1255 Corrigendum
2544 1173 2703 1252 puto
2750 1187 2799 1250 p
2814 1185 2850 1230 r
2864 1185 2923 1230 ο-

532 1282 611 1341 te
626 1277 810 1340 nsio
825 1297 870 1339 n
885 1294 940 1339 e.
1009 1275 1086 1338 A.
1151 1272 1370 1339 sedulo
1430 1293 1654 1340 cauere
1715 1273 1935 1340 studet
1992 1294 2073 1339 ne
2130 1276 2409 1340 narratio
2456 1275 2737 1340 nimium
2780 1292 2923 1380 prp-

531 1381 850 1447 tendatur.

626 1579 732 1645 11.
782 1578 846 1644 8.
925 1577 1056 1663 „Eo
1099 1551 1496 1646 necessitatis
1542 1579 1856 1646 adductus
1902 1579 2259 1665 ultimaque
2304 1583 2371 1646 ni
2421 1578 2765 1667 uigilasset
2811 1598 2923 1662 op-

529 1689 805 1774 periens,
853 1687 1206 1771 principem
1250 1683 1463 1751 locum
1485 1734 1504 1769 ,
1552 1688 1608 1751 si
1655 1688 1838 1772 copia
1884 1689 2194 1772 patuisset
2241 1707 2473 1772 quam
2522 1685 2919 1760 adfectabat,

529 1794 640 1860 sed
682 1791 1008 1879 perfidiam
1055 1795 1492 1876 proximorum
1539 1794 1785 1858 ratione
1832 1793 2058 1862 bifaria
2106 1795 2462 1872 uerebatur‚
2508 1795 2617 1878 qui
2659 1813 2814 1858 eum
2854 1795 2922 1854 ut-

528 1899 965 1966 truculentum
1015 1899 1355 1969 horrebant
1401 1905 1466 1964 et
1511 1897 1852 1964 leuem.”
1920 1904 1925 1919 '

619 2005 916 2091 Ineptum
941 2004 1106 2071 illud
1150 2027 1191 2090 q
1207 2025 1248 2069 u
1265 2025 1384 2070 am
1422 2004 1663 2071 deleuit
1687 2003 2139 2092 Eyssenhardt.
2187 1990 2595 2072 Probabilius
2615 2006 2921 2071 existimo

528 2123 652 2179 Am
660 2115 947 2178 mianum
993 2112 1316 2196 scripsisse
1365 2116 1690 2197 ‚,<per>q
1708 2133 1753 2176 u
1769 2131 1809 2178 a
1822 2133 1891 2178 m
1931 2111 2346 2180 adfectabat.'’
2394 2111 2520 2179 Pro
2548 2111 2921 2190 „truculen-

528 2224 672 2284 tum
720 2266 735 2282 .
767 2264 782 2282 .
812 2264 830 2283 .
877 2222 942 2283 et
984 2215 1242 2283 leuem''
1290 2216 1519 2283 malim
1569 2216 2047 2295 „truculentum
2100 2265 2116 2283 .
2145 2267 2162 2283 .
2189 2266 2205 2282 .
2253 2226 2319 2284 et
2365 2217 2773 2284 saeuum.”

623 2421 728 2487 11.
779 2417 888 2486 26.
941 2419 1282 2500 „Adrastia
1328 2441 1498 2484 nunc
1537 2424 1777 2486 erectas
1814 2423 2131 2488 mentium
2172 2423 2451 2488 ceruices
2496 2423 2813 2509 opprimit
2858 2424 2922 2486 et

529 2550 564 2596 e
579 2552 621 2595 n
638 2550 673 2595 e
687 2550 720 2594 r
737 2548 834 2595 ua
849 2534 878 2593 t
894 2577 912 2614 ‚
937 2548 1104 2593 nunc
1130 2528 1326 2594 bonos
1349 2527 1428 2593 ab
1447 2529 1576 2596 imo
1602 2530 1913 2596 suscitans
1939 2529 2018 2595 ad
2043 2529 2202 2596 bene
2224 2528 2579 2595 uiuendum
2606 2526 2919 2595 extollit.”

618 2634 744 2701 Pro
790 2639 1050 2701 eneruat
1095 2636 1410 2701 sententia
1454 2636 1765 2700 nimirum
1816 2636 2081 2720 requirit
2127 2638 2150 2700 i
2167 2659 2212 2701 n
2228 2656 2261 2701 c
2276 2656 2321 2699 u
2336 2657 2370 2700 r
2386 2656 2429 2699 u
2445 2655 2483 2700 a
2500 2647 2547 2703 t.

621 2838 722 2904 11.
789 2836 898 2905 26.
964 2839 1244 2917 „Pinnas
1305 2844 1520 2906 autem
1586 2839 1729 2905 ideo
1791 2837 1893 2903 illi
1955 2840 2026 2921 [i.
2069 2859 2123 2904 e.
2192 2839 2555 2925 Adrastiae]
2626 2840 2917 2907 fabulosa

526 2952 810 3013 uetustas
859 2949 1106 3031 aptauit
1150 2949 1227 3012 ut
1272 2945 1487 3010 adesse
1536 2944 1875 3009 uelocitate
1919 2944 2169 3009 uolucri
2214 2948 2461 3013 cunctis
2508 2948 2915 3013 existimetur

527 3058 590 3118 et
628 3052 1176 3137 praetendere
1218 3048 1725 3139 gubernaculum
1769 3049 1947 3115 dedit
1984 3051 2166 3135 eique
2188 3051 2477 3118 subdidit
2500 3053 2737 3119 rotam”
2760 3061 2914 3120 cett.

615 3158 743 3224 Pro
787 3157 1377 3244 praetendere,
1425 3156 1595 3243 quod
1635 3158 1903 3221 minime
1940 3156 2281 3244 intellego,
2324 3156 2669 3246 leg-endum
2708 3162 2912 3247 suspi-

525 3286 631 3331 cor
675 3264 1214 3349 prehendere.
1263 3260 1488 3349 Gomp.
1537 3260 1669 3327 Cic.
1720 3261 1925 3347 Epist.
1975 3262 2054 3327 ad
2102 3260 2283 3329 Brut.
2334 3262 2418 3328 11.
2471 3264 2530 3329 1.
2578 3264 2658 3329 2:
2724 3272 2910 3344 „tan-

523 3378 668 3436 tum
705 3372 868 3436 mihi
907 3372 1153 3456 sumpsi
1189 3373 1266 3434 ut
1302 3367 1735 3457 gubernacula
1774 3370 1865 3432 rei
1912 3366 2204 3453 publicae
2252 3369 2775 3455 prehenderem.”
2827 3409 2905 3421 -

522 3478 621 3544 De
656 3475 974 3542 infinitiuo
1021 3476 1100 3543 cf.
1152 3474 1320 3541 XVI.
1376 3473 1479 3539 12.
1527 3474 1645 3539 11:
1699 3494 1903 3561 „quae
1956 3476 2011 3539 si
2060 3474 2305 3541 dederit
2350 3479 2689 3563 quisquam
2739 3500 2907 3546 com-

524 3584 710 3651 modo
755 3604 938 3670 posse
983 3580 1297 3651 transiri.”
1344 3618 1430 3633 —

1523 3832 1903 3841 ————--—..-—-—-

1520 3953 1723 4049 Iamna
1767 3954 1906 4023 XV.

613 4138 675 4205 2.
726 4136 790 4205 9.
840 4138 1225 4217 „Accidebat
1271 4158 1398 4204 non
1434 4157 1763 4225 nunquam
1808 4144 1881 4204 ut
1920 4138 2207 4225 opulenti
2248 4137 2390 4224 pul
2410 4144 2686 4206 santes
2727 4160 2897 4226 prae-

519 4247 685 4313 sidia
747 4248 1068 4331 potiorum
1115 4244 1446 4331 isdemque
1490 4252 1823 4332 tamquam
1870 4245 2137 4311 hederae
2183 4244 2369 4313 celsis
2415 4246 2743 4313 arboribus
2788 4245 2895 4313 ad-

520 4353 848 4418 haerentes
895 4348 1356 4417 absolutionem
1406 4354 1629 4435 pretiis
1672 4356 2101 4417 mercarentur
2144 4351 2545 4417 immensis.”
