3150 5000
1186 311 1274 358 An
1319 308 1669 358 nocuum.
2531 281 2620 349 89

344 474 485 561 Cap.
534 473 643 541 13.
693 475 892 541 Miror
929 477 1281 552 neminem,
1323 473 1487 559 quod
1527 473 1761 548 sciam,
1802 470 2077 538 haesisse
2113 474 2181 536 in
2219 471 2355 538 his:
2411 473 2618 554 ἡσυχῇ

265 579 332 648 ἂν
387 579 821 660 ὑπεφθέγξατο
884 580 1554 661 προσποιούμενος
1616 579 2067 662 λανθάνειν,
2114 575 2312 657 ὥσπερ
2361 579 2426 642 οὐ
2474 579 2618 659 πρὸς

264 689 461 752 ἐκεῖνον
518 687 871 753 ἀποτείνων.
960 685 1099 753 Aut
1146 705 1265 774 ego
1314 687 1575 773 egregie
1625 683 1810 749 fallor
1853 690 1966 750 aut
2009 685 2162 750 haee
2209 685 2405 751 verba
2453 683 2622 749 nihil

264 791 418 858 aliud
472 792 835 882 significant
896 814 1089 878 quam
1135 794 1324 857 latere
1367 813 1430 855 ee
1472 791 1798 868 simulans,
1848 811 1998 856 eum
2048 798 2262 858 tamen
2310 794 2623 857 sententia

264 900 579 966 manifesto
623 902 905 986 requirat
950 897 1137 964 tatere
1180 920 1242 963 ee
1280 899 1431 963 velle
1468 897 1759 962 &mulam
1771 918 1789 976 ;
1831 919 1992 982 quae
2027 900 2225 964 etiam
2261 903 2395 964 erat
2433 918 2623 964 causa

264 1027 359 1072 cur
413 1026 563 1073 vooe
622 1005 940 1073 submissa
1001 1003 1388 1090 loqueretur.
1476 1002 1606 1068 Hie
1664 1023 1882 1068 sensus
1945 1001 2206 1069 Graecis
2262 1023 2386 1069 non
2431 1005 2622 1069 inerit

264 1115 369 1178 nisi
425 1117 535 1178 aut
596 1111 901 1177 ἐθέλειν
962 1118 1076 1177 aut
1127 1109 1556 1190 πειρᾶσθαι
1607 1108 2021 1194 suppleveris.
2093 1109 2268 1190 Quae
2314 1130 2466 1177 mox
2521 1131 2621 1175 se-

266 1231 522 1303 quuntur
577 1217 711 1297 ἔαρ
771 1217 908 1292 ἤδη
970 1216 1207 1283 melius
1262 1237 1375 1302 per
1436 1218 2000 1303 interrogationem
2057 1216 2425 1282 efferentur:
2481 1239 2620 1281 mem

268 1324 369 1387 iam
410 1345 507 1388 ver
552 1321 677 1389 est?
724 1323 894 1409 quod
937 1331 1033 1388 est
1078 1323 1541 1388 subsannantis.

348 1533 489 1622 Gap.
556 1535 657 1602 1'7.
714 1537 781 1602 τί
819 1536 923 1602 καὶ
973 1535 1304 1618 προέξειν
1351 1535 1820 1613 διέγνωκας.
1895 1535 2032 1600 Aut
2082 1535 2465 1615 πράττειν
2510 1543 2623 1602 aut

278 1641 543 1722 πρᾶξαι
604 1629 872 1729 repone3
930 1663 1080 1708 nam
1144 1643 1632 1721 γιγνώσκειν
1693 1649 1756 1708 et
1803 1643 2426 1721 διαγιγνώσκειν
2473 1665 2620 1709 eum

274 1747 463 1815 futuro
518 1769 643 1815 non
703 1752 1195 1836 coniunguntur.
1280 1748 1597 1834 Exempla
1653 1751 1888 1834 passim
1941 1755 2090 1814 sunt
2150 1749 2372 1833 obvia,
2439 1753 2512 1813 ut
2557 1751 2624 1814 in

274 1852 377 1918 hoe
415 1857 545 1940 ipso
592 1854 850 1942 dialogo
896 1875 1028 1940 cap.
1090 1853 1173 1919 15
1220 1853 1645 1934 λατρεύειν
1692 1854 1994 1932 διέγνωκε.
2047 1855 2204 1921 Mox
2249 1856 2314 1919 in
2355 1876 2490 1940 cap.
2536 1853 2621 1920 18

274 1959 349 2024 in.
392 1963 629 2049 corrige
675 1959 1151 2041 προθέμενος
1197 1982 1311 2047 pro
1366 1959 1938 2042 προτιθέμενος.

350 2171 493 2261 Gap.
547 2173 656 2240 20.
724 2175 925 2240 καίτοι
982 2175 1588 2254 μαρτυρομένης
1648 2182 1760 2250 τῆς
1811 2173 2034 2254 Τύχης
2086 2173 2326 2253 παίζειν
2375 2173 2461 2239 τὰ
2506 2175 2624 2237 τῶν

272 2278 559 2358 ἀνθρώπων
606 2281 712 2345 καὶ
762 2281 1309 2360 ὁμολογούσης
1354 2279 1540 2356 μηδὲν
1589 2282 1790 2345 αὐτῶν
1835 2276 1989 2344 εἶναι
2038 2279 2321 2358 βέβαιον.
2373 2279 2623 2360 Quanto

276 2386 463 2470 aptius
504 2387 621 2454 hoo
664 2387 913 2453 dietum
962 2392 1126 2452 esset
1146 2435 1165 2463 ,
1215 2389 1271 2452 si
1314 2387 1469 2452 haee
1515 2388 1856 2472 partieipia
1901 2388 2068 2452 inter
2114 2407 2180 2451 se
2219 2392 2622 2471 transponere

270 2488 494 2559 liceret!

346 2702 491 2810 Cap.
524 2706 633 2775 21.
679 2708 735 2773 οἱ
784 2710 1189 2779 πλουτοῦντες
1239 2728 1281 2769 α
1301 2705 1465 2770 ὗτο)
1514 2704 1644 2770 καὶ
1689 2705 1808 2777 τὰς
1857 2705 2232 2784 πορφυρίδας
2261 2708 2620 2786 προφαίνον-

271 2833 375 2883 τες.
440 2811 515 2878 In
562 2812 785 2878 αὐτοὶ
835 2815 1004 2892 καί,
1044 2812 1214 2897 quod
1247 2814 1382 2877 sine
1420 2810 1555 2877 nlla
1578 2812 1647 2879 vi
1671 2811 1959 2888 additur,
1984 2810 2262 2897 pellucet
2285 2838 2326 2879 α
2346 2812 2620 2898 ὖτίκα,

270 2918 351 2980 vel
382 2923 595 2986 datin.

348 3124 488 3215 Cap.
548 3129 657 3195 22.
722 3128 911 3202 Κύνες
961 3129 1067 3195 καὶ
1114 3126 1459 3203 κόλακες
1508 3128 1613 3194 καὶ
1662 3130 1747 3194 τὰ
1796 3134 2059 3195 τοιαῦτα
2105 3130 2343 3197 ἀκούειν
2392 3132 2622 3210 ὑπομέ-

275 3254 466 3307 νοντες.
539 3234 933 3302 Commendo
995 3235 1327 3317 κόρακες
1350 3282 1367 3313 ,
1430 3234 1600 3321 quod
1646 3240 1710 3301 et
1756 3236 1962 3301 acrius
2009 3242 2106 3302 est
2151 3240 2510 3305 convicium
2560 3245 2626 3305 et

276 3338 476 3406 melius
520 3363 669 3407 cum
716 3344 961 3407 canibus
1010 3344 1420 3429 coniungitur
1466 3348 1530 3405 et
1576 3343 1946 3426 saepissime
1986 3342 2063 3408 de
2103 3345 2336 3408 scurris
2373 3350 2439 3409 et
2463 3343 2621 3411 adu-

275 3440 549 3513 latoribus
594 3455 660 3513 et
706 3449 1001 3534 parasitis
1049 3447 1218 3533 apud
1264 3468 1483 3513 omnes
1530 3446 1906 3523 adhibetur,
1936 3454 2011 3513 ut
2031 3450 2098 3512 in
2124 3446 2393 3515 Timone
2417 3469 2554 3535 cap.
2581 3448 2622 3514 8

279 3550 515 3631 ιιθραξι
572 3554 677 3619 καὶ
743 3554 944 3627 λύκοις
1005 3552 1406 3635 χαριζόμενος
1454 3558 1519 3618 et
1566 3574 1705 3639 cap.
1762 3551 1846 3617 48
1894 3553 2236 3634 κοράκων
2286 3555 2448 3621 οὐδὲν
2497 3554 2628 3622 διαέ

277 3656 559 3735 φέροντας.

352 3866 485 3957 Gap.
535 3871 647 3939 23.
694 3871 883 3952 μηδὲν
920 3869 1143 3951 ὄφελος
1186 3868 1339 3937 εἶναι
1382 3876 1791 3952 περικαλλοῦς
1831 3872 2024 3945 οἰκίας
2063 3874 2150 3955 τῷ
2186 3875 2439 3941 οἰκοῦντι
2466 3876 2622 3951 μηδὲ

280 3982 473 4052 χρυσοῦ
517 3979 621 4044 καὶ
670 3980 1047 4061 ἐλέφαντος,
1097 3980 1147 4044 εἲ
1197 3978 1424 4054 μήτις
1466 3978 1634 4043 αὐτὰ
1661 3977 1982 4059 θαυμάζοι.
2027 3982 2160 4045 Aut
2184 3978 2448 4047 delenda
2473 3988 2623 4048 sunt

281 4081 441 4147 verba
474 4086 567 4166 τῷ
618 4085 1005 4167 οἲκοῦντι,
1055 4084 1288 4169 quibus
1334 4082 1520 4149 facile
1570 4103 1895 4167 caremus,
1937 4090 2050 4150 aut
2096 4091 2239 4169 post
2278 4087 2620 4166 ἐλέφαντος

280 4184 361 4261 τῷ
413 4191 864 4275 κεκτημένῳ
911 4188 1016 4255 vel
1067 4189 1281 4255 simile
1328 4188 1482 4274 quid
1528 4189 1970 4267 inserendum;
2020 4212 2168 4256 nam
2216 4198 2392 4277 patet
2436 4217 2623 4276 χρυ-

284 4294 393 4354 σοῦ
445 4297 571 4362 καὶ
630 4295 1079 4377 ἐλέφαντος
1128 4316 1273 4360 oum
1320 4296 1419 4375 τῷ
1470 4295 1810 4359 οἱκοῦντι
1858 4294 2035 4362 nullo
2081 4297 2270 4363 modo
2318 4300 2618 4389 coniungi

285 4410 445 4475 poene.
513 4401 586 4467 In
640 4404 949 4488 proximis
994 4400 1219 4487 supple
1265 4400 1453 4482 ἐχρῆν
1502 4400 1671 4485 (μὲν)
1715 4394 1814 4467 οὖν
1845 4450 2040 4467 .....
2095 4408 2198 4467 νῦν
2243 4402 2327 4470 δέ.
2376 4402 2619 4471 Iterum
