3150 5000
584 273 714 344 154
1403 339 1406 346 .
1444 318 1453 323 -
1549 286 1974 349 nummu.

574 490 699 536 non
766 466 1073 547 τρέπουσι.
1132 466 1562 532 Luculentum
1624 468 1944 552 imprimis
2003 473 2100 534 est
2160 470 2327 553 quod
2390 470 2555 554 apud
2617 470 2935 536 Platonem

574 578 812 665 legitur
855 578 922 641 in
971 572 1233 661 Cratylo
1281 594 1341 658 p.
1392 574 1521 638 411
1566 573 1652 650 βε
1701 576 1751 639 οἱ
1794 575 2009 639 πολλοὶ
2052 577 2168 639 τῶν
2208 577 2412 651 σοφῶν
2454 576 2568 640 ὑπὸ
2606 582 2713 641 τοῦ
2754 576 2937 641 πυκνοὶ

573 683 1215 764 περ“ιςρέΦεσθαι
1287 680 1609 761 ζητοῦντες
1680 679 1797 761 ὅπῃ
1865 680 2002 761 ἔχει
2073 681 2158 745 τὰ
2224 679 2411 756 ὄντα,
2478 682 2576 747 oie>
2635 684 2935 760 ἴλιγγιῶσι

569 788 847 855 κᾶπειτα
916 789 1125 857 αὐτοῖς
1193 788 1492 867 φαίνεται
1561 810 1657 851 πε
1673 762 2061 867 ριφέρεσὸ
2074 810 2154 852 αι
2238 788 2326 854 τοὶ
2394 789 2781 869 πράγματα.
2850 786 2935 854 Of.

567 902 890 983 praeterea
936 894 1165 961 Elmsl.
1215 893 1296 958 ad
1341 893 1493 958 Eur.
1541 892 1718 959 Med.
1767 891 1919 962 974.

657 1110 802 1176 Non
863 1108 1305 1181 ΝικονΙδας
1372 1107 1482 1173 sed
1539 1109 1984 1181 Νικωνίδας
2042 1108 2447 1175 scribendum
2509 1109 2602 1177 IV
2666 1109 2776 1177 78.
2826 1109 2937 1177 Sed

565 1218 829 1305 gravius
878 1221 974 1282 est
1022 1216 1258 1280 vitium
1307 1236 1360 1279 o.
1412 1212 1497 1280 '79
1546 1214 1623 1279 de
1670 1212 1970 1280 Brasidae
2014 1217 2081 1279 in
2130 1214 2467 1281 Thraciam
2519 1217 2830 1283 adventu:
2878 1218 2937 1281 ἐκ

563 1332 674 1399 τῆς
737 1322 1194 1397 Πελοποννήσου
1247 1360 1329 1370 -
1378 1318 1442 1386 οἵ
1491 1345 1562 1386 τε
1625 1321 1725 1385 ἐπὶ
1792 1322 2036 1405 Θρᾴκης
2084 1323 2407 1401 ἄφεςῶτες
2458 1323 2564 1386 καὶ
2612 1325 2938 1405 Περδίκκας

563 1428 984 1508 ἐξήγαγον
1043 1429 1146 1494 τὸν
1205 1425 1427 1508 ςρατόν
1489 1433 1554 1493 et
1614 1430 1833 1511 paucis
1888 1428 2270 1515 interjectis:
2320 1428 2423 1493 καὶ
2472 1428 2616 1505 ἅμα
2668 1432 2735 1495 αἱ
2784 1446 2937 1505 πλή-

563 1536 836 1615 σιόχωροι
897 1536 1107 1606 πόλεις
1171 1536 1374 1599 αὐτῶν
1420 1534 1485 1598 αἱ
1533 1535 1641 1598 οὐκ
1688 1534 2068 1613 οἱφεςηκυῒαι
2121 1533 2575 1613 ξυνεπῆγον
2623 1538 2838 1617 κρύφα
2882 1544 2939 1603 et

559 1645 627 1709 in
689 1642 812 1709 fine
873 1644 1132 1728 eapitis:
1183 1639 1411 1719 ξυνέβη
1462 1640 1514 1704 δ’
1563 1640 1808 1719 αὐτοῖς,
1859 1639 1974 1709 &cs
2020 1644 2158 1725 ῥᾷον
2206 1642 2273 1705 ἐκ
2315 1650 2425 1717 τῆς
2484 1647 2937 1719 Πελοποννήσου

559 1750 779 1829 ςρατόν
840 1749 1302 1827 ἐξαγαγεῖν
1369 1751 1402 1823 ή
1463 1754 1581 1813 τῶν
1644 1746 2145 1825 Λακεδαιμονίων
2209 1750 2270 1814 ἐν
2316 1752 2400 1829 τῷ
2452 1746 2706 1828 παρόντι
2758 1774 2937 1817 κακο-

560 1856 828 1935 πραγία.
901 1856 1034 1921 Neo
1091 1864 1305 1920 tamen
1365 1860 1522 1940 puto
1585 1854 1731 1920 illas
1792 1857 2136 1939 scripturas
2184 1854 2610 1923 Herwerdeno
2660 1861 2937 1942 potuisse

553 1964 838 2050 plaeere,
904 1961 1010 2028 sed
1071 1962 1260 2039 fecit,
1323 1964 1577 2048 opinor,
1644 1962 1810 2046 quod
1858 1965 2057 2027 ooaoti
2110 1964 2476 2047 saepissime
2520 1964 2853 2042 facimus,·
2880 1969 2938 2029 et

555 2073 870 2137 intactum
941 2068 1236 2154 reliquit,
1299 2070 1483 2134 ouius
1543 2067 1726 2133 nulla
1787 2074 2148 2153 suppeteret
2206 2069 2552 2154 probabilis
2616 2074 2935 2138 eorrectio,

555 2176 682 2243 Sed
727 2179 1010 2262 primum
1059 2174 1422 2241 Dobraeum
1471 2174 1843 2240 audiamus:
1889 2173 2377 2252 „Chalcidenses
2392 2224 2425 2252 „
2454 2183 2771 2261 qnantum
2806 2200 2937 2243 me-

552 2284 751 2360 mini,
807 2280 1018 2347 nullas
1079 2283 1290 2366 copias
1351 2280 1669 2346 habebant
1725 2282 1793 2345 in
1854 2280 2307 2366 Peloponneso.
2373 2280 2559 2349 Certe
2607 2282 2938 2351 Perdiccas

554 2410 678 2454 non
739 2390 988 2474 potuit,
1048 2390 1280 2473 quippe
1342 2389 1455 2472 qui
1517 2407 1734 2472 pacem
1803 2409 1950 2453 oum
2012 2388 2507 2455 Atheniensibus
2570 2390 2935 2475 simularet,

550 2503 624 2562 ut
671 2502 846 2582 patet
894 2517 971 2562 ex
1017 2495 1135 2561 hoe
1183 2496 1320 2580 ipso
1367 2493 1504 2560 loeo
1552 2501 1616 2560 et
1664 2515 1815 2559 mox
1870 2517 1922 2560 c.
1974 2492 2081 2562 82.
2131 2494 2507 2583 Legendum
2555 2504 2750 2582 puto:
2794 2505 2937 2574 ἔπη·

548 2604 827 2682 γάγοντο
875 2603 1118 2682 ςρατόν.
1165 2599 1446 2688 Vulgata
1490 2603 1663 2666 nasei
1704 2604 1915 2685 potuit
1953 2623 2030 2666 ex
2072 2600 2422 2681 ἐξαγαγεῖν
2445 2607 2510 2667 in
2536 2607 2769 2689 eapitis
2796 2605 2932 2682 fine,

546 2711 660 2774 ubi
705 2707 1118 2796 subintellige
1162 2706 1303 2782 τοὺς
1359 2706 1939 2783 Λακεδαιμονίους.”
1997 2707 2275 2774 Minime
2320 2712 2563 2775 mirum
2604 2717 2734 2788 est,
2782 2712 2935 2778 haec

545 2815 906 2882 Dobraeum
969 2816 1211 2884 nemini
1273 2817 1554 2900 potuisse
1616 2815 1915 2898 probare,
1977 2835 2125 2879 nam
2146 2862 2163 2893 ,
2230 2821 2305 2880 ut
2350 2815 2605 2902 reliqua·
2646 2822 2931 2903 taceam,

543 2922 731 3008 plane
775 2943 899 2987 non
950 2921 1221 2986 attendit
1267 2921 1345 2986 ad
1393 2921 1556 2985 illud
1606 2911 1673 2986 αἳ
1720 2923 1827 2986 οὐκ
1873 2921 2255 3002 αφεςηκυῖαι
2303 2921 2645 3000 ξυνεπῆγον
2693 2927 2929 3005 κρύφα.

542 3029 602 3094 N
607 3049 685 3095 on
747 3028 980 3094 melius
1037 3049 1134 3092 res
1183 3025 1504 3092 Classenio
1551 3031 1881 3105 suecessit;
1934 3028 2262 3093 adnotavit
2308 3031 2473 3094 enim
2525 3029 2605 3095 ad
2658 3031 2929 3097 verbum

541 3133 916 3212 ξυνεπῆγον·
961 3133 1136 3198 Nae-h
1181 3134 1308 3196 dem
1359 3133 1875 3217 voransqehenden
1924 3133 2238 3212 ἐξήγαγον
2283 3141 2441 3200 wc‘ire
2485 3135 2821 3215 ξυνεξῆγον
2857 3160 2929 3201 zu

541 3249 829 3308 erwarcen
883 3261 1144 3320 qewesen
1161 3258 1178 3316 ;
1246 3239 1393 3302 doeh
1450 3239 1531 3302 ist
1594 3240 1704 3304 das
1749 3239 2012 3317 ἐπάγειν
2057 3241 2138 3303 im
2184 3240 2367 3305 Sinna
2412 3264 2524 3306 von
2575 3243 2927 3321 ε’ποὶγεσθαι

537 3349 667 3411 und
710 3348 1135 3412 ἐπικαλεῖσθαι
1167 3345 1300 3430 fiir
1343 3344 1444 3409 die
1486 3345 1650 3427 Laye
1693 3351 1796 3410 der
1842 3348 1946 3411 οὐκ
1994 3347 2385 3426 αφεςηκότες
2433 3354 2565 3412 und
2606 3349 2705 3411 ihr
2745 3351 2927 3414 heim-

538 3455 722 3518 lickes
785 3453 1030 3517 Treiben
1089 3453 1250 3515 recht
1297 3451 1614 3534 paesend.”
1662 3451 1973 3538 Equidem
2024 3455 2295 3519 dixerim
2342 3455 2505 3520 illud
2546 3453 2925 3536 ξυνεποὶγειν

419 3543 426 3554 ’
535 3580 762 3644 parum
827 3579 959 3624 esse
1023 3562 1244 3642 aptum
1309 3556 1390 3622 ad
1451 3557 1938 3644 significandum
2004 3561 2101 3624 ein
2146 3561 2483 3625 heimlickes
2536 3561 2821 3639 Treibeu,
2873 3562 2928 3627 si

537 3665 795 3751 quidem
858 3669 1026 3729 recte
1087 3662 1328 3750 legitur
1395 3663 1487 3730 III
1541 3665 1660 3730 ll:
1711 3667 1796 3730 τοὶ
1845 3665 2109 3743 apd-nea
2160 3667 2258 3730 ἐπὶ
2309 3665 2447 3734 τοὺς
2500 3666 2927 3747 ὖποδεεςέρους

533 3777 803 3850 πρώτους
843 3770 1206 3849 ξυνεπῆγον.
1258 3770 1422 3850 Quid
1464 3779 1679 3837 autem
1720 3772 2115 3857 requiratur,
2156 3773 2443 3838 ostendet
2480 3772 2675 3839 huius
2710 3775 2923 3859 quarti

531 3877 682 3942 libri
729 3881 1012 3963 primum
1063 3881 1290 3960 caput:
1341 3871 1484 3952 ἅμα
1533 3875 1595 3940 δὲ
1644 3877 1746 3941 καὶ
1796 3875 2423 3956 ξυνεπαγόντων
2472 3879 2764 3958 Ῥηγίνων
2800 3887 2923 3962 Φυ-

529 3984 738 4064 ydem
765 4035 780 4061 ,
844 3983 1009 4068 quod
1077 4003 1277 4068 quum
1337 3983 1564 4048 itidem
1624 3983 1891 4050 moleste
1950 3984 2196 4051 dietum
2246 3992 2441 4065 esset,
2490 3986 2772 4052 Cobetus
2816 4007 2919 4053 re-

531 4092 783 4176 scripsit
828 4087 1478 4167 ξυνεναγόντων,
1522 4089 1749 4156 Mnem.
1793 4089 1949 4156 XIX
1992 4091 2142 4157 436.
2188 4092 2476 4170 Ἐνοὶγειν
2501 4099 2598 4159 est
2622 4095 2915 4172 excitare,

529 4197 875 4280 stimulare,
945 4194 1236 4276 instiqare
1297 4193 1489 4281 idque
1534 4203 1608 4262 ut
1656 4198 1984 4282 probaret,
2030 4201 2400 4285 provocavit
2449 4197 2727 4267 Cobetus
2777 4209 2919 4265 tum

528 4303 606 4369 ad
675 4303 832 4368 alios
901 4299 1070 4366 locos
1141 4308 1282 4366 tum
1355 4301 1432 4368 ad
1499 4302 1584 4368 IV
1650 4301 1775 4368 24:
1850 4303 1954 4369 καὶ
2028 4305 2277 4384 μάλιςα
2342 4307 2555 4384 ἐνῆγον
2599 4307 2649 4370 οἱ
2698 4307 2915 4386 Λοκροὶ

523 4415 640 4480 τῶν
681 4409 980 4500 Ῥηγίνων
1027 4407 1170 4471 κατ’
1221 4406 1466 4489 ἔχθραν.
1515 4407 1755 4475 Eodem
1805 4411 1996 4478 modo
2040 4412 2147 4478 hic
2181 4410 2530 4500 legendum
2568 4417 2700 4480 est:
2751 4415 2909 4491 ἐνή-
