3150 5000
1376 204 1617 257 omno.
2594 186 2682 257 '73

299 364 471 445 tam3
534 364 731 435 fuisse
789 368 1089 436 videntur
1132 373 1201 437 in
1246 370 1590 460 archetypo
1634 374 1770 439 iam
1813 371 2332 459 interpolationes
2379 378 2445 439 et
2489 394 2680 441 anno·-

298 472 569 541 tationss
614 474 819 542 alieno
862 476 999 543 loco
1042 482 1331 546 insertae.
1379 480 1523 545 Non
1570 479 1858 546 solebant
1903 484 2147 546 veteres
2164 529 2182 564 ,
2223 485 2298 545 ut
2323 500 2465 564 nos,
2489 501 2682 548 anno-

298 580 721 647 tatiunculam
769 581 1049 669 aliquam
1098 586 1177 651 ad
1222 589 1421 653 imam
1469 589 1771 675 paginam
1789 636 1807 665 ,
1859 596 2160 673 tanquam
2191 587 2507 665 ‚,notam'',
2535 590 2680 653 reii-

300 706 475 771 cere,
537 692 753 753 tamen
813 690 979 774 quod
1034 680 1117 763 11'.
1164 690 1251 757 36
1311 693 1388 758 de
1434 693 1760 778 equitibus
1803 692 2045 781 legitur
2091 712 2399 781 magnam
2448 693 2682 761 simili·
2783 716 2788 723 ·

297 791 592 859 tudinem
638 794 829 861 habet
874 798 1249 884 marginalis
1296 801 1718 865 annotationis
1765 800 1844 882 ab
1889 803 2028 885 ipso
2064 808 2318 866 auctore
2342 801 2677 886 profectae.

300 898 479 966 Male
536 899 743 966 seduli
804 900 1059 969 lectoris
1116 902 1551 970 additamenta
1597 906 1816 971 videor
1863 904 2025 971 mihi
2072 906 2574 973 animadvertere
2622 907 2679 972 Ι.

304 1004 424 1083 56,
476 1005 583 1071 111.
642 1007 759 1085 15,
824 1029 899 1075 ea
959 1024 1125 1076 certe
1185 1032 1307 1077 non
1356 1017 1507 1077 sunt
1553 1012 1748 1077 huius
1793 1011 2076 1094 librarii,
2121 1020 2197 1077 ut
2241 1033 2432 1099 supra
2479 1014 2677 1101 sigui-

301 1111 509 1179 ficavi.
582 1112 817 1181 Contra
866 1115 1115 1182 credere
1162 1138 1417 1202 possum
1464 1100 1622 1183 talia
1668 1118 1746 1183 ab
1795 1138 1866 1183 eo
1917 1117 2194 1203 profecta
2239 1118 2294 1183 I.
2344 1116 2430 1183 30
2483 1117 2680 1201 „libe-

302 1222 468 1285 riora
513 1220 899 1313 (liberaliora
913 1219 967 1309 ?)
1013 1229 1078 1288 et
1120 1224 1435 1310 traversum
1478 1222 1719 1289 latius’'
1764 1244 1879 1309 pro
1914 1225 2103 1311 sma3
2157 1230 2450 1290 nasutum
2496 1223 2678 1289 illam

301 1327 806 1393 emendationem
850 1328 1031 1393 Pilus
1074 1349 1186 1414 pro
1231 1330 1447 1394 Philus
1493 1330 1822 1415 (passim),
1879 1350 2003 1415 qua
2049 1331 2478 1416 antiquarium
2527 1350 2680 1416 age·-
2729 1410 2736 1419 ι

302 1432 447 1516 bat,
510 1453 660 1497 nam
722 1430 939 1515 Cicero
1002 1434 1338 1521 adspiratio
1399 1438 1525 1500 iam
1591 1437 1926 1512 utebatur3
2001 1456 2188 1522 porro
2259 1438 2356 1501 bis
2415 1456 2680 1521 pravam

302 1539 806 1605 emendationem
870 1540 1133 1606 alterius
1194 1561 1423 1607 manus
1481 1562 1558 1607 ex
1618 1540 1863 1607 librarii
1915 1544 2175 1630 ingenio
2219 1541 2480 1607 fluxisse
2523 1548 2680 1627 puto

300 1644 392 1711 ΙΙ.
443 1642 566 1709 34:
631 1666 821 1723 „cum
884 1637 1133 1711 audiret
1191 1647 1690 1713 dominationem
1755 1645 2015 1735 Cypseli
2062 1650 2403 1731 confirmari
2447 1648 2684 1735 defuqit

298 1750 609 1837 patriam”
654 1772 766 1837 pro
816 1751 1293 1830 „confirmatam
1342 1754 1579 1842 fugit.”
1650 1754 1751 1819 Ad
1805 1756 2218 1821 correctiones
2263 1742 2510 1819 librarii
2555 1772 2682 1820 non

300 1862 517 1923 tamen
564 1860 862 1924 continuo
908 1858 986 1925 ad
1035 1858 1237 1925 malas
1284 1860 1483 1927 refero
1530 1858 1644 1925 111.
1701 1857 1820 1923 12:
1874 1865 1982 1938 „et
2026 1879 2188 1947 quae
2225 1861 2434 1925 omnis
2469 1859 2684 1947 magis

302 1982 493 2049 quam
541 1986 604 2028 se
645 1964 771 2048 ipsc
817 1964 1078 2053 diligit’'
1126 1966 1315 2033 modo
1362 1966 1636 2034 dedisset
1673 1989 1737 2032 ee
1759 1967 1894 2051 ipsa
1923 1986 2044 2052 ·pro
2065 1985 2258 2049 εφη
2284 1985 2434 2031 nam
2460 1984 2682 2050 quam-

302 2072 403 2136 vis
464 2072 725 2156 antiqua
784 2073 869 2136 sit
924 2070 1115 2139 lectio
1172 2094 1338 2157 cepoe
1398 2073 1744 2139 secundum
1817 2070 2122 2139 Senecam
2188 2073 2398 2159 (epist.
2447 2068 2678 2137 XVIII.

246 2242 250 2247 .
306 2176 346 2241 5
366 2224 383 2255 ‚
432 2174 581 2262 32),
642 2183 859 2244 tamen
920 2198 996 2243 ex
1059 2177 1293 2245 Seneca
1341 2181 1481 2265 ipso
1527 2185 1825 2266 apparet,
1875 2177 2258 2245 vocabulum
2307 2179 2548 2242 mirum
2593 2178 2684 2242 vi-

304 2305 449 2351 sum
497 2304 659 2359 esse,
710 2304 826 2349 nec
871 2283 1027 2350 alibi
1072 2286 1141 2349 iu
1188 2283 1493 2354 Cicerone
1536 2284 1800 2351 lectum.
1865 2283 2158 2350 Tullium
2195 2303 2321 2350 non
2358 2280 2684 2367 probabile

302 2397 401 2456 est
444 2409 690 2455 caecam
738 2388 919 2456 illam
968 2390 1240 2456 formam
1281 2410 1407 2457 uno
1446 2390 1586 2457 loco
1623 2393 1758 2456 sine
1801 2390 1934 2455 ulla
1957 2391 2332 2456 necessitate
2357 2391 2684 2455 excitasse.

304 2494 482 2562 Mala
544 2497 844 2562 correctio
908 2505 1005 2561 est
1064 2493 1147 2561 11.
1214 2494 1297 2561 14
1364 2496 1513 2576 „sed
1577 2495 1745 2583 quod
1801 2496 2126 2583 proprium
2173 2494 2284 2560 eie’
2329 2515 2442 2580 pro
2491 2503 2574 2560 est
2621 2495 2686 2560 et

302 2601 549 2669 librarii
596 2622 728 2668 esse
775 2605 1002 2687 potest.
1057 2600 1305 2668 Paucae
1352 2609 1501 2668 sunt
1546 2605 1962 2668 correctiones
2007 2604 2218 2686 potius
2257 2621 2448 2686 quam
2489 2601 2685 2666 inter-

303 2708 673 2796 polationes.
740 2707 897 2774 Alia
966 2709 1272 2795 ambigua
1332 2708 1498 2774 nihil
1559 2709 1817 2794 prodest
1881 2709 2272 2796 distinguere
2322 2705 2506 2773 velle.
2577 2703 2686 2772 Sic

302 2815 575 2881 minime
620 2811 1014 2882 definiverim
1062 2815 1229 2880 sitne
1272 2817 1648 2900 antiquioris
1705 2833 1784 2881 an
1829 2815 2024 2878 huius
2069 2813 2318 2880 librarii
2366 2811 2686 2900 (librario-

303 2921 558 3006 rumve)
604 2918 685 2984 11.
739 2919 817 2985 11
868 2925 1193 3003 niteretur,
1260 2918 1343 2984 36
1397 2919 1853 3006 „post[quam]”
1904 2918 1990 2984 43
2043 2919 2250 3005 ,apud
2296 2926 2542 2984 nostros
2587 2939 2685 2981 re-

296 3025 465 3110 qest,
516 3023 602 3091 42
653 3033 760 3105 „et
805 3033 874 3091 ut
916 3025 1065 3091 sit”.
1138 3026 1281 3092 Non
1331 3025 1553 3093 dubito
1603 3026 1756 3112 quin
1803 3025 1929 3092 alia
1975 3027 2170 3092 etiam
2219 3025 2426 3092 aliena
2470 3024 2686 3111 depre-

302 3130 661 3199 hendantur
721 3133 791 3197 in
850 3133 955 3197 his
998 3131 1179 3198 libris
1196 3179 1215 3210 ‚
1266 3143 1363 3198 eat
1408 3135 1584 3199 enim
1629 3152 1832 3221 genus
1877 3132 1998 3199 boc
2043 3133 2292 3198 critices
2337 3131 2683 3196 admodum

304 3237 585 3325 proclive
642 3238 752 3304 sed
810 3237 1127 3304 lubricum
1194 3237 1387 3304 idem.
1461 3239 1606 3304 Non
1669 3244 1882 3304 tamen
1945 3241 2243 3304 omittam
2305 3238 2688 3324 suspitiones

305 3343 456 3412 has:
502 3343 551 3408 Ι.
582 3343 699 3409 ll:
752 3344 960 3430 „quod
1008 3347 1121 3430 qui
1167 3343 1510 3431 tranquillo
1548 3346 1716 3410 mari
1750 3344 2104 3432 gubernare
2127 3364 2192 3409 se
2217 3349 2449 3431 negent
2473 3362 2680 3429 posse,

304 3448 472 3535 quod
531 3471 645 3516 nec
710 3449 1078 3528 didicerint,
1140 3470 1255 3517 nec
1316 3470 1620 3536 umquam
1684 3451 1902 3535 [scire]
1951 3450 2311 3516 curaverint
2330 3498 2349 3531 ,
2415 3445 2684 3527 eidem”,

304 3554 443 3621 rell.
506 3554 645 3636 Qui,
690 3542 821 3621 non'
876 3555 1102 3620 didicit
1162 3557 1547 3643 gubernare.
1611 3559 1771 3622 scire
1822 3577 1944 3622 nou
1993 3557 2276 3641 curavit3
2323 3553 2488 3619 nihil
2535 3553 2686 3620 novi

304 3661 422 3727 boc
483 3663 792 3738 continet;
874 3663 1131 3727 omnino
1195 3685 1312 3726 nou
1372 3685 1586 3728 curare
1646 3663 2174 3750 gubernationem
2238 3660 2433 3726 latins
2511 3656 2687 3747 pa'tet

305 3789 497 3854 quam
544 3791 663 3832 non
708 3789 921 3832 curare
964 3772 1135 3832 scire.
1184 3805 1266 3816 —-
1290 3767 1339 3833 1.
1395 3767 1517 3834 31:
1574 3767 1769 3854 „quid
1814 3769 1986 3833 enim
2035 3766 2202 3831 mihi
2247 3765 2322 3832 L.
2348 3765 2537 3832 Pauli
2578 3786 2678 3831 ne-

303 3893 450 3960 pos,
514 3873 633 3940 hoc
691 3873 1037 3949 avunculo,
1085 3872 1481 3940 nobilissima
1532 3873 1653 3961 [in]
1699 3872 1944 3940 familia
1968 3920 1984 3951 ‚
2031 3878 2221 3957 atque
2267 3874 2335 3938 in
2379 3872 2497 3938 hac
2545 3876 2678 3938 tam

304 3978 472 4047 clara
519 4000 585 4046 re
630 3979 883 4067 publica
928 3986 1151 4055 natus,
1207 3979 1521 4065 quaerit”,
1568 3978 1710 4046 rell.
1780 3979 2001 4064 Neque
2047 3983 2312 4044 nascitur
2359 3999 2558 4064 neque
2600 3983 2686 4042 est

304 4085 528 4172 aliquis
568 4085 637 4149 in
683 4085 931 4152 familia
979 4087 1086 4170 (=
1108 4088 1382 4171 pertinet
1432 4085 1512 4152 ad
1537 4086 1635 4172 fi).
1681 4084 1919 4152 Fraudi
1964 4086 2091 4151 fuit
2137 4085 2505 4171 proximum
2550 4083 2640 4150 v‘n.

396 4297 546 4366 Dixi
593 4299 671 4366 de
726 4297 1170 4386 depravatione
1189 4345 1205 4378 ,
1252 4319 1413 4387 quae
1458 4299 1812 4366 omittendo
1858 4304 1971 4367 aut
2015 4299 2300 4368 addendo
2348 4299 2512 4368 facta
2564 4303 2680 4370 est.
