<?xml version="1.0" encoding="UTF-8"?>
<!DOCTYPE html PUBLIC "-//W3C//DTD XHTML 1.0 Transitional//EN"
    "http://www.w3.org/TR/xhtml1/DTD/xhtml1-transitional.dtd">
<html xmlns="http://www.w3.org/1999/xhtml" xml:lang="en" lang="en">
 <head>
  <title>
</title>
<meta http-equiv="Content-Type" content="text/html;charset=utf-8" />
  <meta name='ocr-system' content='tesseract 3.04.00' />
  <meta name='ocr-capabilities' content='ocr_page ocr_carea ocr_par ocr_line ocrx_word'/>
</head>
<body>
  <div class='ocr_page' id='page_1' title='image "./mnemosyne06servgoog_0109.png"; bbox 0 0 3150 5000; ppageno 0'>
   <div class='ocr_carea' id='block_1_1' title="bbox 1184 311 2610 385">
    <p class='ocr_par' dir='ltr' id='par_1_1' title="bbox 1184 311 2610 385">
     <span class='ocr_line' id='line_1_1' title="bbox 1184 311 2610 385; baseline -0.006 1"><span class='ocrx_word' id='word_1_1' title='bbox 1184 337 1269 385; x_wconf 70' lang='lat' dir='ltr'><strong>An</strong></span> <span class='ocrx_word' id='word_1_2' title='bbox 1314 329 1664 385; x_wconf 62' lang='lat' dir='ltr'><strong>nummum.</strong></span> <span class='ocrx_word' id='word_1_3' title='bbox 2525 311 2610 378; x_wconf 89' lang='grc'><strong>99</strong></span> 
     </span>
    </p>
   </div>
   <div class='ocr_carea' id='block_1_2' title="bbox 262 493 2621 696">
    <p class='ocr_par' dir='ltr' id='par_1_2' title="bbox 262 493 2621 696">
     <span class='ocr_line' id='line_1_2' title="bbox 344 493 2621 583; baseline -0.002 -15"><span class='ocrx_word' id='word_1_4' title='bbox 344 497 478 568; x_wconf 82' lang='lat' dir='ltr'>XII.</span> <span class='ocrx_word' id='word_1_5' title='bbox 532 503 592 570; x_wconf 94' lang='lat'><strong>1.</strong></span> <span class='ocrx_word' id='word_1_6' title='bbox 646 505 751 568; x_wconf 77' lang='grc' dir='ltr'><strong>τὸν</strong></span> <span class='ocrx_word' id='word_1_7' title='bbox 800 504 943 568; x_wconf 81' lang='grc' dir='ltr'><strong><em>Δία·</em></strong></span> <span class='ocrx_word' id='word_1_8' title='bbox 976 499 1370 583; x_wconf 84' lang='grc' dir='ltr'><strong><em>πολύμορφον</em></strong></span> <span class='ocrx_word' id='word_1_9' title='bbox 1417 502 1852 580; x_wconf 74' lang='grc' dir='ltr'><strong><em>ἐπιδεικνύεις,</em></strong></span> <span class='ocrx_word' id='word_1_10' title='bbox 1905 499 2242 566; x_wconf 82' lang='grc' dir='ltr'><strong><em>άλλάσσων</em></strong></span> <span class='ocrx_word' id='word_1_11' title='bbox 2291 500 2352 572; x_wconf 82' lang='grc' dir='ltr'><strong><em>ἐς</em></strong></span> <span class='ocrx_word' id='word_1_12' title='bbox 2401 493 2492 563; x_wconf 72' lang='grc' dir='ltr'><strong>ὅτι</strong></span> <span class='ocrx_word' id='word_1_13' title='bbox 2545 497 2621 563; x_wconf 77' lang='grc' dir='ltr'><strong>ἄν</strong></span> 
     </span>
     <span class='ocr_line' id='line_1_3' title="bbox 262 607 1772 696; baseline 0.001 -24"><span class='ocrx_word' id='word_1_14' title='bbox 262 631 341 674; x_wconf 80' lang='grc' dir='ltr'><strong>σοι</strong></span> <span class='ocrx_word' id='word_1_15' title='bbox 382 609 538 692; x_wconf 72' lang='grc' dir='ltr'><strong><em>δοκῇ.</em></strong></span> <span class='ocrx_word' id='word_1_16' title='bbox 611 609 827 676; x_wconf 81' lang='lat' dir='ltr'><strong>Immo</strong></span> <span class='ocrx_word' id='word_1_17' title='bbox 873 609 1475 696; x_wconf 77' lang='grc' dir='ltr'><strong><em>άποδεικνύεις,</em></strong></span> <span class='ocrx_word' id='word_1_18' title='bbox 1522 607 1772 675; x_wconf 70' lang='lat' dir='ltr'><strong>reddis.&#39;</strong></span> 
     </span>
    </p>
   </div>
   <div class='ocr_carea' id='block_1_3' title="bbox 258 805 2627 1322">
    <p class='ocr_par' dir='ltr' id='par_1_3' title="bbox 258 805 2627 1322">
     <span class='ocr_line' id='line_1_4' title="bbox 336 805 2620 889; baseline 0.001 -16"><span class='ocrx_word' id='word_1_19' title='bbox 336 806 508 874; x_wconf 88' lang='lat' dir='ltr'>XIII.</span> <span class='ocrx_word' id='word_1_20' title='bbox 576 811 633 874; x_wconf 91' lang='lat'><strong>1.</strong></span> <span class='ocrx_word' id='word_1_21' title='bbox 700 808 885 875; x_wconf 84' lang='grc' dir='ltr'><strong><em>Ἀσκ.</em></strong></span> <span class='ocrx_word' id='word_1_22' title='bbox 948 805 1057 875; x_wconf 76' lang='grc' dir='ltr'><strong>Εὖ</strong></span> <span class='ocrx_word' id='word_1_23' title='bbox 1116 809 1365 887; x_wconf 76' lang='grc' dir='ltr'><strong><em>λέγεις,</em></strong></span> <span class='ocrx_word' id='word_1_24' title='bbox 1430 806 1521 875; x_wconf 77' lang='grc' dir='ltr'><strong>ὅτι</strong></span> <span class='ocrx_word' id='word_1_25' title='bbox 1585 835 1690 876; x_wconf 88' lang='grc' dir='ltr'><strong><em>σου</em></strong></span> <span class='ocrx_word' id='word_1_26' title='bbox 1752 811 1838 876; x_wconf 70' lang='grc' dir='ltr'><strong>τὰ</strong></span> <span class='ocrx_word' id='word_1_27' title='bbox 1885 811 2272 889; x_wconf 74' lang='grc' dir='ltr'><strong><em>ἐγκαύματα</em></strong></span> <span class='ocrx_word' id='word_1_28' title='bbox 2320 809 2620 888; x_wconf 72' lang='grc' dir='ltr'><strong><em>ἰασάμην.</em></strong></span> 
     </span>
     <span class='ocr_line' id='line_1_5' title="bbox 260 911 2620 1003; baseline 0.001 -24"><span class='ocrx_word' id='word_1_29' title='bbox 260 911 596 980; x_wconf 80' lang='lat' dir='ltr'><strong>Inconsulte</strong></span> <span class='ocrx_word' id='word_1_30' title='bbox 666 925 876 1001; x_wconf 87' lang='lat' dir='ltr'><strong>spreta</strong></span> <span class='ocrx_word' id='word_1_31' title='bbox 945 923 1040 982; x_wconf 77' lang='lat' dir='ltr'><strong>est</strong></span> <span class='ocrx_word' id='word_1_32' title='bbox 1117 920 1363 1002; x_wconf 85' lang='lat' dir='ltr'><strong>optima</strong></span> <span class='ocrx_word' id='word_1_33' title='bbox 1437 917 1674 982; x_wconf 83' lang='lat' dir='ltr'><strong>codicis</strong></span> <span class='ocrx_word' id='word_1_34' title='bbox 1733 917 1785 982; x_wconf 77' lang='lat' dir='ltr'><strong>F</strong></span> <span class='ocrx_word' id='word_1_35' title='bbox 1849 919 2160 1003; x_wconf 84' lang='lat' dir='ltr'><strong>scriptura</strong></span> <span class='ocrx_word' id='word_1_36' title='bbox 2231 921 2309 983; x_wconf 83' lang='grc' dir='ltr'><strong><em>οὐ</em></strong></span> <span class='ocrx_word' id='word_1_37' title='bbox 2379 919 2620 997; x_wconf 74' lang='grc' dir='ltr'><strong><em>λέγεις,</em></strong></span> 
     </span>
     <span class='ocr_line' id='line_1_6' title="bbox 260 1021 2626 1112; baseline 0.003 -28"><span class='ocrx_word' id='word_1_38' title='bbox 260 1021 409 1086; x_wconf 81' lang='lat' dir='ltr'><strong>sicut</strong></span> <span class='ocrx_word' id='word_1_39' title='bbox 452 1027 517 1086; x_wconf 81' lang='lat' dir='ltr'><strong>et</strong></span> <span class='ocrx_word' id='word_1_40' title='bbox 559 1023 698 1106; x_wconf 89' lang='lat' dir='ltr'><strong>ipse</strong></span> <span class='ocrx_word' id='word_1_41' title='bbox 744 1024 812 1086; x_wconf 93' lang='lat' dir='ltr'><strong>in</strong></span> <span class='ocrx_word' id='word_1_42' title='bbox 862 1026 1152 1110; x_wconf 78' lang='lat' dir='ltr'><strong>margine</strong></span> <span class='ocrx_word' id='word_1_43' title='bbox 1200 1024 1672 1108; x_wconf 86' lang='lat' dir='ltr'><strong>adscripseram.</strong></span> <span class='ocrx_word' id='word_1_44' title='bbox 1726 1023 2072 1111; x_wconf 84' lang='lat' dir='ltr'><strong>Vulgatam</strong></span> <span class='ocrx_word' id='word_1_45' title='bbox 2126 1023 2406 1112; x_wconf 83' lang='lat' dir='ltr'><strong>intelligi</strong></span> <span class='ocrx_word' id='word_1_46' title='bbox 2448 1046 2626 1110; x_wconf 86' lang='lat' dir='ltr'><strong>posse</strong></span> 
     </span>
     <span class='ocr_line' id='line_1_7' title="bbox 258 1127 2627 1216; baseline 0.002 -25"><span class='ocrx_word' id='word_1_47' title='bbox 258 1147 433 1214; x_wconf 79' lang='lat' dir='ltr'><strong>nego;</strong></span> <span class='ocrx_word' id='word_1_48' title='bbox 500 1127 619 1193; x_wconf 89' lang='lat' dir='ltr'><strong>hoc</strong></span> <span class='ocrx_word' id='word_1_49' title='bbox 679 1127 887 1194; x_wconf 78' lang='lat' dir='ltr'><strong>dicere</strong></span> <span class='ocrx_word' id='word_1_50' title='bbox 946 1128 1135 1194; x_wconf 82' lang='lat' dir='ltr'><strong>debet</strong></span> <span class='ocrx_word' id='word_1_51' title='bbox 1190 1128 1642 1215; x_wconf 74' lang='lat' dir='ltr'><strong>Aesculapius:</strong></span> <span class='ocrx_word' id='word_1_52' title='bbox 1705 1127 2026 1199; x_wconf 79' lang='lat' dir='ltr'><strong>Conviciis</strong></span> <span class='ocrx_word' id='word_1_53' title='bbox 2089 1153 2196 1198; x_wconf 89' lang='lat' dir='ltr'><strong>me</strong></span> <span class='ocrx_word' id='word_1_54' title='bbox 2255 1135 2453 1216; x_wconf 83' lang='lat' dir='ltr'><strong>petis,</strong></span> <span class='ocrx_word' id='word_1_55' title='bbox 2515 1131 2627 1198; x_wconf 91' lang='lat' dir='ltr'><strong>sed</strong></span> 
     </span>
     <span class='ocr_line' id='line_1_8' title="bbox 260 1231 1569 1322; baseline 0.004 -24"><span class='ocrx_word' id='word_1_56' title='bbox 260 1231 539 1300; x_wconf 83' lang='lat' dir='ltr'><strong>beneficia</strong></span> <span class='ocrx_word' id='word_1_57' title='bbox 582 1255 729 1300; x_wconf 87' lang='lat' dir='ltr'><strong>mea</strong></span> <span class='ocrx_word' id='word_1_58' title='bbox 775 1255 1129 1301; x_wconf 88' lang='lat' dir='ltr'><strong>memorare</strong></span> <span class='ocrx_word' id='word_1_59' title='bbox 1182 1237 1569 1322; x_wconf 86' lang='lat' dir='ltr'><strong>supersedes.</strong></span> 
     </span>
    </p>
   </div>
   <div class='ocr_carea' id='block_1_4' title="bbox 260 1405 2666 1630">
    <p class='ocr_par' dir='ltr' id='par_1_4' title="bbox 260 1405 2666 1630">
     <span class='ocr_line' id='line_1_9' title="bbox 336 1405 2666 1520; baseline 0.003 -19"><span class='ocrx_word' id='word_1_60' title='bbox 336 1433 515 1501; x_wconf 85' lang='lat' dir='ltr'><strong>XIV.</strong></span> <span class='ocrx_word' id='word_1_61' title='bbox 578 1438 638 1502; x_wconf 92' lang='lat'><strong>1.</strong></span> <span class='ocrx_word' id='word_1_62' title='bbox 686 1437 863 1502; x_wconf 75' lang='grc' dir='ltr'><strong><em>άλλά</em></strong></span> <span class='ocrx_word' id='word_1_63' title='bbox 913 1437 1196 1517; x_wconf 79' lang='grc' dir='ltr'><strong><em>ἐρώμενον</em></strong></span> <span class='ocrx_word' id='word_1_64' title='bbox 1244 1437 1455 1504; x_wconf 79' lang='grc' dir='ltr'><strong><em>πενθῶ.</em></strong></span> <span class='ocrx_word' id='word_1_65' title='bbox 1528 1435 1790 1504; x_wconf 80' lang='lat' dir='ltr'><strong>Excidit</strong></span> <span class='ocrx_word' id='word_1_66' title='bbox 1839 1438 2175 1506; x_wconf 77' lang='lat' dir='ltr'><strong>articulus:</strong></span> <span class='ocrx_word' id='word_1_67' title='bbox 2223 1439 2353 1504; x_wconf 77' lang='grc' dir='ltr'><strong>τὸν</strong></span> <span class='ocrx_word' id='word_1_68' title='bbox 2401 1438 2625 1520; x_wconf 76' lang='grc' dir='ltr'><strong><em>ἐρῶμε-</em></strong></span> <span class='ocrx_word' id='word_1_69' title='bbox 2649 1405 2666 1418; x_wconf 49' lang='lat'><strong>·</strong></span> 
     </span>
     <span class='ocr_line' id='line_1_10' title="bbox 260 1540 2622 1630; baseline 0.002 -24"><span class='ocrx_word' id='word_1_70' title='bbox 260 1563 369 1620; x_wconf 85' lang='grc' dir='ltr'><strong><em>νον,</em></strong></span> <span class='ocrx_word' id='word_1_71' title='bbox 426 1549 713 1606; x_wconf 66' lang='lat' dir='ltr'><strong>amasium</strong></span> <span class='ocrx_word' id='word_1_72' title='bbox 770 1567 973 1608; x_wconf 75' lang='lat' dir='ltr'><strong>meum.</strong></span> <span class='ocrx_word' id='word_1_73' title='bbox 1062 1540 1391 1610; x_wconf 84' lang='lat' dir='ltr'><strong>Contrario</strong></span> <span class='ocrx_word' id='word_1_74' title='bbox 1448 1567 1656 1611; x_wconf 87' lang='lat' dir='ltr'><strong>errore</strong></span> <span class='ocrx_word' id='word_1_75' title='bbox 1701 1553 2032 1630; x_wconf 86' lang='lat' dir='ltr'><strong>peccatum</strong></span> <span class='ocrx_word' id='word_1_76' title='bbox 2083 1552 2178 1612; x_wconf 79' lang='lat' dir='ltr'><strong>est</strong></span> <span class='ocrx_word' id='word_1_77' title='bbox 2223 1549 2290 1612; x_wconf 90' lang='lat' dir='ltr'><strong>iu</strong></span> <span class='ocrx_word' id='word_1_78' title='bbox 2339 1547 2376 1630; x_wconf 66' lang='grc' dir='ltr'>ξ</span> <span class='ocrx_word' id='word_1_79' title='bbox 2427 1550 2468 1610; x_wconf 88' lang='grc'><strong>2</strong></span> <span class='ocrx_word' id='word_1_80' title='bbox 2518 1546 2622 1611; x_wconf 76' lang='grc' dir='ltr'><strong><em>καὶ</em></strong></span> 
     </span>
    </p>
   </div>
   <div class='ocr_carea' id='block_1_5' title="bbox 259 1643 2626 1845">
    <p class='ocr_par' dir='ltr' id='par_1_5' title="bbox 259 1643 2626 1845">
     <span class='ocr_line' id='line_1_11' title="bbox 260 1643 2626 1737; baseline 0.003 -25"><span class='ocrx_word' id='word_1_81' title='bbox 260 1648 374 1714; x_wconf 68' lang='grc' dir='ltr'><strong>τὸν</strong></span> <span class='ocrx_word' id='word_1_82' title='bbox 428 1647 635 1728; x_wconf 81' lang='grc' dir='ltr'><strong><em>τάφον</em></strong></span> <span class='ocrx_word' id='word_1_83' title='bbox 697 1651 837 1728; x_wconf 76' lang='grc' dir='ltr'><strong>μὲν</strong></span> <span class='ocrx_word' id='word_1_84' title='bbox 897 1650 1234 1730; x_wconf 79' lang='grc' dir='ltr'><strong><em>ἐχωσάμην</em></strong></span> <span class='ocrx_word' id='word_1_85' title='bbox 1294 1653 1353 1715; x_wconf 84' lang='grc' dir='ltr'><strong>ἐν</strong></span> <span class='ocrx_word' id='word_1_86' title='bbox 1416 1651 1807 1737; x_wconf 74' lang='grc' dir='ltr'><strong><em>Ἀμύκλαις,</em></strong></span> <span class='ocrx_word' id='word_1_87' title='bbox 1865 1654 1980 1734; x_wconf 72' lang='lat' dir='ltr'><strong>ubi</strong></span> <span class='ocrx_word' id='word_1_88' title='bbox 2027 1651 2167 1718; x_wconf 86' lang='lat' dir='ltr'><strong>dele</strong></span> <span class='ocrx_word' id='word_1_89' title='bbox 2212 1643 2342 1718; x_wconf 74' lang='grc' dir='ltr'><strong>τὸν</strong></span> <span class='ocrx_word' id='word_1_90' title='bbox 2387 1659 2452 1718; x_wconf 74' lang='lat' dir='ltr'><strong>et</strong></span> <span class='ocrx_word' id='word_1_91' title='bbox 2499 1673 2626 1718; x_wconf 84' lang='lat' dir='ltr'><strong>una</strong></span> 
     </span>
     <span class='ocr_line' id='line_1_12' title="bbox 259 1756 1756 1845; baseline 0.003 -27"><span class='ocrx_word' id='word_1_92' title='bbox 259 1773 431 1839; x_wconf 84' lang='lat' dir='ltr'><strong>opera</strong></span> <span class='ocrx_word' id='word_1_93' title='bbox 474 1777 767 1845; x_wconf 77' lang='lat' dir='ltr'><strong>expungo</strong></span> <span class='ocrx_word' id='word_1_94' title='bbox 811 1756 951 1834; x_wconf 79' lang='grc' dir='ltr'><strong>μέν</strong></span> <span class='ocrx_word' id='word_1_95' title='bbox 972 1803 989 1835; x_wconf 89' lang='grc'><em>,</em></span> <span class='ocrx_word' id='word_1_96' title='bbox 1042 1759 1145 1823; x_wconf 88' lang='lat' dir='ltr'><strong>cui</strong></span> <span class='ocrx_word' id='word_1_97' title='bbox 1188 1757 1353 1823; x_wconf 89' lang='lat' dir='ltr'><strong>nihil</strong></span> <span class='ocrx_word' id='word_1_98' title='bbox 1402 1758 1756 1843; x_wconf 78' lang='lat' dir='ltr'><strong>respondet.</strong></span> 
     </span>
    </p>
   </div>
   <div class='ocr_carea' id='block_1_6' title="bbox 260 1934 2627 2569">
    <p class='ocr_par' dir='ltr' id='par_1_6' title="bbox 260 1934 2627 2569">
     <span class='ocr_line' id='line_1_13' title="bbox 334 1934 2626 2041; baseline 0.002 -23"><span class='ocrx_word' id='word_1_99' title='bbox 334 1951 470 2019; x_wconf 84' lang='lat' dir='ltr'><strong>XV.</strong></span> <span class='ocrx_word' id='word_1_100' title='bbox 533 1953 593 2019; x_wconf 85' lang='lat'><strong>3.</strong></span> <span class='ocrx_word' id='word_1_101' title='bbox 659 1952 769 2020; x_wconf 78' lang='lat' dir='ltr'><strong>Ad.</strong></span> <span class='ocrx_word' id='word_1_102' title='bbox 818 1975 922 2032; x_wconf 89' lang='lat' dir='ltr'><strong>ea,</strong></span> <span class='ocrx_word' id='word_1_103' title='bbox 987 1976 1147 2041; x_wconf 90' lang='lat' dir='ltr'><strong>quae</strong></span> <span class='ocrx_word' id='word_1_104' title='bbox 1210 1955 1286 2022; x_wconf 93' lang='lat' dir='ltr'><strong>de</strong></span> <span class='ocrx_word' id='word_1_105' title='bbox 1341 1955 1571 2022; x_wconf 78' lang='lat' dir='ltr'><strong>Martis</strong></span> <span class='ocrx_word' id='word_1_106' title='bbox 1635 1959 1699 2021; x_wconf 81' lang='lat' dir='ltr'><strong>et</strong></span> <span class='ocrx_word' id='word_1_107' title='bbox 1759 1947 2022 2021; x_wconf 76' lang='lat' dir='ltr'><strong>Veneris</strong></span> <span class='ocrx_word' id='word_1_108' title='bbox 2069 1934 2396 2023; x_wconf 81' lang='lat' dir='ltr'><strong>amoribus</strong></span> <span class='ocrx_word' id='word_1_109' title='bbox 2439 1962 2506 2022; x_wconf 74' lang='lat' dir='ltr'><strong>et</strong></span> <span class='ocrx_word' id='word_1_110' title='bbox 2549 1957 2626 2024; x_wconf 92' lang='lat' dir='ltr'><strong>de</strong></span> 
     </span>
     <span class='ocr_line' id='line_1_14' title="bbox 260 2060 2627 2149; baseline 0.002 -24"><span class='ocrx_word' id='word_1_111' title='bbox 260 2062 438 2126; x_wconf 88' lang='lat' dir='ltr'><strong>minis</strong></span> <span class='ocrx_word' id='word_1_112' title='bbox 504 2060 783 2128; x_wconf 79' lang='lat' dir='ltr'><strong>Vulcani</strong></span> <span class='ocrx_word' id='word_1_113' title='bbox 850 2061 1209 2128; x_wconf 86' lang='lat' dir='ltr'><strong>Mercurius</strong></span> <span class='ocrx_word' id='word_1_114' title='bbox 1276 2067 1675 2140; x_wconf 81' lang='lat' dir='ltr'><strong>narraverat,</strong></span> <span class='ocrx_word' id='word_1_115' title='bbox 1763 2061 1998 2147; x_wconf 83' lang='lat' dir='ltr'><strong>Apollo</strong></span> <span class='ocrx_word' id='word_1_116' title='bbox 2065 2061 2426 2149; x_wconf 85' lang='lat' dir='ltr'><strong>respondet:</strong></span> <span class='ocrx_word' id='word_1_117' title='bbox 2494 2068 2627 2130; x_wconf 80' lang='grc' dir='ltr'><strong><em>οὐκ</em></strong></span> 
     </span>
     <span class='ocr_line' id='line_1_15' title="bbox 260 2162 2620 2250; baseline 0.002 -20"><span class='ocrx_word' id='word_1_118' title='bbox 260 2162 457 2232; x_wconf 74' lang='grc' dir='ltr'><strong><em>οἶδα·</em></strong></span> <span class='ocrx_word' id='word_1_119' title='bbox 519 2167 819 2245; x_wconf 75' lang='grc' dir='ltr'><strong><em>εὐξαίμην</em></strong></span> <span class='ocrx_word' id='word_1_120' title='bbox 880 2169 933 2232; x_wconf 75' lang='grc' dir='ltr'><strong>δ’</strong></span> <span class='ocrx_word' id='word_1_121' title='bbox 996 2167 1074 2231; x_wconf 72' lang='grc' dir='ltr'><strong>ἂν</strong></span> <span class='ocrx_word' id='word_1_122' title='bbox 1135 2167 1322 2242; x_wconf 77' lang='grc' dir='ltr'><strong><em>αὐτὸς</em></strong></span> <span class='ocrx_word' id='word_1_123' title='bbox 1373 2169 1401 2232; x_wconf 77' lang='grc' dir='ltr'><strong><em>ὅ</em></strong></span> <span class='ocrx_word' id='word_1_124' title='bbox 1448 2168 2028 2248; x_wconf 76' lang='grc' dir='ltr'><strong><em>ξυλληφθησόμενος</em></strong></span> <span class='ocrx_word' id='word_1_125' title='bbox 2079 2165 2258 2233; x_wconf 81' lang='grc' dir='ltr'><strong><em>εἶναι.</em></strong></span> <span class='ocrx_word' id='word_1_126' title='bbox 2333 2169 2620 2250; x_wconf 76' lang='lat' dir='ltr'><strong>Festive!</strong></span> 
     </span>
     <span class='ocr_line' id='line_1_16' title="bbox 262 2269 2626 2360; baseline 0.002 -23"><span class='ocrx_word' id='word_1_127' title='bbox 262 2269 373 2339; x_wconf 82' lang='lat' dir='ltr'><strong>Sed</strong></span> <span class='ocrx_word' id='word_1_128' title='bbox 417 2275 571 2360; x_wconf 88' lang='lat' dir='ltr'><strong>quid</strong></span> <span class='ocrx_word' id='word_1_129' title='bbox 617 2275 742 2339; x_wconf 87' lang='lat' dir='ltr'><strong>sibi</strong></span> <span class='ocrx_word' id='word_1_130' title='bbox 789 2271 935 2341; x_wconf 81' lang='lat' dir='ltr'><strong>vult</strong></span> <span class='ocrx_word' id='word_1_131' title='bbox 978 2275 1111 2338; x_wconf 76' lang='grc' dir='ltr'><strong><em>οὐκ</em></strong></span> <span class='ocrx_word' id='word_1_132' title='bbox 1156 2270 1331 2339; x_wconf 75' lang='grc' dir='ltr'><strong><em>οἶδα</em></strong></span> <span class='ocrx_word' id='word_1_133' title='bbox 1380 2277 1469 2340; x_wconf 86' lang='lat' dir='ltr'><strong>sic</strong></span> <span class='ocrx_word' id='word_1_134' title='bbox 1518 2274 1688 2339; x_wconf 90' lang='lat' dir='ltr'><strong>nude</strong></span> <span class='ocrx_word' id='word_1_135' title='bbox 1736 2272 2064 2360; x_wconf 78' lang='lat' dir='ltr'><strong>positum?</strong></span> <span class='ocrx_word' id='word_1_136' title='bbox 2112 2275 2275 2340; x_wconf 83' lang='lat' dir='ltr'><strong>Mihi</strong></span> <span class='ocrx_word' id='word_1_137' title='bbox 2316 2275 2626 2360; x_wconf 88' lang='lat' dir='ltr'><strong>quaedam</strong></span> 
     </span>
     <span class='ocr_line' id='line_1_17' title="bbox 262 2379 2627 2466; baseline 0.002 -22"><span class='ocrx_word' id='word_1_138' title='bbox 262 2380 551 2447; x_wconf 81' lang='lat' dir='ltr'><strong>excidisse</strong></span> <span class='ocrx_word' id='word_1_139' title='bbox 602 2381 903 2447; x_wconf 83' lang='lat' dir='ltr'><strong>videntur</strong></span> <span class='ocrx_word' id='word_1_140' title='bbox 958 2382 1027 2445; x_wconf 90' lang='lat' dir='ltr'><strong>in</strong></span> <span class='ocrx_word' id='word_1_141' title='bbox 1085 2380 1255 2446; x_wconf 89' lang='lat' dir='ltr'><strong>hunc</strong></span> <span class='ocrx_word' id='word_1_142' title='bbox 1300 2379 1430 2446; x_wconf 86' lang='lat' dir='ltr'><strong>fere</strong></span> <span class='ocrx_word' id='word_1_143' title='bbox 1476 2381 1742 2446; x_wconf 89' lang='lat' dir='ltr'><strong>modum</strong></span> <span class='ocrx_word' id='word_1_144' title='bbox 1790 2379 2172 2466; x_wconf 84' lang='lat' dir='ltr'><strong>supplenda:</strong></span> <span class='ocrx_word' id='word_1_145' title='bbox 2220 2381 2368 2448; x_wconf 70' lang='grc' dir='ltr'><strong>ἀλλ’</strong></span> <span class='ocrx_word' id='word_1_146' title='bbox 2412 2381 2465 2447; x_wconf 77' lang='grc' dir='ltr'><strong><em>εἰ</em></strong></span> <span class='ocrx_word' id='word_1_147' title='bbox 2513 2383 2627 2460; x_wconf 77' lang='grc' dir='ltr'><strong>μὲν</strong></span> 
     </span>
     <span class='ocr_line' id='line_1_18' title="bbox 262 2481 1854 2569; baseline 0.004 -22"><span class='ocrx_word' id='word_1_148' title='bbox 262 2481 456 2553; x_wconf 67' lang='grc' dir='ltr'><strong><em>δίκαια</em></strong></span> <span class='ocrx_word' id='word_1_149' title='bbox 499 2489 606 2569; x_wconf 78' lang='grc' dir='ltr'><strong><em>ἐρῶ</em></strong></span> <span class='ocrx_word' id='word_1_150' title='bbox 652 2487 762 2554; x_wconf 80' lang='grc' dir='ltr'><strong><em>οὐκ</em></strong></span> <span class='ocrx_word' id='word_1_151' title='bbox 808 2482 949 2553; x_wconf 76' lang='grc' dir='ltr'><strong><em>οἶδα</em></strong></span> <span class='ocrx_word' id='word_1_152' title='bbox 976 2509 992 2527; x_wconf 89' lang='grc'><em>·</em></span> <span class='ocrx_word' id='word_1_153' title='bbox 1038 2486 1343 2564; x_wconf 75' lang='grc' dir='ltr'><strong><em>εὐξαίμην</em></strong></span> <span class='ocrx_word' id='word_1_154' title='bbox 1391 2488 1442 2552; x_wconf 77' lang='grc' dir='ltr'><strong>δ’</strong></span> <span class='ocrx_word' id='word_1_155' title='bbox 1494 2485 1571 2552; x_wconf 76' lang='grc' dir='ltr'><strong>ἂν</strong></span> <span class='ocrx_word' id='word_1_156' title='bbox 1619 2512 1678 2552; x_wconf 92' lang='grc' dir='ltr'><strong>κ.</strong></span> <span class='ocrx_word' id='word_1_157' title='bbox 1705 2510 1763 2553; x_wconf 91' lang='grc' dir='ltr'><strong>τ.</strong></span> <span class='ocrx_word' id='word_1_158' title='bbox 1792 2502 1854 2553; x_wconf 91' lang='grc' dir='ltr'><strong>λ.</strong></span> 
     </span>
    </p>
   </div>
   <div class='ocr_carea' id='block_1_7' title="bbox 263 2667 2630 3173">
    <p class='ocr_par' dir='ltr' id='par_1_7' title="bbox 263 2667 2630 3173">
     <span class='ocr_line' id='line_1_19' title="bbox 340 2667 2628 2747; baseline 0.002 -11"><span class='ocrx_word' id='word_1_159' title='bbox 340 2670 523 2737; x_wconf 82' lang='lat' dir='ltr'>XVI.</span> <span class='ocrx_word' id='word_1_160' title='bbox 588 2672 647 2739; x_wconf 89' lang='lat' dir='ltr'><strong>l.</strong></span> <span class='ocrx_word' id='word_1_161' title='bbox 712 2670 772 2744; x_wconf 71' lang='grc' dir='ltr'><strong><em>ἐς</em></strong></span> <span class='ocrx_word' id='word_1_162' title='bbox 832 2673 942 2747; x_wconf 74' lang='grc' dir='ltr'><strong>την</strong></span> <span class='ocrx_word' id='word_1_163' title='bbox 1002 2672 1270 2737; x_wconf 87' lang='grc' dir='ltr'><strong><em>Σκυθίαν</em></strong></span> <span class='ocrx_word' id='word_1_164' title='bbox 1326 2670 1688 2737; x_wconf 75' lang='grc' dir='ltr'><strong><em>ἀπελθοῦσα</em></strong></span> <span class='ocrx_word' id='word_1_165' title='bbox 1751 2670 1982 2743; x_wconf 89' lang='grc' dir='ltr'><strong><em>πάντες</em></strong></span> <span class='ocrx_word' id='word_1_166' title='bbox 2045 2672 2247 2736; x_wconf 78' lang='grc' dir='ltr'><strong><em>ἴσασιν</em></strong></span> <span class='ocrx_word' id='word_1_167' title='bbox 2300 2667 2398 2739; x_wconf 72' lang='grc' dir='ltr'><strong>οἶα</strong></span> <span class='ocrx_word' id='word_1_168' title='bbox 2449 2674 2628 2741; x_wconf 85' lang='grc' dir='ltr'><strong><em>ἐσθίει</em></strong></span> 
     </span>
     <span class='ocr_line' id='line_1_20' title="bbox 263 2772 2626 2862; baseline 0.003 -25"><span class='ocrx_word' id='word_1_169' title='bbox 263 2772 671 2849; x_wconf 76' lang='grc' dir='ltr'><strong><em>ξενοκτονοῦσα</em></strong></span> <span class='ocrx_word' id='word_1_170' title='bbox 732 2777 838 2842; x_wconf 75' lang='grc' dir='ltr'><strong><em>κα)</em></strong></span> <span class='ocrx_word' id='word_1_171' title='bbox 893 2776 1238 2856; x_wconf 81' lang='grc' dir='ltr'><strong><em>μιμουμένη</em></strong></span> <span class='ocrx_word' id='word_1_172' title='bbox 1301 2775 1440 2848; x_wconf 81' lang='grc' dir='ltr'><strong><em>τοὺς</em></strong></span> <span class='ocrx_word' id='word_1_173' title='bbox 1494 2776 1741 2849; x_wconf 78' lang='grc' dir='ltr'><strong><em>Σκύθας</em></strong></span> <span class='ocrx_word' id='word_1_174' title='bbox 1791 2777 2020 2849; x_wconf 77' lang='grc' dir='ltr'><strong><em>αὐτοὺς</em></strong></span> <span class='ocrx_word' id='word_1_175' title='bbox 2073 2779 2626 2862; x_wconf 74' lang='grc' dir='ltr'><strong><em>[άνθρωποφάγους</em></strong></span> 
     </span>
     <span class='ocr_line' id='line_1_21' title="bbox 264 2877 2630 2973; baseline 0.003 -30"><span class='ocrx_word' id='word_1_176' title='bbox 264 2877 478 2968; x_wconf 75' lang='grc' dir='ltr'><strong><em>ὅντας].</em></strong></span> <span class='ocrx_word' id='word_1_177' title='bbox 546 2883 733 2959; x_wconf 85' lang='lat' dir='ltr'><strong>Quod</strong></span> <span class='ocrx_word' id='word_1_178' title='bbox 790 2886 947 2949; x_wconf 77' lang='lat' dir='ltr'><strong>scite</strong></span> <span class='ocrx_word' id='word_1_179' title='bbox 1008 2890 1074 2950; x_wconf 80' lang='lat' dir='ltr'><strong>et</strong></span> <span class='ocrx_word' id='word_1_180' title='bbox 1132 2884 1437 2963; x_wconf 73' lang='grc' dir='ltr'><strong><em>εἰρωνικῶς</em></strong></span> <span class='ocrx_word' id='word_1_181' title='bbox 1502 2883 1622 2948; x_wconf 81' lang='lat' dir='ltr'><strong>dea</strong></span> <span class='ocrx_word' id='word_1_182' title='bbox 1681 2883 1969 2948; x_wconf 84' lang='lat' dir='ltr'><strong>subirata</strong></span> <span class='ocrx_word' id='word_1_183' title='bbox 2029 2885 2354 2964; x_wconf 76' lang='lat' dir='ltr'><strong>innuerat,</strong></span> <span class='ocrx_word' id='word_1_184' title='bbox 2418 2888 2630 2973; x_wconf 81' lang='lat' dir='ltr'><strong>magi·-</strong></span> 
     </span>
     <span class='ocr_line' id='line_1_22' title="bbox 264 2988 2628 3079; baseline 0.003 -26"><span class='ocrx_word' id='word_1_185' title='bbox 264 2989 471 3057; x_wconf 76' lang='lat' dir='ltr'><strong>stellas</strong></span> <span class='ocrx_word' id='word_1_186' title='bbox 512 2992 752 3079; x_wconf 77' lang='lat' dir='ltr'><strong>frigida</strong></span> <span class='ocrx_word' id='word_1_187' title='bbox 797 2993 1319 3057; x_wconf 78' lang='lat' dir='ltr'><strong>annotatiuncula</strong></span> <span class='ocrx_word' id='word_1_188' title='bbox 1364 2990 1578 3075; x_wconf 89' lang='lat' dir='ltr'><strong>lepore</strong></span> <span class='ocrx_word' id='word_1_189' title='bbox 1615 2991 1915 3075; x_wconf 82' lang='lat' dir='ltr'><strong>privavit.</strong></span> <span class='ocrx_word' id='word_1_190' title='bbox 1967 2988 2260 3059; x_wconf 83' lang='lat' dir='ltr'><strong>Acumen</strong></span> <span class='ocrx_word' id='word_1_191' title='bbox 2305 3013 2492 3059; x_wconf 90' lang='lat' dir='ltr'><strong>omne</strong></span> <span class='ocrx_word' id='word_1_192' title='bbox 2528 2996 2628 3059; x_wconf 90' lang='lat' dir='ltr'><strong>in-</strong></span> 
     </span>
     <span class='ocr_line' id='line_1_23' title="bbox 268 3092 1521 3173; baseline 0 -13"><span class='ocrx_word' id='word_1_193' title='bbox 268 3102 351 3161; x_wconf 79' lang='lat' dir='ltr'><strong>est</strong></span> <span class='ocrx_word' id='word_1_194' title='bbox 390 3099 457 3162; x_wconf 89' lang='lat' dir='ltr'><strong>in</strong></span> <span class='ocrx_word' id='word_1_195' title='bbox 500 3096 649 3167; x_wconf 80' lang='lat' dir='ltr'><strong>illo:</strong></span> <span class='ocrx_word' id='word_1_196' title='bbox 698 3092 799 3163; x_wconf 73' lang='grc' dir='ltr'><strong>οἶα</strong></span> <span class='ocrx_word' id='word_1_197' title='bbox 845 3096 1023 3165; x_wconf 77' lang='grc' dir='ltr'><strong><em>ἐσθίει</em></strong></span> <span class='ocrx_word' id='word_1_198' title='bbox 1072 3094 1521 3173; x_wconf 75' lang='grc' dir='ltr'><strong><em>ξενοκτονοῦσα.</em></strong></span> 
     </span>
    </p>
   </div>
   <div class='ocr_carea' id='block_1_8' title="bbox 266 3275 2640 4527">
    <p class='ocr_par' dir='ltr' id='par_1_8' title="bbox 266 3275 2640 4527">
     <span class='ocr_line' id='line_1_24' title="bbox 344 3275 2632 3363; baseline 0.002 -20"><span class='ocrx_word' id='word_1_199' title='bbox 344 3278 516 3345; x_wconf 75' lang='lat' dir='ltr'>XIX.</span> <span class='ocrx_word' id='word_1_200' title='bbox 580 3278 645 3345; x_wconf 79' lang='grc'><strong>2.</strong></span> <span class='ocrx_word' id='word_1_201' title='bbox 700 3282 842 3359; x_wconf 85' lang='grc' dir='ltr'><strong><em>Ἔρ.</em></strong></span> <span class='ocrx_word' id='word_1_202' title='bbox 905 3275 1045 3345; x_wconf 76' lang='grc' dir='ltr'><strong><em>εἶτα</em></strong></span> <span class='ocrx_word' id='word_1_203' title='bbox 1108 3280 1214 3345; x_wconf 70' lang='grc' dir='ltr'><strong><em>καὶ</em></strong></span> <span class='ocrx_word' id='word_1_204' title='bbox 1264 3277 1411 3345; x_wconf 69' lang='grc' dir='ltr'><strong><em>ἴδιόν</em></strong></span> <span class='ocrx_word' id='word_1_205' title='bbox 1456 3304 1597 3345; x_wconf 91' lang='grc' dir='ltr'><strong><em>τινα</em></strong></span> <span class='ocrx_word' id='word_1_206' title='bbox 1656 3276 1846 3359; x_wconf 78' lang='grc' dir='ltr'><strong><em>ἔρωτα</em></strong></span> <span class='ocrx_word' id='word_1_207' title='bbox 1896 3280 2022 3363; x_wconf 78' lang='grc' dir='ltr'><strong><em>ἐρᾷ.</em></strong></span> <span class='ocrx_word' id='word_1_208' title='bbox 2093 3280 2278 3361; x_wconf 84' lang='grc' dir='ltr'><strong><em>’ΛΦρ.</em></strong></span> <span class='ocrx_word' id='word_1_209' title='bbox 2325 3281 2538 3361; x_wconf 83' lang='grc' dir='ltr'><strong><em>Τίνος,</em></strong></span> <span class='ocrx_word' id='word_1_210' title='bbox 2589 3278 2632 3347; x_wconf 76' lang='grc' dir='ltr'><strong><em>ὦ</em></strong></span> 
     </span>
     <span class='ocr_line' id='line_1_25' title="bbox 268 3384 2635 3467; baseline 0.003 -20"><span class='ocrx_word' id='word_1_211' title='bbox 268 3384 492 3463; x_wconf 72' lang='grc' dir='ltr'><strong><em>τέκνονς</em></strong></span> <span class='ocrx_word' id='word_1_212' title='bbox 532 3386 670 3463; x_wconf 80' lang='grc' dir='ltr'><strong><em>Ἔρ.</em></strong></span> <span class='ocrx_word' id='word_1_213' title='bbox 711 3388 915 3463; x_wconf 73' lang='grc' dir='ltr'><strong><em>Θήρας</em></strong></span> <span class='ocrx_word' id='word_1_214' title='bbox 963 3386 1065 3451; x_wconf 73' lang='grc' dir='ltr'><strong><em>καὶ</em></strong></span> <span class='ocrx_word' id='word_1_215' title='bbox 1119 3387 1372 3467; x_wconf 80' lang='grc' dir='ltr'><strong><em>ἐλάφων</em></strong></span> <span class='ocrx_word' id='word_1_216' title='bbox 1423 3386 1543 3450; x_wconf 66' lang='grc' dir='ltr'><em>καῖ</em></span> <span class='ocrx_word' id='word_1_217' title='bbox 1584 3386 1841 3465; x_wconf 80' lang='grc' dir='ltr'><strong><em>νεβρῶν,</em></strong></span> <span class='ocrx_word' id='word_1_218' title='bbox 1888 3388 2080 3465; x_wconf 78' lang='grc' dir='ltr'><strong><em>αἱρεῖν</em></strong></span> <span class='ocrx_word' id='word_1_219' title='bbox 2123 3412 2192 3451; x_wconf 87' lang='grc' dir='ltr'><strong><em>τε</em></strong></span> <span class='ocrx_word' id='word_1_220' title='bbox 2240 3387 2635 3453; x_wconf 78' lang='grc' dir='ltr'><strong><em>διώκουσα</em></strong></span> 
     </span>
     <span class='ocr_line' id='line_1_26' title="bbox 270 3490 2634 3573; baseline 0.002 -18"><span class='ocrx_word' id='word_1_221' title='bbox 270 3490 359 3557; x_wconf 71' lang='grc' dir='ltr'><strong>καὶ</strong></span> <span class='ocrx_word' id='word_1_222' title='bbox 405 3492 844 3570; x_wconf 77' lang='grc' dir='ltr'><strong><em>κατατοξεύειν</em></strong></span> <span class='ocrx_word' id='word_1_223' title='bbox 886 3493 988 3557; x_wconf 74' lang='grc' dir='ltr'><strong><em>καὶ</em></strong></span> <span class='ocrx_word' id='word_1_224' title='bbox 1031 3490 1225 3565; x_wconf 75' lang='grc' dir='ltr'><strong><em>ὅλως</em></strong></span> <span class='ocrx_word' id='word_1_225' title='bbox 1268 3494 1412 3573; x_wconf 81' lang='grc' dir='ltr'><strong><em>πρὸς</em></strong></span> <span class='ocrx_word' id='word_1_226' title='bbox 1462 3494 1543 3572; x_wconf 77' lang='grc' dir='ltr'><strong>τῷ</strong></span> <span class='ocrx_word' id='word_1_227' title='bbox 1595 3492 1840 3573; x_wconf 84' lang='grc' dir='ltr'><strong><em>τοιούτῳ</em></strong></span> <span class='ocrx_word' id='word_1_228' title='bbox 1888 3492 2073 3558; x_wconf 84' lang='grc' dir='ltr'><strong><em>ἐστίν.</em></strong></span> <span class='ocrx_word' id='word_1_229' title='bbox 2121 3492 2387 3559; x_wconf 80' lang='lat' dir='ltr'><strong>Horatio</strong></span> <span class='ocrx_word' id='word_1_230' title='bbox 2427 3494 2634 3559; x_wconf 82' lang='lat' dir='ltr'><strong>dicere</strong></span> 
     </span>
     <span class='ocr_line' id='line_1_27' title="bbox 266 3594 2638 3685; baseline 0.001 -23"><span class='ocrx_word' id='word_1_231' title='bbox 266 3594 466 3664; x_wconf 82' lang='lat' dir='ltr'><strong>licuit:</strong></span> <span class='ocrx_word' id='word_1_232' title='bbox 526 3600 669 3665; x_wconf 79' lang='lat' dir='ltr'><strong>Non</strong></span> <span class='ocrx_word' id='word_1_233' title='bbox 728 3622 830 3681; x_wconf 75' lang='lat' dir='ltr'><strong>eqo</strong></span> <span class='ocrx_word' id='word_1_234' title='bbox 890 3606 947 3665; x_wconf 71' lang='lat' dir='ltr'><strong>te</strong></span> <span class='ocrx_word' id='word_1_235' title='bbox 998 3600 1294 3685; x_wconf 73' lang='lat' dir='ltr'><strong>sranqere</strong></span> <span class='ocrx_word' id='word_1_236' title='bbox 1326 3620 1682 3684; x_wconf 70' lang='lat' dir='ltr'><strong>persequor,</strong></span> <span class='ocrx_word' id='word_1_237' title='bbox 1738 3598 1847 3663; x_wconf 89' lang='lat' dir='ltr'><strong>sed</strong></span> <span class='ocrx_word' id='word_1_238' title='bbox 1894 3620 2016 3663; x_wconf 89' lang='lat' dir='ltr'><strong>non</strong></span> <span class='ocrx_word' id='word_1_239' title='bbox 2063 3598 2247 3664; x_wconf 85' lang='lat' dir='ltr'><strong>facile</strong></span> <span class='ocrx_word' id='word_1_240' title='bbox 2293 3600 2459 3663; x_wconf 84' lang='lat' dir='ltr'><strong>mihi</strong></span> <span class='ocrx_word' id='word_1_241' title='bbox 2500 3621 2638 3684; x_wconf 90' lang='lat' dir='ltr'><strong>per-</strong></span> 
     </span>
     <span class='ocr_line' id='line_1_28' title="bbox 268 3702 2636 3790; baseline -0 -20"><span class='ocrx_word' id='word_1_242' title='bbox 268 3706 481 3771; x_wconf 71' lang='lat' dir='ltr'><strong>suadeo</strong></span> <span class='ocrx_word' id='word_1_243' title='bbox 539 3707 695 3773; x_wconf 85' lang='lat' dir='ltr'><strong>haec</strong></span> <span class='ocrx_word' id='word_1_244' title='bbox 758 3702 997 3771; x_wconf 82' lang='lat' dir='ltr'><strong>Graece</strong></span> <span class='ocrx_word' id='word_1_245' title='bbox 1060 3706 1155 3771; x_wconf 85' lang='lat' dir='ltr'><strong>ita</strong></span> <span class='ocrx_word' id='word_1_246' title='bbox 1202 3706 1365 3771; x_wconf 83' lang='lat' dir='ltr'><strong>verti</strong></span> <span class='ocrx_word' id='word_1_247' title='bbox 1413 3720 1630 3790; x_wconf 88' lang='lat' dir='ltr'><strong>posse:</strong></span> <span class='ocrx_word' id='word_1_248' title='bbox 1678 3704 1743 3768; x_wconf 81' lang='grc' dir='ltr'><strong><em>οὗ</em></strong></span> <span class='ocrx_word' id='word_1_249' title='bbox 1791 3704 1978 3769; x_wconf 78' lang='grc' dir='ltr'><strong><em>διώκω</em></strong></span> <span class='ocrx_word' id='word_1_250' title='bbox 2028 3728 2094 3769; x_wconf 84' lang='grc' dir='ltr'><strong><em>σε</em></strong></span> <span class='ocrx_word' id='word_1_251' title='bbox 2144 3704 2636 3771; x_wconf 79' lang='grc' dir='ltr'><strong><em>διασπάσασθαι.</em></strong></span> 
     </span>
     <span class='ocr_line' id='line_1_29' title="bbox 268 3804 2638 3897; baseline 0 -22"><span class='ocrx_word' id='word_1_252' title='bbox 268 3804 662 3878; x_wconf 73' lang='lat' dir='ltr'><strong>scribendum</strong></span> <span class='ocrx_word' id='word_1_253' title='bbox 712 3813 981 3897; x_wconf 69' lang='lat' dir='ltr'><strong>arbitror</strong></span> <span class='ocrx_word' id='word_1_254' title='bbox 1029 3808 1485 3875; x_wconf 76' lang='grc' dir='ltr'><strong><em>διώκουσαν.</em></strong></span> <span class='ocrx_word' id='word_1_255' title='bbox 1564 3808 1731 3875; x_wconf 79' lang='lat' dir='ltr'><strong>Gum</strong></span> <span class='ocrx_word' id='word_1_256' title='bbox 1784 3806 1978 3890; x_wconf 75' lang='grc' dir='ltr'><strong><em>ἔρωτα</em></strong></span> <span class='ocrx_word' id='word_1_257' title='bbox 2019 3811 2124 3894; x_wconf 72' lang='grc' dir='ltr'><strong><em>ἐρᾷ</em></strong></span> <span class='ocrx_word' id='word_1_258' title='bbox 2180 3812 2334 3877; x_wconf 81' lang='lat' dir='ltr'><strong>haec</strong></span> <span class='ocrx_word' id='word_1_259' title='bbox 2381 3814 2638 3878; x_wconf 83' lang='lat' dir='ltr'><strong>coniun-</strong></span> 
     </span>
     <span class='ocr_line' id='line_1_30' title="bbox 268 3916 2640 4003; baseline 0.001 -21"><span class='ocrx_word' id='word_1_260' title='bbox 268 3918 460 4003; x_wconf 78' lang='lat' dir='ltr'><strong>genda</strong></span> <span class='ocrx_word' id='word_1_261' title='bbox 512 3922 659 3984; x_wconf 76' lang='lat' dir='ltr'><strong>sunt</strong></span> <span class='ocrx_word' id='word_1_262' title='bbox 716 3920 787 3982; x_wconf 86' lang='lat' dir='ltr'><strong>in</strong></span> <span class='ocrx_word' id='word_1_263' title='bbox 841 3918 1011 3984; x_wconf 88' lang='lat' dir='ltr'><strong>hunc</strong></span> <span class='ocrx_word' id='word_1_264' title='bbox 1069 3916 1373 3983; x_wconf 85' lang='lat' dir='ltr'><strong>modum:</strong></span> <span class='ocrx_word' id='word_1_265' title='bbox 1431 3918 1669 3982; x_wconf 88' lang='lat' dir='ltr'><strong>Amore</strong></span> <span class='ocrx_word' id='word_1_266' title='bbox 1729 3916 2000 4001; x_wconf 85' lang='lat' dir='ltr'><strong>quodam</strong></span> <span class='ocrx_word' id='word_1_267' title='bbox 2065 3924 2131 3981; x_wconf 84' lang='lat' dir='ltr'><strong>et</strong></span> <span class='ocrx_word' id='word_1_268' title='bbox 2185 3919 2326 4002; x_wconf 89' lang='lat' dir='ltr'><strong>ipsa</strong></span> <span class='ocrx_word' id='word_1_269' title='bbox 2387 3925 2640 3984; x_wconf 81' lang='lat' dir='ltr'><strong>tenetur</strong></span> 
     </span>
     <span class='ocr_line' id='line_1_31' title="bbox 268 4020 2636 4110; baseline 0 -21"><span class='ocrx_word' id='word_1_270' title='bbox 268 4028 601 4091; x_wconf 76' lang='lat' dir='ltr'><strong>venationis</strong></span> <span class='ocrx_word' id='word_1_271' title='bbox 648 4030 713 4091; x_wconf 81' lang='lat' dir='ltr'><strong>et</strong></span> <span class='ocrx_word' id='word_1_272' title='bbox 759 4045 1089 4090; x_wconf 86' lang='lat' dir='ltr'><strong>cervorum</strong></span> <span class='ocrx_word' id='word_1_273' title='bbox 1140 4030 1203 4089; x_wconf 78' lang='lat' dir='ltr'><strong>et</strong></span> <span class='ocrx_word' id='word_1_274' title='bbox 1251 4020 1666 4088; x_wconf 83' lang='lat' dir='ltr'><strong>hinnulorum</strong></span> <span class='ocrx_word' id='word_1_275' title='bbox 1717 4030 1790 4088; x_wconf 75' lang='lat' dir='ltr'><strong>ut</strong></span> <span class='ocrx_word' id='word_1_276' title='bbox 1819 4023 2256 4108; x_wconf 83' lang='lat' dir='ltr'><strong>persequendo</strong></span> <span class='ocrx_word' id='word_1_277' title='bbox 2298 4043 2403 4090; x_wconf 82' lang='lat' dir='ltr'><strong>eos</strong></span> <span class='ocrx_word' id='word_1_278' title='bbox 2427 4027 2636 4110; x_wconf 78' lang='lat' dir='ltr'><strong>capiat</strong></span> 
     </span>
     <span class='ocr_line' id='line_1_32' title="bbox 270 4127 2631 4218; baseline 0.001 -27"><span class='ocrx_word' id='word_1_279' title='bbox 270 4134 325 4191; x_wconf 85' lang='lat' dir='ltr'><strong>et</strong></span> <span class='ocrx_word' id='word_1_280' title='bbox 378 4130 519 4196; x_wconf 77' lang='lat' dir='ltr'><strong>telis</strong></span> <span class='ocrx_word' id='word_1_281' title='bbox 578 4130 872 4218; x_wconf 79' lang='lat' dir='ltr'><strong>configat.</strong></span> <span class='ocrx_word' id='word_1_282' title='bbox 960 4130 1293 4195; x_wconf 85' lang='lat' dir='ltr'><strong>Praeterea</strong></span> <span class='ocrx_word' id='word_1_283' title='bbox 1354 4130 1592 4195; x_wconf 87' lang='lat' dir='ltr'><strong>scribe:</strong></span> <span class='ocrx_word' id='word_1_284' title='bbox 1661 4130 1763 4193; x_wconf 79' lang='grc' dir='ltr'><strong><em>καὶ</em></strong></span> <span class='ocrx_word' id='word_1_285' title='bbox 1823 4127 1858 4194; x_wconf 75' lang='grc' dir='ltr'><em>ὅ</em></span> <span class='ocrx_word' id='word_1_286' title='bbox 1868 4144 1959 4203; x_wconf 83' lang='grc' dir='ltr'><strong>λη</strong></span> <span class='ocrx_word' id='word_1_287' title='bbox 2025 4130 2167 4207; x_wconf 81' lang='grc' dir='ltr'><strong><em>πρὸς</em></strong></span> <span class='ocrx_word' id='word_1_288' title='bbox 2220 4134 2303 4207; x_wconf 79' lang='grc' dir='ltr'><strong>τῶ</strong></span> <span class='ocrx_word' id='word_1_289' title='bbox 2349 4134 2631 4213; x_wconf 85' lang='grc' dir='ltr'><strong><em>τοιούτῳ,</em></strong></span> 
     </span>
     <span class='ocr_line' id='line_1_33' title="bbox 270 4230 2636 4323; baseline 0.002 -26"><span class='ocrx_word' id='word_1_290' title='bbox 270 4238 441 4300; x_wconf 82' lang='lat' dir='ltr'><strong>utin</strong></span> <span class='ocrx_word' id='word_1_291' title='bbox 488 4236 647 4303; x_wconf 85' lang='lat' dir='ltr'><strong>Dial.</strong></span> <span class='ocrx_word' id='word_1_292' title='bbox 700 4232 857 4303; x_wconf 84' lang='lat' dir='ltr'>XII.</span> <span class='ocrx_word' id='word_1_293' title='bbox 908 4236 986 4301; x_wconf 82' lang='lat'><strong>2:</strong></span> <span class='ocrx_word' id='word_1_294' title='bbox 1037 4233 1173 4309; x_wconf 69' lang='grc' dir='ltr'><strong>ὅλη</strong></span> <span class='ocrx_word' id='word_1_295' title='bbox 1231 4233 1381 4301; x_wconf 83' lang='grc' dir='ltr'><strong><em>οὖσα</em></strong></span> <span class='ocrx_word' id='word_1_296' title='bbox 1430 4237 1489 4299; x_wconf 80' lang='grc' dir='ltr'><strong>ἐν</strong></span> <span class='ocrx_word' id='word_1_297' title='bbox 1537 4236 1622 4317; x_wconf 77' lang='grc' dir='ltr'><strong>τῷ</strong></span> <span class='ocrx_word' id='word_1_298' title='bbox 1663 4238 1868 4319; x_wconf 61' lang='grc' dir='ltr'><strong>Ἄττῃ</strong></span> <span class='ocrx_word' id='word_1_299' title='bbox 1915 4242 1980 4301; x_wconf 78' lang='lat' dir='ltr'><strong>et</strong></span> <span class='ocrx_word' id='word_1_300' title='bbox 2024 4230 2320 4302; x_wconf 72' lang='lat' dir='ltr'><strong>Hermot.</strong></span> <span class='ocrx_word' id='word_1_301' title='bbox 2368 4258 2504 4323; x_wconf 90' lang='lat' dir='ltr'><strong>cap.</strong></span> <span class='ocrx_word' id='word_1_302' title='bbox 2555 4237 2636 4301; x_wconf 84' lang='lat'><strong>2:</strong></span> 
     </span>
     <span class='ocr_line' id='line_1_34' title="bbox 272 4334 2634 4425; baseline 0.002 -20"><span class='ocrx_word' id='word_1_303' title='bbox 272 4334 426 4413; x_wconf 64' lang='grc' dir='ltr'><strong><em>ὅλος</em></strong></span> <span class='ocrx_word' id='word_1_304' title='bbox 491 4340 545 4408; x_wconf 73' lang='grc' dir='ltr'><strong><em>εἴ</em></strong></span> <span class='ocrx_word' id='word_1_305' title='bbox 596 4343 657 4408; x_wconf 86' lang='grc' dir='ltr'><strong>ἐν</strong></span> <span class='ocrx_word' id='word_1_306' title='bbox 715 4346 800 4423; x_wconf 73' lang='grc' dir='ltr'><strong>τῷ</strong></span> <span class='ocrx_word' id='word_1_307' title='bbox 860 4343 1196 4425; x_wconf 72' lang='grc' dir='ltr'><strong><em>πράγματι</em></strong></span> <span class='ocrx_word' id='word_1_308' title='bbox 1258 4352 1323 4409; x_wconf 81' lang='lat' dir='ltr'><strong>et</strong></span> <span class='ocrx_word' id='word_1_309' title='bbox 1396 4342 1487 4407; x_wconf 88' lang='lat' dir='ltr'><strong>De</strong></span> <span class='ocrx_word' id='word_1_310' title='bbox 1564 4340 1770 4409; x_wconf 88' lang='lat' dir='ltr'><strong>Domo</strong></span> <span class='ocrx_word' id='word_1_311' title='bbox 1848 4340 1960 4407; x_wconf 83' lang='lat'><strong>18:</strong></span> <span class='ocrx_word' id='word_1_312' title='bbox 2047 4338 2222 4417; x_wconf 73' lang='grc' dir='ltr'><strong><em>ὅλος</em></strong></span> <span class='ocrx_word' id='word_1_313' title='bbox 2291 4343 2436 4425; x_wconf 78' lang='grc' dir='ltr'><strong><em>πρὸς</em></strong></span> <span class='ocrx_word' id='word_1_314' title='bbox 2507 4350 2634 4415; x_wconf 77' lang='grc' dir='ltr'><strong><em>τοῖς</em></strong></span> 
     </span>
     <span class='ocr_line' id='line_1_35' title="bbox 274 4442 1583 4527; baseline 0.001 -15"><span class='ocrx_word' id='word_1_315' title='bbox 274 4442 558 4527; x_wconf 70' lang='grc' dir='ltr'><strong><em>ὁρωμένοις</em></strong></span> <span class='ocrx_word' id='word_1_316' title='bbox 604 4448 770 4516; x_wconf 70' lang='grc' dir='ltr'><strong><em>ἐστίν</em></strong></span> <span class='ocrx_word' id='word_1_317' title='bbox 816 4456 883 4517; x_wconf 81' lang='lat' dir='ltr'><strong>et</strong></span> <span class='ocrx_word' id='word_1_318' title='bbox 926 4449 1157 4517; x_wconf 78' lang='lat' dir='ltr'><strong>multis</strong></span> <span class='ocrx_word' id='word_1_319' title='bbox 1210 4449 1355 4516; x_wconf 88' lang='lat' dir='ltr'><strong>aliis</strong></span> <span class='ocrx_word' id='word_1_320' title='bbox 1401 4446 1583 4515; x_wconf 83' lang='lat' dir='ltr'><strong>locis.</strong></span> 
     </span>
    </p>
   </div>
  </div>
 </body>
</html>
