3150 5000
1273 343 1516 394 mono.
2454 320 2584 389 301

239 528 443 573 manus
486 526 525 571 n
567 508 836 575 addidit.
906 507 1129 574 Prima
1175 509 1380 596 igitur
1425 527 1655 574 manus
1701 508 1957 574 videtur
2000 509 2071 572 in
2117 507 2281 574 libro
2322 504 2597 571 secundo

237 619 290 678 et
343 613 622 700 deinceps
640 663 659 698 ,
727 617 941 680 minus
989 613 1333 702 diligenter
1376 614 1797 700 archetypum
1848 619 2065 680 secuta
2085 661 2103 691 ,
2156 633 2339 678 suam
2385 612 2596 678 ortho-

235 719 544 806 graphiam
593 721 1028 798 substituisse,
1080 740 1273 805 quam
1328 722 1560 805 passim
1614 721 1708 786 ibi
1754 740 2003 806 quoque
2052 721 2325 785 correxit
2360 717 2559 783 altera
2575 762 2594 795 ,

235 825 426 891 addita
485 845 524 892 a
587 825 691 910 (ΙΙ.
761 824 882 906 18,
954 825 1078 910 29,
1139 825 1255 892 111.
1329 825 1450 905 18,
1515 825 1650 910 27).
1726 827 1881 892 Post
1944 845 1995 892 u
2040 833 2105 891 et
2148 841 2185 892 s
2234 825 2598 911 (factumi,

225 931 476 1016 factust,
539 935 784 1014 simm.)
847 949 924 1000 ΒΨ
989 953 1112 998 non
1169 934 1408 998 inveni.
1477 934 1612 999 Nec
1660 950 1762 999 ΒΗ·
1810 935 1903 998 sic
1949 932 2382 997 imminuitur.
2452 929 2597 995 Non

234 1034 634 1103 similitudine
679 1038 1200 1123 compendiorum
1241 1040 1350 1103 sed
1389 1041 1772 1104 correctione
1812 1039 1989 1103 locus
2028 1044 2395 1122 corruptus,
2431 1035 2593 1099 indi-

233 1144 420 1208 cativo
462 1150 547 1207 est
593 1165 920 1229 perperam
971 1145 1450 1210 accommodato
1497 1147 1789 1230 proximo
1839 1145 2242 1210 coniunctivo
2262 1190 2278 1221 ,
2326 1147 2401 1207 ut
2440 1143 2596 1206 satis

233 1254 454 1314 constat
465 1269 483 1326 ;
533 1250 642 1315 sed
691 1250 915 1316 dubito
963 1272 1043 1316 an
1089 1249 1434 1338 legendum
1487 1254 1571 1316 sit
1624 1257 1977 1336 praeterea:
2030 1260 2089 1314 et
2134 1272 2246 1335 quo
2290 1271 2353 1311 a.
2366 1271 2438 1330 p.
2463 1270 2511 1310 e.
2528 1269 2595 1330 p.

231 1351 446 1417 Eadem
487 1355 616 1422 fere
661 1357 939 1439 ratione,
999 1357 1206 1441 „quod
1254 1358 1579 1441 proprium
1632 1364 1717 1420 est
1764 1363 1827 1421 et
1874 1376 1999 1440 quo
2046 1355 2210 1420 nihil
2246 1354 2439 1437 ponit
2464 1373 2597 1418 esse

231 1459 623 1543 praeclarius”
669 1465 1064 1549 iunguntur,
1117 1482 1242 1547 quo
1291 1471 1432 1547 post
1470 1462 1857 1528 adiectivum
1900 1463 2355 1526 attributivum
2397 1479 2595 1523 mem·

231 1564 394 1628 brum
457 1565 801 1633 relativum
822 1614 838 1645 ,
901 1568 1165 1634 alterius
1230 1570 1522 1633 attributi
1574 1567 1787 1633 locum
1838 1566 2097 1652 explens
2120 1613 2135 1644 ,
2185 1569 2253 1630 in
2302 1566 2596 1630 coniunc-

231 1672 350 1735 tivo
391 1674 666 1755 ponitur.
740 1672 832 1739 Eo
877 1695 1022 1759 pars
1068 1673 1350 1740 locorum
1398 1673 1723 1739 referenda
1758 1673 2014 1738 videtur
2055 1673 2121 1736 in
2146 1671 2380 1756 quibus
2405 1689 2594 1754 prop-

233 1781 314 1840 ter
371 1777 576 1842 nescio
643 1801 835 1862 quam
889 1783 1022 1846 vim
1093 1781 1294 1854 ἠθικὴν
1359 1782 1839 1845 coniunctivum
1904 1781 2185 1864 positum
2232 1775 2595 1841 Ellendtius

232 1883 530 1947 statuebat
576 1884 654 1949 ad
705 1883 837 1951 Cic.
885 1885 962 1950 de
1009 1885 1114 1950 Or.
1170 1885 1218 1949 1.
1271 1883 1334 1949 3.
1402 1885 1643 1951 Melius
1688 1891 1753 1949 et
1799 1883 2049 1969 plenius
2092 1903 2261 1947 nunc
2320 1881 2589 1946 Kuhne-

229 2007 322 2052 rus
382 1991 446 2052 in
509 1994 772 2077 egregia
831 2011 945 2056 sua
1007 1995 1431 2079 grammatica
1490 1993 1526 2075 ξ
1590 1990 1735 2055 194.
1798 1990 1859 2057 ’7.
1930 1990 2277 2055 Brevitatis
2322 1987 2595 2052 studiosi

231 2098 526 2175 possimus
591 2099 1067 2162 coniunctivum
1135 2097 1302 2162 hunc
1364 2099 1783 2181 qualitativam
1842 2097 2080 2172 dicere,
2146 2101 2219 2158 ut
2288 2097 2399 2178 qui
2468 2113 2593 2158 non

235 2197 470 2264 definiat
517 2208 582 2266 et
628 2203 707 2266 ab
755 2203 899 2268 aliis
938 2204 1329 2291 distinguat,
1369 2204 1476 2269 sed
1517 2203 1893 2288 qualitatem
1940 2209 2241 2287 tanquam
2282 2199 2590 2266 indicium

233 2306 296 2370 ad
341 2307 822 2372 describendum
872 2319 935 2374 et
983 2310 1328 2375 notandum
1385 2329 1683 2394 personae
1726 2309 2158 2373 inhaerentem
2210 2299 2446 2372 afferat.
2510 2305 2592 2370 Ec

231 2411 498 2476 addit-um
561 2422 658 2478 est
725 2412 857 2480 oie.
922 2413 1026 2479 Or.
1078 2413 1128 2479 1.
1178 2415 1302 2481 25:
1355 2415 1825 2493 „adolescentes
1873 2411 2066 2478 Drusi
2119 2449 2197 2461 -
2249 2411 2591 2478 familiares

231 2522 376 2583 etin
425 2522 656 2605 quibus
702 2542 1006 2608 magnam
1057 2528 1207 2587 tunc
1254 2543 1429 2608 spem
1481 2522 1753 2587 maiores
1800 2530 1954 2585 natu
2006 2556 2087 2569 —
2140 2518 2587 2585 collocarent”.

231 2622 310 2689 Ib.
369 2624 453 2690 11.
523 2624 610 2690 58
677 2626 1122 2713 ,‚(Xenophon)
1185 2628 1421 2695 leniore
1483 2628 1759 2712 quodam
1821 2647 1971 2692 sono
2026 2632 2122 2691 est
2172 2646 2323 2691 usus
2366 2631 2434 2689 et
2481 2626 2592 2709 qui

230 2727 396 2795 illum
438 2733 758 2817 impetum
799 2737 1064 2800 oratoris
1102 2754 1222 2800 non
1263 2733 1534 2800 habeat”
1578 2742 1643 2798 et
1667 2732 1929 2817 reliquis
1952 2731 2110 2797 locis
2134 2730 2301 2815 apud
2327 2730 2587 2794 Kuhne·

231 2854 370 2901 rum.
447 2835 734 2904 Omissae
795 2846 860 2904 et
922 2840 1174 2907 additae
1235 2842 1697 2906 coniunctionis
1757 2836 2125 2923 exemplum
2175 2837 2369 2901 habet
2413 2836 2592 2901 locus

231 2937 387 3007 Brut.
453 2942 575 3008 35:
645 2943 854 3021 „Tum
918 2946 1043 3010 fuit
1102 2944 1332 3032 Lysias
1396 2948 1530 3031 ipse
1598 2982 1679 2993 --
1738 2944 1995 3010 subtilis
2065 2943 2333 3027 scriptor
2400 2947 2591 3027 atque

231 3045 496 3135 elegans,
548 3074 712 3136 quom
761 3054 890 3117 iam
939 3072 1130 3137 prope
1175 3052 1408 3118 audeas
1445 3060 1735 3115 oratorem
1759 3050 2093 3136 perfeetum
2132 3046 2375 3113 dicere”
2396 3048 2593 3133 (bunc

231 3153 420 3237 ipsum
487 3157 838 3241 perfectum
905 3159 1244 3243 quaerebat
1307 3154 1561 3239 Cicero,
1614 3157 1975 3221 membrum
2025 3153 2371 3220 relativum
2420 3175 2593 3219 sum-

233 3278 382 3325 mam
433 3264 556 3337 rei,
610 3282 734 3328 non
785 3264 1293 3329 additamentum
1335 3265 1780 3329 secundarium
1820 3262 2131 3348 continet)
2177 3281 2364 3344 „nam
2407 3259 2594 3346 plane

233 3367 468 3448 quidem
533 3368 885 3452 perfectum
943 3376 999 3433 et
1057 3373 1156 3432 cui
1217 3367 1381 3434 nihil
1444 3369 1793 3434 admodum
1865 3366 2027 3433 desit
2096 3366 2589 3432 Demosthenem

233 3469 396 3539 facile
459 3472 748 3538 dixeris”.
841 3474 920 3537 Ec
981 3476 1046 3539 in
1114 3477 1196 3539 iis
1243 3478 1336 3541 sic
1390 3474 1648 3539 additur
1694 3481 1766 3539 ut
1815 3470 2068 3539 Oluent.
2124 3469 2207 3536 76
2262 3471 2593 3548 „homines

233 3581 528 3661 sapientes
581 3587 646 3644 et
685 3600 768 3643 ex
817 3585 1027 3646 vetere
1075 3578 1189 3645 illa
1235 3579 1572 3665 disciplina
1616 3578 2066 3645 iudiciorum”.
2142 3576 2223 3641 Et
2269 3577 2595 3641 omittitur

233 3679 393 3749 Verr.
442 3684 564 3751 IV.
613 3684 698 3749 39
752 3686 986 3762 „homo
1033 3686 1207 3773 frugi
1253 3707 1326 3751 ac
1372 3685 1683 3772 diligens,
1734 3687 1845 3770 qui
1894 3703 2008 3749 sua
2054 3703 2305 3748 servare
2342 3680 2592 3747 vellet”.

235 3784 395 3855 Boeo.
445 3794 590 3859 Am.
639 3790 726 3856 26
779 3792 1110 3869 „homines
1157 3794 1444 3877 antiqui,
1493 3794 1605 3876 qui
1654 3812 1731 3856 ex
1780 3811 1895 3856 sua
1941 3796 2167 3855 natura
2206 3795 2443 3855 ceteros
2482 3786 2593 3855 fin-

233 3896 501 3978 gerent”.
571 3895 821 3964 Caecin.
891 3896 974 3963 18
1042 3898 1274 3982 „homo
1335 3897 1602 3963 timidus
1660 3898 2161 3982 imperitusque,
2226 3897 2337 3980 qui
2390 3916 2593 3981 neque

233 4002 412 4067 animi
457 4024 659 4088 neque
701 4002 946 4068 consilii
985 4006 1142 4068 satis
1185 4002 1496 4070 haberet'’.
1546 4001 1799 4070 Oluent.
1842 4000 1927 4067 77
1968 4002 2201 4078 „homo
2234 4001 2597 4087 popularis,

235 4108 331 4187 qui
371 4128 588 4175 omnes
635 4129 964 4173 rumorum
1013 4118 1080 4173 et
1123 4111 1490 4175 contionum
1541 4116 1767 4174 ventos
1812 4107 2115 4194 colligere
2164 4108 2585 4174 consuesset”.

237 4207 342 4277 Sed
403 4236 586 4281 causa
637 4218 713 4281 in
783 4224 1080 4301 promptu
1141 4224 1239 4281 est
1297 4238 1410 4281 cur
1454 4216 1558 4281 his
1604 4216 1761 4281 locis
1806 4216 2135 4280 ἀσύνδετον
2188 4218 2293 4281 sit.
2365 4215 2595 4281 Noster

237 4334 342 4382 usu
404 4324 786 4387 coniunctivi
856 4323 924 4385 in
994 4321 1192 4387 altero
1262 4322 1553 4387 membro
1622 4325 1919 4387 convenit
1988 4342 2135 4387 cum
2206 4320 2344 4387 loco
2406 4322 2591 4387 Bruti

239 4418 472 4493 laudato
552 4428 740 4513 (post.
809 4428 1031 4512 parte).
1129 4426 1512 4507 Qualitativi
1583 4426 1711 4493 alia
1779 4426 2071 4513 exempla
2140 4427 2356 4493 afferre
2424 4426 2591 4491 nihil
