3150 5000
1035 309 1308 360 mnus
1352 309 1691 362 sosarnus.
2419 285 2554 354 265

204 473 306 549 μὲν
357 473 472 557 βίᾳ
529 480 643 538 τῶν
705 475 796 540 ἔτι
860 474 1364 557 Ῥωμωϊζὸντων,
1427 478 1570 550 τοὺς
1634 477 1697 540 δὲ
1758 477 1956 540 πειθοῖ
2012 475 2384 554 προσήγοντο
2446 473 2552 537 καὶ

205 579 686 656 συναθροισθέντες
753 583 838 652 εἷς
904 583 972 648 τὸ
1037 583 1224 666 ἱερόν,
1289 583 1639 662 ςρατηγοὺς
1705 579 2039 656 ἀπέδειξαν
2099 585 2205 646 τοῦ
2278 581 2552 656 πολέμου

205 685 500 764 πλείονας,
563 687 640 752 de
704 709 974 773 quorum
1036 709 1304 754 numero
1359 688 1709 774 Josephum
1774 689 1967 753 fuisse
2028 687 2333 751 vidimus.
2406 685 2552 752 Jam

204 793 514 876 apparebat
567 796 782 858 omnia
847 793 1086 860 bellum
1151 801 1468 880 spectare,
1533 816 1649 860 nec
1704 815 1927 860 verum
1976 803 2073 857 est
2119 793 2286 877 quod
2332 793 2557 858 scribit

205 901 372 962 etiam
421 905 563 964 tum
621 903 906 985 quietam
952 898 1309 967 Galilaeam
1365 901 1587 980 fuisse;
1651 903 1804 987 quin
1854 906 1919 965 et
1962 899 2231 964 fuissent
2276 901 2553 981 impera-

205 1009 380 1068 torem
425 1025 616 1069 suum
659 1006 1089 1090 interfecturi,
1135 1009 1262 1070 nisi
1303 1007 1867 1073 demonstravisset
1905 1027 1971 1070 se
2008 1007 2284 1091 patriam
2321 1002 2558 1069 Roma-

203 1112 284 1172 nis
323 1111 575 1195 prodere
624 1111 794 1177 nolle
817 1163 832 1189 ,
883 1111 1014 1177 Vit.
1063 1115 1098 1197 ξ
1145 1111 1250 1178 30.
1297 1113 1546 1198 Nempe
1586 1112 1815 1178 callide
1852 1110 2216 1176 dissimulat
2254 1113 2555 1194 scriptor,

203 1216 386 1300 ipsum
435 1237 502 1282 se
553 1221 862 1284 invasisse
909 1222 1231 1306 Agrippae
1282 1219 1637 1296 dicionem,
1688 1224 1761 1283 ut
1796 1215 2121 1284 Galilaeae
2160 1218 2349 1282 urbes
2386 1215 2555 1281 solli-

203 1323 398 1387 citaret
443 1329 510 1388 et
557 1327 612 1388 si
663 1345 895 1409 paucos
943 1328 1299 1410 exceperis,
1347 1345 1502 1410 quos
1538 1325 2000 1389 immoderatus
2037 1323 2353 1388 libertatis
2380 1343 2559 1388 amor

203 1426 545 1515 instigaret,
611 1431 848 1495 dixeris
912 1428 1270 1507 Galilaeos‚
1344 1438 1655 1516 quantum
1725 1452 1835 1515 per
1902 1429 2161 1514 Josepbi
2230 1429 2561 1494 mendacia

203 1543 492 1617 appareat,
551 1557 677 1601 non
724 1543 1050 1602 contentos
1099 1539 1358 1623 quidem
1405 1538 1601 1602 fuisse
1636 1540 1817 1624 regio
1856 1538 2161 1620 imperi0,
2202 1535 2311 1600 sed
2352 1537 2560 1620 magis

203 1641 368 1702 etiam
429 1642 836 1706 abhorruisse
886 1644 964 1707 ab
1013 1643 1745 1729 Hierosolymitanorum
1794 1645 2153 1706 temeritate
2200 1662 2270 1705 ac
2318 1643 2559 1718 furore,

203 1744 332 1808 adeo
373 1757 444 1812 ut
491 1769 852 1832 numquam
902 1769 1079 1814 arma
1125 1751 1404 1813 sumturi
1451 1750 1749 1826 fuissent,
1812 1751 1867 1812 si
1912 1746 2181 1812 Romani
2230 1747 2559 1831 oppidanis

204 1869 320 1914 eam
379 1853 752 1919 libertatem
803 1856 1078 1920 tribuere
1125 1853 1511 1932 voluissent,
1563 1876 1755 1938 quam
1803 1853 2139 1918 foederatis
2188 1853 2558 1918 civitatibus

204 1958 504 2024 concedere
571 1959 862 2026 solerent.
933 1959 1236 2026 Ceterum
1299 1981 1554 2026 omnem
1614 1959 1803 2024 fidem
1848 1965 2137 2044 superat,
2188 1980 2377 2043 quam
2430 1962 2559 2024 sint

203 2061 440 2128 ridicula
501 2085 670 2147 quae
728 2063 1040 2150 Josephus
1103 2073 1317 2131 narrat
1377 2065 1457 2132 de
1519 2069 1759 2131 ratione
1808 2085 1933 2149 qua
1977 2064 2220 2129 bellum
2268 2069 2557 2151 gesserit.

205 2164 376 2234 Multi
421 2169 656 2258 legunt
703 2180 767 2236 et
813 2174 1184 2249 connivent,
1227 2174 1378 2257 quia
1418 2171 1715 2257 pleraque
1754 2176 1887 2236 tam
1930 2171 2225 2256 perplexe
2264 2178 2557 2238 contexta

205 2284 356 2350 sunt,
418 2297 644 2342 sensus
705 2279 817 2342 vix
877 2282 952 2342 ut
999 2283 1315 2363 appareat.
1387 2277 1599 2342 Unam
1648 2277 2189 2342 narratiunculam
2238 2277 2559 2355 γεύματος

205 2375 362 2456 χάριν
417 2383 778 2448 adscribam
801 2429 817 2459 ,
877 2402 1038 2468 quae
1100 2385 1281 2449 nobis
1341 2403 1466 2448 non
1537 2382 1734 2448 semel
1803 2385 2175 2467 propinatur
2244 2383 2352 2448 sed
2423 2384 2555 2467 bis,

209 2481 339 2550 Bell.
395 2487 550 2554 Jud.
617 2487 679 2552 2.
742 2487 850 2555 21.
921 2487 1002 2555 10
1065 2496 1130 2555 et
1198 2487 1323 2554 Vit.
1367 2491 1402 2574 ξ
1451 2489 1558 2555 34.
1630 2489 1863 2555 Fuerat
1911 2489 2247 2555 seditiosus
2296 2490 2555 2574 quidam

207 2588 368 2658 homo
425 2593 644 2661 Clitus
703 2598 995 2679 nomine,
1059 2617 1248 2680 quem
1301 2617 1500 2682 quum
1553 2594 1897 2661 interficere
1946 2596 2176 2674 nollet,
2227 2598 2559 2682 procedere

209 2696 450 2765 militem
510 2702 710 2787 jubet
757 2710 824 2767 et
883 2704 1114 2767 misero
1175 2702 1424 2767 homini
1480 2710 1820 2787 utramque
1872 2722 2134 2766 manum
2184 2703 2559 2785 praecidere.

209 2798 396 2871 Stabat
461 2808 722 2873 interim
780 2810 848 2872 in
907 2807 1204 2873 navicula
1267 2806 1613 2890 Josephus,
1667 2828 1827 2893 quae
1876 2808 1952 2873 ad
2000 2807 2185 2872 littus
2232 2808 2563 2892 appulerat

211 2912 260 2969 et
295 2912 352 2973 in
397 2920 742 2998 conspectu
787 2914 1005 2979 aderat
1045 2911 1290 2991 Clitus,
1341 2935 1530 2999 quem
1572 2917 1801 2999 ingena
1839 2914 2169 2978 hominum
2212 2914 2564 2980 multitudo

211 3015 636 3083 circumdabat.
730 3018 926 3085 Miles
988 3040 1022 3084 e
1084 3019 1380 3085 navicula
1441 3041 1563 3085 non
1632 3020 1823 3085 audet
1882 3021 1949 3083 in
2021 3026 2253 3086 terram
2324 3021 2559 3107 egredi.

213 3115 645 3189 Tumultuatur
689 3124 1002 3208 Josephus
1049 3139 1113 3191 et
1160 3124 1427 3191 simulat
1473 3147 1540 3191 se
1588 3128 1799 3210 ipsum
1846 3130 1987 3190 tuta
2028 3128 2298 3192 statione
2344 3126 2566 3193 relicta

211 3220 508 3295 hominem
565 3230 949 3315 prehendere
1010 3230 1198 3297 vello.
1284 3230 1448 3297 Tum
1513 3230 1627 3296 ille
1689 3232 1955 3297 ἱκέτευεν
2018 3232 2143 3295 ἀπὸ
2208 3240 2319 3307 ’τῆς
2366 3234 2563 3307 ἀκτῆς

213 3330 300 3399 τὺν
355 3334 564 3413 ἑτέρων
624 3342 742 3400 τῶν
796 3342 1015 3417 χειρῶν
1061 3345 1460 3401 καταλιπεῖν.
1535 3335 1843 3403 Concedit
1888 3358 2023 3403 rem
2074 3340 2315 3403 summi
2362 3341 2567 3425 impe-

213 3441 408 3503 ratoris
455 3440 826 3515 clementia,
877 3442 1068 3508 modo
1114 3440 1326 3507 Clitus
1372 3445 1504 3526 ipse
1549 3443 1673 3507 sibi
1723 3463 1839 3507 sua
1886 3462 2079 3507 manu
2124 3463 2389 3506 manum
2433 3464 2566 3509 am-

213 3548 384 3622 putet.
457 3546 624 3611 Tum
675 3546 787 3613 ille
833 3549 1015 3633 quasi
1061 3548 1138 3613 ad
1190 3540 1419 3613 incitas
1466 3548 1758 3613 redactus
1806 3568 2009 3632 neque
2056 3546 2397 3633 implorata
2442 3550 2566 3613 cir-

215 3656 643 3717 cumstantium
707 3652 828 3720 fide
889 3652 1290 3729 σπασάμενος
1353 3663 1430 3737 τῇ
1495 3654 1667 3737 δεξιᾷ
1732 3654 1801 3718 τὸ
1862 3652 2041 3734 ξίφος
2103 3653 2386 3731 ἀπέκοψε
2455 3656 2565 3729 τὴν

216 3758 394 3825 λαιάν.
465 3758 708 3839 Quodsi
767 3761 928 3825 forte
991 3760 1226 3835 credis,
1291 3780 1424 3825 rem
1492 3760 1871 3825 documento
1932 3779 2065 3825 esse
2127 3779 2320 3844 quam
2374 3760 2573 3827 fuerit

215 3854 460 3948 Josepho
506 3866 862 3931 multitudo
908 3867 1212 3943 obnoxia,
1257 3886 1526 3949 provoco
1563 3865 1642 3932 ad
1682 3868 1896 3951 ipsum
1936 3864 2417 3950 imperatorem,
2458 3870 2571 3952 qui

217 3982 376 4051 saepe
434 3968 870 4037 Galilaeorum
933 3971 1253 4037 tumultus
1319 3975 1410 4037 ita
1457 3973 1751 4060 depingit
1796 3978 1871 4037 ut
1918 3982 2219 4057 appareat
2266 3972 2571 4039 multitu-

219 4066 332 4135 dini
385 4079 594 4163 magis
655 4078 1001 4142 obnoxium
1067 4079 1260 4143 fuisse
1303 4075 1653 4164 Josepbum
1704 4098 1897 4162 quam
1943 4076 2219 4163 Josepho
2266 4078 2571 4145 multitu-

219 4172 424 4245 dinem.
495 4182 782 4248 Interim-
821 4187 958 4268 ipse
1008 4185 1146 4269 jam
1207 4184 1444 4249 sciebat
1505 4185 1629 4248 sibi
1693 4183 1860 4269 apud
1930 4182 2253 4249 Romanos
2314 4187 2566 4251 veniam

221 4294 478 4363 paratam
541 4288 710 4367 fore,
774 4291 852 4355 cf.
907 4288 1069 4355 Bell.
1115 4288 1263 4355 Jud.
1313 4290 1374 4355 3.
1429 4290 1490 4357 Ι7.
1540 4289 1620 4353 2:
1669 4289 1857 4359 αὐτὸς
1904 4290 1969 4355 δὲ
2018 4292 2241 4369 καίπερ
2289 4314 2567 4368 συγγνω-

221 4390 516 4463 σθήσεσθαι
557 4397 728 4474 παρὰ
769 4397 1086 4471 Ῥωμαίοις
1133 4395 1494 4483 προσδρκῶν,
1547 4392 1710 4471 ὅμως
1758 4394 2043 4461 τεθνάναι
2084 4398 2328 4472 μᾶλλον
2368 4392 2565 4461 εἵλετο
