3150 5000
1096 1003 2048 1152 CATULLIANA.

1438 1406 1690 1437 -900—

469 1684 829 1754 CA'ruutm
913 1689 1077 1755 mihi
1148 1692 1378 1756 abhinc
1446 1713 1685 1758 annum
1757 1693 2067 1782 relegenti
2140 1701 2204 1761 et
2271 1693 2530 1761 volnera
2600 1715 2762 1779 quae

379 1796 648 1881 scriptor
694 1794 1209 1883 elegantissimus
1254 1799 1333 1863 ab
1379 1818 1535 1865 aevo
1590 1802 1848 1884 situque
1895 1800 2176 1886 plurima
2222 1803 2467 1886 accepit
2485 1851 2505 1876 ,
2557 1800 2763 1885 quoad

378 1921 626 1987 possem
647 1948 664 1980 ‚
752 1923 970 1968 sanare
1052 1905 1415 1970 instituenti
1500 1891 1927 1992 provenerunt
1993 1908 2113 1973 hae
2183 1928 2342 1993 quae
2411 1913 2764 1993 sequuntur

381 2008 852 2074 emendationes
870 2056 887 2087 ,
954 2029 1067 2074 nec
1128 2010 1473 2076 admodum
1494 2061 1513 2096 ,
1576 2021 1651 2078 ut
1712 2013 1876 2078 mihi
1938 2013 2342 2093 videbantur,
2406 2033 2444 2080 a
2491 2013 2762 2083 veritate

383 2112 786 2181 abhorrentes
831 2135 946 2182 nec
969 2162 986 2194 ‚
1033 2122 1344 2202 quantum
1390 2120 1619 2184 scirem
1641 2165 1657 2198 ‚
1705 2120 1785 2185 ab
1831 2118 1977 2186 aliis
2024 2125 2381 2208 occupatae.

1530 2331 1612 2397 11.

830 2501 1076 2586 Passer,
1125 2498 1387 2567 deliciae
1433 2521 1614 2567 meae
1661 2502 1948 2589 puellae,

830 2610 1090 2695 quicum
1138 2606 1389 2692 ludere,
1439 2628 1628 2694 quem
1677 2611 1744 2675 in
1795 2611 1940 2675 sinu
1987 2613 2230 2691 tenere,

832 2718 981 2801 quoi
1026 2716 1307 2801 primum
1356 2714 1640 2802 digitum
1691 2716 1837 2783 dare
1884 2720 2204 2803 appetenti

829 2827 893 2888 et
939 2824 1098 2889 acris
1145 2820 1305 2887 solet
1352 2821 1616 2888 incitare
1659 2842 1908 2889 morsus
1928 2870 1944 2901 ‚

344 2971 352 2980 -
473 2928 511 2995 5
648 2996 655 3001 ,
834 2948 981 2994 cum
1032 2926 1351 2993 desiderio·
1384 2947 1530 2994 meo
1578 2930 1811 2994 nitenti

835 3055 1052 3102 carum
1102 3036 1311 3101 nescio
1358 3034 1512 3120 quid
1556 3034 1740 3100 lubet
1783 3036 2020 3115 iocari,

833 3148 897 3208 et
947 3140 1321 3208 solaciolum
1368 3144 1471 3207 sui
1518 3140 1753 3208 doloris

833 3247 1017 3314 credo
1067 3251 1139 3313 ut
1186 3268 1333 3313 cum
1380 3250 1600 3336 gravis
1647 3250 2000 3335 acquiescet
2048 3248 2249 3316 ardor.

472 3352 760 3419 Ultimos
806 3374 1026 3421 versus
1072 3374 1228 3439 quos
1276 3354 1355 3420 ad
1400 3354 1690 3420 codicum
1739 3354 2102 3441 exemplum
2139 3357 2403 3422 exhibui
2439 3364 2764 3444 corruptos

384 3482 517 3527 esse
580 3466 829 3527 constat
891 3463 1107 3545 itaque
1174 3460 1532 3527 coniectura
1591 3481 1749 3547 opus
1794 3466 1888 3527 est
1907 3508 1924 3540 ‚
1971 3463 2078 3529 sed
2128 3464 2349 3530 eadem
2397 3462 2529 3531 levi
2576 3486 2654 3530 ne
2694 3468 2763 3531 in

386 3586 553 3655 vaga
604 3568 821 3633 omnia
866 3572 1057 3651 atque
1098 3568 1313 3648 inania
1358 3566 1680 3631 abeamus.
1727 3568 1796 3632 in
1843 3570 2042 3635 totius
2077 3568 2200 3635 loci
2240 3573 2552 3638 sententia
2590 3592 2763 3638 enar·

382 3673 581 3740 randa
642 3672 932 3739 multum
978 3672 1144 3739 vidit
1191 3671 1425 3738 Munro
1470 3678 1682 3738 noster
1727 3676 1795 3739 in
1843 3670 2084 3740 Catulli
2129 3675 2762 3761 Interpretationibus

380 3800 442 3865 p.
494 3776 555 3859 7,
623 3800 770 3845 cum
823 3779 1073 3846 doceret
1114 3800 1350 3860 yravem
1397 3779 1664 3844 ardorem
1713 3779 1898 3867 plane
1944 3781 2119 3847 aliud
2167 3802 2300 3847 esse
2352 3804 2425 3848 ac
2469 3785 2724 3849 dolorem
2742 3834 2761 3868 ,

384 3906 529 3951 cum
579 3885 744 3951 illud
797 3886 1055 3970 quidem
1106 3886 1307 3950 animi
1354 3887 1593 3951 incensi
1638 3887 2055 3973 impotentem
2103 3888 2469 3974 cupidinem
2516 3887 2762 3977 signifi-

258 4060 267 4071 ,
383 3996 591 4073 caret,
658 3992 777 4057 hoc
842 3998 1058 4057 autem
1126 3991 1449 4057 absentem
1498 3994 1874 4078 requirentis
1921 4014 2186 4081 aegrum
2235 3995 2552 4079 quoddam
2596 3995 2762 4061 desi-

383 4097 654 4163 derium.
718 4096 826 4163 sed
890 4096 1177 4164 ordinem
1242 4118 1543 4165 versuum
1604 4099 1836 4165 frustra
1895 4098 2009 4165 ille
2068 4099 2357 4167 molitur.
2409 4108 2516 4179 tu,
2565 4101 2759 4167 aliam

383 4203 775 4289 corruptelae
836 4205 1152 4291 originem
1220 4206 1734 4290 circumspiciens
1756 4253 1771 4284 ,
1829 4204 2182 4272 Fuffetiana
2227 4208 2358 4273 fata
2403 4212 2468 4273 et
2513 4207 2762 4273 disiecti

383 4311 672 4376 membra
731 4315 956 4394 poetae
1022 4330 1341 4398 agnosces.
1402 4310 1495 4375 Ex
1548 4328 1774 4377 Cannu*
1829 4311 2068 4379 factum
2119 4316 2214 4379 eet
2255 4314 2478 4397 cred(o)
2524 4320 2590 4379 ut
2637 4334 2761 4400 quo
