3150 5000
1242 320 1708 372 maounmnvs.
2529 303 2656 368 291

277 507 493 553 omnes
536 489 607 552 in
657 488 1033 576 Aginatium
1083 487 1309 553 deind'e
1355 493 1820 565 commoneret,
1869 487 2052 554 uelut
2099 509 2353 574 serpens
2400 485 2663 556 uulnere

275 614 365 659 no
386 597 444 659 ti
489 595 823 660 cuiusdam
870 593 1210 660 adtritus.”

364 697 490 765 Pro
534 703 741 786 noti,
789 701 957 786 quod
1002 700 1169 765 nihil
1213 705 1341 778 est,
1393 700 1740 789 legendum
1787 707 1882 768 est
1929 701 2186 768 molis.

372 917 430 981 1.
481 912 588 979 38.
640 913 779 991 „Ob
828 935 989 999 quae
1034 915 1539 1000 inplacabilitate
1585 915 1754 982 ultra
1800 917 2088 1003 adposita
2134 919 2268 982 iam
2318 921 2620 1006 pergente
2639 967 2658 998 ‚

274 1041 505 1086 manus
564 1019 843 1085 uinculis
902 1027 1052 1086 sunt
1113 1026 1353 1087 artatae
1415 1020 1846 1109 complurium
1868 1073 1885 1108 ,
1936 1029 2204 1109 ortuque
2252 1024 2497 1090 nobiles
2543 1027 2658 1090 in-

275 1125 497 1191 culti
544 1126 927 1192 uidebantur
972 1133 1035 1192 et
1086 1129 1325 1194 anxii.”

362 1233 580 1300 Immo
627 1236 841 1320 potius
890 1236 954 1312 „i
971 1257 1013 1299 n
1029 1255 1067 1320 q
1086 1237 1307 1300 uicti
1356 1285 1371 1302 .
1400 1283 1417 1300 .
1448 1284 1461 1300 .
1510 1242 1575 1302 et
1624 1235 1863 1302 anxii.”

368 1453 429 1520 1.
476 1453 585 1521 39.
661 1452 969 1534 „Prorsus
1036 1458 1208 1522 enim
1269 1457 1361 1522 sic
1433 1457 1763 1545 agebatur,
1812 1463 1887 1523 ut
1931 1479 2046 1524 nec
2089 1461 2159 1526 in
2205 1461 2428 1528 alienis
2475 1459 2665 1526 malis

272 1561 670 1647 quorundam
713 1567 1141 1631 exarescerent
1178 1561 1508 1629 lacrimae:
1559 1563 1724 1649 quod
1773 1566 1840 1629 in
1890 1567 2147 1631 uariis
2194 1573 2260 1633 et
2281 1568 2666 1656 confragosis

274 1668 525 1733 actibus
571 1670 745 1734 uitae
788 1666 1167 1753 plerumque
1213 1671 1548 1755 contingit.

364 1771 680 1840 Emendes
727 1795 956 1862 quaeso
1006 1775 1310 1854 „arduis
1356 1781 1421 1840 et
1470 1776 1915 1864 confragosis.”

368 1991 430 2055 1.
481 1988 589 2055 48.
663 1989 1055 2067 „Eumenius
1126 1996 1190 2055 et
1258 1991 1543 2056 Abienus
1608 1996 1751 2076 post
1812 1990 2121 2058 Victorini
2183 1993 2434 2060 obitum
2455 2040 2470 2070 ,
2540 2013 2666 2079 quo

270 2099 539 2164 iuuante
608 2098 825 2162 uixere
896 2099 1179 2162 securius
1195 2144 1212 2173 ,
1285 2095 1607 2181 Simplicii
1671 2097 1951 2164 aduentu
2016 2099 2479 2184 perterrefacti,
2541 2120 2664 2165 non

272 2224 455 2270 secus
500 2202 883 2269 uolentis
921 2223 1155 2290 magna
1203 2223 1375 2268 cum
1422 2204 1713 2289 minis,
1762 2203 1840 2269 ad
1889 2211 2128 2270 secreta
2168 2205 2565 2291 receptacula
2601 2227 2667 2272 se

271 2300 748 2376 contulerunt.'’

364 2415 637 2503 Scripsit
698 2416 1081 2482 Ammianus
1148 2436 1315 2492 „non
1360 2436 1539 2481 secus
1585 2415 2037 2482 uoluentes
2085 2438 2320 2507 magna
2369 2419 2451 2482 in
2497 2421 2666 2484 ani-

271 2523 495 2589 mis.’'
544 2522 617 2588 In
665 2520 742 2589 V.
790 2529 885 2588 est
939 2542 1106 2600 „non
1150 2543 1332 2588 secus
1381 2522 1716 2588 uoluentes
1765 2544 2002 2611 magna
2048 2545 2194 2590 cum
2242 2525 2502 2590 nimis.”

368 2726 432 2792 1.
482 2724 590 2791 51.
653 2726 1002 2811 Postquam
1066 2724 1345 2791 relatum
1395 2730 1492 2791 est
1539 2744 1798 2791 seruum
1845 2726 2161 2812 quendam
2208 2726 2622 2812 Apaudulum
2647 2776 2662 2801 .

272 2837 529 2898 noctu
592 2832 671 2896 ad
719 2829 1131 2917 Simplicium
1179 2850 1620 2918 praegressum
1671 2852 1746 2896 ea
1791 2832 2026 2897 indicia
2072 2832 2300 2897 fecisse
2345 2854 2457 2919 per
2503 2852 2664 2919 quae

272 2928 629 3004 Eumenius
676 2944 740 3003 et
788 2938 1071 3003 Abienus
1109 2958 1143 3003 e
1179 2936 1439 3003 latebris
1480 2939 1786 3023 protracti
1825 2941 1990 3015 sint,
2034 2940 2478 3025 Abienumque
2517 2959 2662 3004 con-

273 3046 458 3110 tinuo
505 3052 708 3110 morte
749 3065 881 3110 esse
920 3042 1275 3109 multatum
1296 3091 1313 3121 ,
1355 3046 1448 3110 ita
1487 3046 1699 3131 pergit
1738 3048 2050 3110 narratio:
2095 3044 2329 3131 „haec‚
2371 3052 2446 3109 ut
2475 3050 2666 3133 gesta

274 3157 464 3233 sunt,
512 3152 849 3216 auritus
897 3151 993 3257 ad·
1023 3152 1371 3235 principem
1423 3148 1800 3236 Simplicius
1849 3149 2135 3216 retulit.”

367 3256 451 3322 V.
512 3259 695 3322 auri
716 3261 849 3320 tus
897 3258 1292 3321 coniecturae
1338 3254 1844 3342 Eyssenhardtii,
1869 3257 2152 3333 debetur,
2205 3276 2396 3342 quam
2447 3278 2665 3324 vereor

275 3372 349 3428 ut
412 3363 711 3447 cuiquam
772 3364 856 3427 sit
920 3364 1319 3447 probaturus.
1372 3361 1445 3426 In
1493 3360 1638 3428 vat.
1689 3372 1784 3429 est
1829 3366 2286 3451 maugitus.
2335 3364 2491 3430 Fere
2539 3386 2664 3432 non

276 3468 501 3534 dubito
546 3472 699 3555 quin
746 3489 896 3534 uera
942 3470 1029 3533 sit
1076 3468 1265 3534 lectio
1312 3489 1543 3533 mane
1593 3472 1836 3535 citus.

371 3684 429 3771 1¹.
484 3682 590 3747 55.
660 3682 898 3761 „Iudex
948 3732 963 3746 .
997 3732 1013 3747 .
1042 3730 1057 3747 .
1108 3682 1187 3748 ad
1249 3683 1313 3748 id
1359 3682 1608 3770 solum,
1657 3685 1824 3771 quod
1872 3686 2169 3777 promisit
2217 3688 2502 3751 intentus
2552 3735 2566 3750 .
2597 3732 2614 3751 .
2643 3733 2662 3752 .

275 3793 445 3856 iusso
491 3792 795 3887 Aginatio
844 3792 1078 3866 statui,
1126 3790 1389 3877 agmina
1437 3790 1590 3855 fecit
1637 3793 1897 3857 introire
1945 3790 2355 3857 carnificum'‘
2405 3794 2552 3857 cett.

368 3896 532 3976 Quia
577 3900 645 3960 in
695 3894 833 3961 Vat.
883 3912 977 3961 est
1029 3898 1239 3973 „iusso
1281 3896 1427 3960 sub
1469 3899 1775 3983 Aginatio
1813 3897 2076 3975 statui”,
2118 3897 2466 3985 legendum
2503 3906 2660 3982 puto

282 4005 491 4079 „iusso
554 4003 941 4077 sub<ito>
996 4004 1073 4067 A.
1121 4001 1386 4066 statui.”
1450 4000 1547 4067 Cf.
1599 4024 1808 4087 seqq.:
1863 4006 2248 4091 „Aginatius
2296 4004 2376 4069 ad
2421 4002 2661 4089 suppli-

279 4110 447 4174 cium
490 4108 637 4174 duci
682 4110 1128 4193 pronuntiatus
1176 4107 1600 4193 abrupte.’'

369 4310 431 4375 2.
483 4310 542 4378 3.
625 4311 790 4391 „Per
858 4312 1093 4378 multos
1165 4312 1299 4378 dies
1370 4316 1833 4401 conpaginatae-
1892 4314 2130 4379 formae
2193 4334 2227 4380 e
2290 4314 2658 4399 roboribus,

282 4420 715 4504 coniectaeque
758 4421 825 4483 in
874 4417 1165 4503 alueum,
1216 4418 1357 4485 fixis
1402 4418 1737 4503 refixisque
1784 4418 2162 4506 aliquotiens
2207 4440 2398 4505 prope
2435 4419 2658 4507 ingen-
