3150 5000
613 239 748 310 278
1471 257 1747 307 navius
1790 257 2126 307 sosarnus.

611 446 712 491 res
775 429 998 508 utpote
1058 423 1250 510 longe
1308 423 1473 488 infra
1533 443 1603 488 se
1666 426 1821 488 sitas
1886 419 2355 508 despiciebant?
2444 421 2651 488 Nemo
2718 422 2955 502 horum,

616 532 855 615 opinor.
926 529 1104 594 Inter
1160 526 1201 594 J
1205 530 1437 594 udae'os
1483 548 1607 592 non
1656 530 1805 594 novi
1850 535 2099 613 praeter
2142 527 2571 605 Herodianos,
2622 528 2701 593 cf.
2750 526 2956 592 Matth.

615 635 724 702 22.
790 633 874 699 16
891 680 910 713 ,
961 640 1026 699 et
1072 635 1394 722 Agrippae
1442 632 1731 698 subditos
1750 681 1765 711 ,
1816 633 2048 718 quibus
2090 631 2131 699 J
2134 634 2405 718 osephus
2452 633 2699 718 placere
2744 635 2950 718 potuit;

614 741 723 807 sed
769 741 888 806 hoc
933 759 1137 828 genus
1180 739 1518 804 hominum
1567 741 1697 804 cito
1741 740 1989 804 interiit
2034 744 2100 803 et
2148 738 2505 824 dispersum
2552 739 2700 804 fuit.

703 847 975 912 Restant
1037 843 1424 927 Christiani,
1485 865 1642 929 quos
1703 844 1941 910 dixeris
2000 839 2039 906 J
2044 844 2353 930 osephum
2408 844 2692 909 multum
2739 843 2959 908 lectita·

611 955 799 1019 visse.
865 949 1214 1017 Hominem
1249 948 1564 1015 Judaeum
1609 971 1744 1016 esse
1782 950 2088 1016 videbant
2123 955 2188 1014 et
2225 949 2555 1027 dolebant,
2602 969 2956 1034 quamquam

611 1079 761 1123 eum
824 1067 1081 1143 propter
1141 1057 1382 1140 patriae
1438 1054 1861 1140 proditionem
1925 1060 2141 1120 tamen
2201 1055 2409 1121 odisse
2471 1075 2597 1120 non
2668 1059 2957 1140 poteram

610 1163 724 1230 sed
785 1162 1084 1228 tenebant
1141 1159 1458 1226 Judaeum
1480 1208 1496 1236 ,
1559 1163 1705 1246 qui,
1764 1181 1963 1246 quum
2025 1158 2353 1227 Christum
2404 1163 2721 1246 rejiceret,
2771 1167 2957 1225 tamen

609 1268 976 1335 testimonio
1039 1286 1154 1332 suo
1215 1264 1661 1343 confirmabat,
1725 1287 1917 1350 quam
1980 1287 2129 1331 vere
2184 1265 2297 1332 ille
2342 1267 2560 1332 omnia
2607 1268 2957 1333 vaticinatus

609 1375 834 1440 fuisset
898 1373 974 1438 de
1031 1372 1278 1438 excidio
1339 1371 1957 1459 Hierosolymorum.
2046 1371 2217 1437 Dum
2274 1375 2440 1437 inter
2486 1372 2825 1459 legendum
2868 1390 2959 1454 per

610 1479 940 1545 flammam
1001 1484 1067 1543 et
1125 1481 1502 1565 sanguinem
1566 1478 1973 1553 incedebant,
2037 1477 2463 1564 agnoscebant
2508 1477 2816 1544 divinitus
2856 1478 2957 1540 im-

610 1587 880 1650 missum
938 1583 1212 1650 furorem
1275 1590 1340 1649 et
1400 1583 1556 1650 olim
1628 1586 2077 1648 commeritum
2148 1582 2561 1668 supplicium.
2656 1581 2960 1650 Crescebat

611 1698 824 1756 autem
874 1690 941 1753 in
988 1688 1122 1754 dies
1168 1685 1675 1754 Christianorum
1714 1709 2019 1753 numerus
2036 1735 2053 1766 ‚
2104 1697 2282 1754 extra
2329 1687 2759 1762 Palaestinam
2810 1707 2959 1774 prae-

610 1797 854 1861 sertim.
925 1793 1172 1858 Horum
1229 1814 1448 1870 nemo,
1502 1796 1599 1857 uti
1649 1795 1956 1877 arbitror,
2004 1793 2319 1860 Hebraico
2366 1795 2606 1860 sciebat
2651 1815 2765 1860 nec
2808 1794 2957 1878 quis-

611 1921 801 1985 quam
846 1899 1145 1965 delectari
1183 1905 1430 1984 poterat
1468 1899 1733 1964 barbaro
1767 1919 2055 1966 sermone
2078 1899 2713 1986 Septuagintavirum
2738 1900 2956 1984 itaque,

610 2026 808 2091 quum
873 2006 1150 2090 origines
1195 2004 1627 2070 Israelitarum
1678 2025 2051 2093 cognoscere
2100 2004 2375 2082 vellent,
2428 2027 2809 2092 quamquam
2854 2005 2957 2068 cir-

611 2113 877 2178 cumcisi
921 2131 1048 2176 nou
1093 2117 1300 2176 essent
1343 2131 1545 2196 neque
1591 2110 1630 2176 J
1633 2112 1867 2177 udaeos
1908 2112 2283 2200 cognatione
2321 2113 2740 2199 attingerent,
2784 2129 2957 2176 recur-

608 2218 868 2282 rebatur
911 2217 991 2281 ad
1034 2215 1295 2302 Josephi
1339 2213 1777 2302 Antiquitates
1796 2265 1812 2296 ,
1863 2221 1975 2302 qui
2021 2223 2343 2303 praeterea
2389 2239 2602 2282 rerum
2651 2218 2955 2282 historiam

607 2328 1042 2408 pet-texuerat,
1113 2342 1383 2406 quarum
1446 2326 1513 2387 iu
1571 2325 1766 2387 sacris
1834 2322 2017 2387 libris
2086 2343 2211 2388 non
2278 2321 2353 2388 fit
2416 2326 2679 2388 mentio.
2772 2319 2956 2386 Verbo

608 2428 857 2491 dicam:
900 2427 1108 2510 primo
1154 2425 1403 2492 saeculo
1448 2436 1784 2514 postquam
1835 2449 2023 2513 opera
2070 2450 2188 2494 sua
2226 2427 2265 2494 J
2268 2430 2540 2515 osephus
2580 2428 2777 2494 edidit
2796 2477 2813 2503 ,
2852 2444 2955 2490 non

608 2534 834 2600 habuit
896 2533 1158 2597 fortasse
1221 2532 1458 2598 multos
1519 2533 1821 2611 lectores3
1884 2535 1992 2600 sed
2060 2555 2215 2619 quos
2282 2535 2509 2600 habuit
2526 2582 2543 2609 ,
2615 2540 2789 2600 erant
2848 2533 2957 2595 fere

609 2636 980 2705 Christiani.
1043 2635 1082 2702 J
1087 2658 1188 2702 am
1239 2638 1673 2726 colligendum
1716 2646 1812 2705 est
1848 2641 2002 2724 quid
2040 2660 2120 2705 ex
2158 2660 2231 2705 ea
2271 2642 2630 2723 suspicione
2664 2644 2957 2723 sequatur.

699 2744 852 2809 'l'res
913 2745 1318 2828 potissimum
1383 2750 1532 2807 sunt
1592 2746 1759 2829 apud
1815 2742 2093 2810 Judaeos
2156 2744 2675 2829 philosophorum
2742 2748 2957 2821 sectae,

608 2851 684 2917 de
731 2849 963 2936 quibus
1009 2848 1050 2914 J
1051 2848 1323 2933 osephus
1369 2851 1524 2913 satis
1569 2850 1825 2915 confuse
1874 2858 1939 2915 et
1980 2848 2276 2935 perplexe
2313 2848 2556 2915 retulit.
2608 2849 2731 2915 Eas
2764 2864 2959 2913 omnes

605 2954 1056 3040 perdidicerat,
1109 2960 1184 3017 ut
1229 2952 1452 3017 scribit
1498 2956 1566 3018 in
1616 2957 1787 3019 vita:
1839 2953 2025 3026 οὕτως
2074 2955 2201 3033 γάρ
2242 2954 2442 3036 ᾠόμην
2482 2955 2826 3034 αἱρήσεσθαι
2864 2952 2959 3021 τήν
3071 2956 3072 2959 ’

607 3062 852 3145 ipis-nv,
922 3061 971 3124 εἰ
1043 3058 1256 3129 πάσας
1332 3058 1785 3134 καταμάθοιμι.
1880 3058 2170 3124 Sedecim
2234 3080 2429 3125 annos
2492 3067 2679 3126 natus
2740 3054 2957 3141 triplici
3071 3120 3072 3129 χ

607 3164 942 3249 disciplina
989 3164 1278 3230 absoluta
1297 3214 1315 3249 ,
1357 3164 1637 3229 nondum
1680 3170 1897 3229 tamen
1936 3165 2300 3250 expleverat
2339 3165 2619 3232 discendi
2658 3166 2956 3238 ardorem,

609 3270 712 3335 sed
780 3270 1110 3346 πυθόμενός
1172 3292 1311 3333 τινα
1379 3274 1608 3334 Βανοῦν
1665 3268 1851 3347 ὄνομα
1910 3271 2079 3334 κατὰ
2142 3272 2251 3341 τὴν
2310 3271 2565 3349 ἐρημίαν
2614 3272 2954 3351 διατρίβειν,

608 3375 812 3448 ἐσθῆτι
856 3376 967 3449 μὲν
1013 3375 1139 3439 άπὸ
1188 3373 1429 3453 δένδρων
1477 3376 1819 3454 χρώμενον.
1872 3378 2100 3452 τροφὴν
2148 3376 2211 3441 δὲ
2260 3380 2371 3449 τῆν
2416 3377 2785 3453 αὐτομάτως
2828 3382 2959 3451 <Duo-

604 3482 790 3559 μένην
847 3479 1368 3560 προσφερόμενον,
1427 3486 1651 3559 ψυχρῷ
1701 3481 1764 3544 δὲ
1813 3478 1990 3545 ὕδατι
2038 3483 2148 3553 τὴν
2196 3482 2428 3561 ἡμέραν
2478 3483 2584 3547 καὶ
2635 3486 2743 3556 τὴν
2786 3482 2955 3545 νύκτα

605 3584 909 3655 πολλάκις·
958 3587 1277 3663 λουόμενον
1325 3587 1468 3665 πρὸς
1520 3586 1816 3663 ἁγνείαν,
1868 3586 2141 3667 ζηλωτὴς
2192 3586 2488 3663 ἐγενόμην
2536 3589 2749 3655 αὐτοῦ.
2811 3586 2955 3652 Cum

606 3692 725 3757 hoc
784 3692 1074 3775 homine,
1136 3712 1326 3777 quem
1384 3692 1681 3757 videmus
1736 3692 2046 3757 Essenum
2096 3694 2326 3771 fuisse,
2372 3694 2482 3759 sed
2531 3694 2609 3760 de
2658 3692 2955 3761 severiori·

605 3796 752 3870 bus,
807 3818 956 3862 nam
1007 3804 1186 3863 erant
1231 3797 1402 3880 apud
1449 3818 1554 3862 eos
1602 3796 1713 3863 alii
1762 3796 1907 3862 aliis
1954 3799 2438 3865 abstinentiores
2486 3806 2551 3864 et
2598 3799 2811 3884 plures
2850 3802 2957 3861 eta-

605 3906 857 3965 tuerant
916 3902 1153 3988 gradus
1213 3904 1633 3980 initiationis,
1694 3901 2010 3987 Josephus
2064 3923 2193 3968 una
2251 3904 2379 3969 fuit
2438 3924 2551 3989 per
2600 3907 2958 3971 triennium·
3071 3966 3072 3975 ,

604 4004 829 4070 deinde
875 4025 1164 4071 reversus
1207 4009 1275 4069 in
1315 4008 1538 4072 urbem
1582 4006 1805 4086 ἤρξατο
1846 4008 2275 4074 πολιτεύεσθαι
2319 4018 2394 4087 τῇ
2436 4014 2783 4087 Φαρισαίων
2822 4004 2960 4085 αἶρέ·

605 4132 698 4173 σει
759 4114 1240 4177 κατακολουθῶν.
1327 4111 1588 4178 Scilicet
1646 4114 1858 4201 magis
1910 4115 2215 4198 probabat
2260 4123 2325 4181 et
2369 4115 2627 4179 amabat
2670 4112 2955 4189 Essenos,
3071 4128 3072 4147 ¹

604 4216 716 4300 qui
775 4209 1054 4293 ἄφυκτον
1123 4217 1339 4295 δέλεαρ
1401 4225 1527 4289 τοῖς
1589 4216 1773 4292 ἅπαξ
1833 4222 2237 4296 γευσαμένοις
2305 4230 2413 4294 τῆς
2479 4222 2708 4299 σοφίας
2780 4222 2957 4284 αὐτῶν
3071 4228 3072 4231 ’

606 4321 931 4399 ἐγκαθιῖὶσι
979 4320 1140 4386 Bell.
1191 4320 1230 4387 J
1235 4324 1341 4387 ud.
1391 4322 1454 4387 2.
1505 4324 1567 4388 8.
1624 4324 1701 4388 11
1725 4372 1741 4400 ,
1792 4326 1903 4390 sed
1948 4326 2208 4392 videbat
2254 4326 2550 4404 meliora,
2594 4328 2952 4411 sequebatur
3071 4316 3072 4397 J
