3150 5000
1263 323 1667 373 naono‘rus.
2568 303 2652 371 37

359 489 466 556 VI.
538 487 624 558 76
687 491 749 562 ἐς
815 489 1056 572 χάσμα
1123 492 1239 571 ἀφ
1261 492 1446 562 τινες
1511 489 1882 557 ἐκδιδοῦσαν.
1967 489 2152 566 Quod
2214 487 2528 574 Cobetus,
2576 489 2657 555 ol.

273 595 656 682 Empedoole
702 618 804 684 ap.
851 595 1028 664 Sext.
1074 595 1261 683 Emp.
1312 620 1378 685 p.
1430 596 1563 663 213
1585 645 1601 676 ,
1648 596 1737 664 23
1784 596 2025 674 Bekk„
2082 596 2407 662 Herodoto
2451 595 2658 662 reddi-

273 701 364 768 dit
405 704 450 766 ὥ
466 727 588 784 χω
607 702 728 776 νές
749 750 766 780 ,
817 703 952 789 ipse
992 703 1269 771 Pindaro
1316 705 1392 769 fr.
1442 702 1574 772 207
1620 704 1845 792 (ng.)
1866 706 2121 769 restitui
2144 705 2464 792 corrigens
2489 711 2659 782 Ταρ-

271 808 448 891 τάρου
500 847 586 860 —·-
635 810 998 891 ἄχωνέος
1063 832 1177 898 pro
1239 810 1535 893 ἀφανέος.
1620 807 1717 878 Of.
1777 811 1997 876 Studia
2056 809 2211 876 Gru.
2258 821 2317 875 et
2362 810 2543 897 epier.
2593 811 2659 874 in

273 917 648 996 Pindarum,
694 916 865 984 Trai.
912 938 972 986 a.
1023 916 1145 984 Rh.
1201 939 1300 1003 ap.
1347 917 1587 1006 Beyers
1639 913 1851 992 1884,
1902 937 2049 1006 pag.
2092 914 2199 984 6¹7.

352 1131 458 1198 VI.
535 1131 622 1199 '79
683 1134 900 1199 κατὰ
954 1135 1340 1208 πεντήκοντα
1389 1133 1458 1209 δὴ
1506 1128 1583 1198 ὦν
1628 1139 1745 1198 τῶν
1792 1132 2087 1214 Ἀργείων
2132 1134 2210 1206 ὥς
2260 1132 2653 1208 ἑκάστους

271 1237 726 1316 ἐκκαλεύμενος
775 1240 804 1304 ὃ
851 1238 1199 1318 Κλεομένης
1247 1237 1498 1308 ἔκτεινε.
1568 1240 2112 1325 Praepositionem
2157 1238 2325 1304 κοιτοὶ
2372 1233 2479 1304 hic
2530 1259 2656 1305 non

267 1367 398 1412 esse
461 1346 948 1412 distributivam
969 1393 986 1424 ‚
1050 1346 1158 1412 sed
1223 1344 1583 1434 sig-nificare
1626 1347 1779 1430 sere
1839 1350 1903 1410 et
1964 1351 2227 1430 apparet
2287 1366 2366 1411 ex
2412 1345 2659 1410 adiecto

265 1455 343 1524 ὥς
407 1451 710 1526 ἑκάστους
774 1457 840 1519 et
897 1453 1055 1518 bene
1116 1452 1520 1520 intellectum
1569 1457 1667 1518 est
1708 1453 1789 1518 ab
1836 1453 2153 1518 omnibus.
2223 1448 2391 1519 Cum
2440 1457 2659 1518 tamen
2772 1455 2778 1460 “

267 1561 536 1641 εἰκριιίοε
596 1561 873 1648 Argivos
941 1578 1232 1627 evocasse
1294 1557 1702 1626 Cleomenem
1763 1557 2091 1644 probabile
2152 1563 2283 1636 est,
2335 1561 2657 1645 corrigen-

267 1665 422 1732 dum
470 1669 636 1752 puto
679 1669 758 1736 ὦς
799 1663 944 1732 ἔκιε
964 1690 1186 1742 στον,
1235 1668 1418 1731 euius
1463 1669 1814 1751 scripturae
1859 1668 2214 1753 vestigium
2260 1669 2544 1751 superest
2586 1665 2657 1732 in

267 1773 480 1840 codiee
531 1771 822 1839 Romano
867 1774 945 1842 ὥς
992 1772 1307 1840 ἑκάστΟΎ
1349 1772 1696 1838 exhibenti.

353 1987 472 2052 VI.
540 1987 626 2055 79
673 1987 930 2066 ἀναβὰς
976 1987 1080 2052 ἐπὶ
1129 1986 1465 2068 δένδρος.
1533 1987 1742 2052 Miror
1787 1985 2189 2053 Dindorfium
2236 2008 2385 2054 oum
2434 1989 2659 2053 ceteris

265 2095 358 2160 sie
423 2093 732 2172 edidisse,
795 2099 1203 2180 posteaquam
1265 2098 1437 2160 reete
1498 2095 1564 2158 in
1631 2096 2167 2160 commentatione
2235 2115 2296 2180 p.
2368 2093 2659 2160 XXXIV

265 2199 320 2264 B
378 2202 651 2288 agnovit
711 2199 970 2280 δένδρεον
1024 2201 1455 2286 reponendum
1502 2219 1667 2276 esse,
1718 2202 1952 2286 quippe
1997 2221 2123 2285 qua
2168 2201 2371 2266 forma
2418 2199 2659 2266 Home-

269 2309 404 2372 rica
449 2305 818 2373 Herodotus
865 2305 1000 2372 sola
1044 2327 1197 2372 usus
1245 2309 1349 2372 sit.
1424 2303 1723 2372 Ceterum
1775 2305 1942 2390 quod
1988 2307 2080 2372 ibi
2130 2305 2286 2372 dicit
2324 2309 2388 2370 in
2431 2305 2659 2391 pleris-

266 2433 392 2497 que
457 2411 644 2480 libris
707 2433 840 2480 esse
905 2411 1138 2495 δένδρου
1155 2461 1172 2492 ,
1235 2412 1303 2479 id
1359 2411 1621 2478 minime
1669 2409 2077 2478 confirmatur
2123 2411 2352 2478 Steinii
2398 2417 2658 2478 annota-

269 2522 444 2585 tione
509 2522 734 2585 eritiea
753 2566 769 2597 ,
831 2519 998 2584 unde
1062 2524 1324 2606 apparet
1381 2521 1472 2584 sie
1532 2517 1666 2606 legi
1712 2520 1780 2585 in
1824 2539 1952 2585 uno
1998 2516 2543 2608 Cantabrigiensi,
2592 2524 2657 2584 et

275 2624 504 2707 δένδρον
551 2628 620 2691 in
667 2624 1032 2692 Florentino
1083 2626 1198 2713 (d).

355 2834 474 2902 VI.
541 2836 650 2902 82.
708 2838 1126 2911 Νοστησαντοι
1177 2836 1242 2902 δέ
1287 2862 1393 2914 μιν
1442 2839 1759 2915 ὑπῆγον
1807 2840 1856 2904 οἱ
1907 2836 2105 2919 ἐχθροὶ
2156 2838 2270 2903 ὑπὸ
2318 2838 2458 2911 τοὺς
2509 2838 2657 2919 ἐφό-

268 2968 420 3023 ρους.
491 2944 774 3030 Requiro
819 2947 1146 3010 Aoristum
1197 2945 1412 3022 ὑπήγ
1433 2970 1540 3023 κγ
1561 2968 1589 3009 ο
1610 2970 1660 3011 ν.

353 3160 470 3225 VI.
522 3159 608 3225 86
634 3163 732 3239 a).
783 3161 935 3236 Εἰμὶ
975 3160 1089 3239 μὲν
1139 3161 1479 3237 Μιλήσιος,
1517 3158 1641 3235 ἶὶκω
1685 3162 1746 3225 δὲ
1785 3168 1895 3235 τῆς
1936 3169 2084 3238 σῆς,
2126 3164 2399 3238 Γλαῦκε,
2443 3159 2661 3225 δικαιο-

264 3266 442 3341 σύνης
509 3266 885 3345 βουλόμενος
951 3268 1336 3332 ἀπολαῦσαι.
1429 3270 1553 3340 Ὠς
1617 3268 1741 3347 γὰρ
1800 3267 1887 3343 δὴ
1950 3269 2069 3333 ἀνὰ
2126 3272 2342 3332 πᾶσαν
2388 3267 2503 3343 μὲν
2550 3270 2661 3343 τὴν

265 3373 467 3447 ἄλλην
534 3372 856 3451 Ἐλλάδα,
927 3374 958 3437 ἐ
976 3397 1007 3438 ν
1073 3374 1148 3439 δὲ
1201 3374 1335 3439 κα.)
1382 3374 1526 3454 περί
1574 3374 1800 3448 Ἰωνίην
1848 3384 1957 3449 τῆς
2009 3381 2117 3448 σῆς
2168 3373 2547 3449 δικαιοσύνης
2594 3370 2661 3447 ἦν

267 3479 454 3557 λόγος
523 3479 755 3552 πολλός
775 3527 794 3557 ,
846 3478 1129 3560 ἐμεοιυτῷ
1175 3480 1398 3558 λόγους
1448 3480 1671 3545 ἐδίδουν
1722 3481 1850 3546 κτὲ.
1925 3479 2165 3547 Vocula
2211 3482 2317 3559 δη,
2368 3480 2548 3545 cuius
2593 3482 2662 3546 in

265 3587 619 3652 sententiae
683 3586 872 3651 initio
937 3584 1120 3651 nulla
1181 3590 1283 3653 vis
1347 3591 1444 3653 est
1460 3634 1478 3669 ‚
1544 3590 1895 3653 necessaria
1957 3592 2054 3654 est
2104 3589 2172 3652 in
2218 3585 2662 3652 huiuscemodi

267 3692 528 3777 periodo
574 3696 718 3777 post
767 3691 829 3756 ἐν
875 3691 958 3756 δὲ.
1035 3688 1414 3781 Corrigatur
1458 3695 1697 3782 igitur:
1747 3696 1870 3767 Ὠς
1909 3694 2037 3773 γὰρ
2076 3694 2199 3758 ἀνὰ
2225 3731 2307 3743 -
2334 3692 2658 3779 Ἐλλάδα,

270 3798 342 3861 ἐν
388 3797 466 3863 δὲ
521 3797 610 3872 δη
661 3798 798 3863 κω)
849 3798 988 3878 περὶ
1039 3798 1280 3873 Ἰωνίην.
1357 3798 1412 3864 Ε
1458 3798 1760 3885 plurimis
1805 3800 1965 3866 loeis
2010 3800 2088 3865 of.
2139 3798 2229 3865 VI
2274 3800 2381 3865 11.
2414 3800 2523 3865 50.
2551 3798 2658 3865 70.

267 3902 435 3969 Infra
497 3901 626 3969 VII
691 3904 756 3969 2.
821 3903 929 3969 38.
994 3904 1256 3991 supple:
1325 3904 1513 3981 Δῆλά
1575 3929 1680 3985 μοι
1747 3915 2031 3972 πολλοῖσι
2092 3906 2205 3985 μὲν
2253 3906 2359 3971 καὶ
2407 3906 2656 3972 ἄλλοισι

267 4010 684 4095 τεκμηρίοισι,
733 4010 795 4074 ἐν
847 4010 910 4075 δὲ
955 4010 1152 4095 <δῆ>
1203 4011 1308 4075 καὶ
1351 4011 1502 4093 τῷδε
1545 4013 1673 4077 κτὲ.
1722 4011 2085 4099 Aliquoties
2122 4016 2253 4079 iam
2290 4034 2431 4080 eam
2470 4034 2660 4080 vocu-

267 4114 400 4181 lam
419 4165 436 4195 ,
485 4136 676 4201 quam
730 4122 876 4201 post
925 4115 989 4182 δέ
1037 4120 1286 4203 saepius
1334 4118 1642 4184 excidisse
1680 4140 1869 4185 nomo
1910 4120 2252 4185 mirabitur
2270 4172 2288 4195 ,
2338 4123 2661 4187 revocavit

269 4220 594 4301 Naberus‚
643 4222 828 4289 velut
873 4222 957 4289 Π.
1010 4222 1125 4301 43,
1177 4223 1257 4302 2,
1309 4225 1422 4290 ubi
1468 4224 1712 4312 leg-itur
1759 4226 1828 4290 in
1874 4224 2006 4291 sola
2052 4225 2149 4292 ed.
2200 4225 2458 4292 Aldina.

355 4328 584 4417 Pergit
629 4331 721 4395 sic
768 4330 1070 4414 scriptor:
1123 4330 1406 4411 ἐμεωυτῷ
1454 4330 1677 4409 λόγους
1724 4332 1949 4398 ἐδίδουν
1994 4332 2099 4398 καὶ
2151 4330 2241 4399 ὅτι
2292 4333 2675 4427 ἐπικίνδυνός·

269 4434 398 4499 ἐστι
445 4436 574 4501 αἰεί
621 4458 760 4501 κοτε
809 4436 843 4511 ἦ
892 4437 1081 4512 Ἰωνίη
1103 4486 1118 4513 ,
1162 4440 1195 4512 ἦ
1239 4438 1303 4503 δὲ
1346 4438 1796 4516 Πελοπόννησος
1824 4440 2168 4523 ἀσφαλέως
2194 4440 2509 4521 ἱδρυμένη,
2547 4442 2651 4505 καὶ
