3150 5000
1283 247 1750 298 usnmnmvs.
2589 227 2722 296 279

421 411 483 477 6.
533 409 639 478 12.
702 412 988 492 „Laxata
1031 414 1249 498 itaque
1295 415 1459 480 acies
1504 415 1717 500 prima
1761 413 2100 480 Persarum
2149 412 2281 480 leni
2335 415 2514 491 ante,
2569 413 2716 480 dein
2801 439 2806 444 ·

321 520 575 587 concito
620 520 826 609 gradu
864 519 989 585 cal
1008 539 1043 585 e
1062 521 1143 586 fa
1166 542 1201 588 c
1219 522 1333 586 tis
1373 523 1570 586 armis
1609 526 1918 588 retrorsus
1960 520 2256 609 gradiens
2298 519 2718 607 propinquam

324 625 557 691 urbem
605 627 929 711 petebat.”

417 731 631 796 Nimis
693 732 804 798 diu
863 735 1182 800 intactum
1245 736 1486 800 mansit
1516 733 1769 804 ealef
1778 736 2038 818 actis,
2086 734 2253 819 quod
2303 731 2492 800 facile
2541 731 2726 799 uides

318 856 522 922 quam
593 841 807 924 inepte
870 839 1116 905 editum
1179 841 1282 906 sit.
1354 839 1650 906 Restitue
1710 842 2058 928 genuinam
2108 839 2450 906 lectionem
2503 837 2624 916 „la
2645 845 2724 904 te

320 945 351 1007 i
372 945 589 1010 actis
637 946 897 1010 armis.''
948 945 1183 1024 „Scuta
1227 947 1473 1012 iacere''
1522 964 1636 1032 pro
1685 947 1930 1014 abicere
1949 991 1966 1022 ,
2009 949 2288 1032 proicere
2320 944 2488 1031 apud
2529 942 2726 1011 Plau-

324 1053 477 1114 tum
524 1049 787 1140 legitur,
835 1051 1007 1118 Trin.
1062 1051 1261 1120 1034.

422 1261 483 1330 6.
534 1261 639 1332 12.
701 1263 971 1332 Hostem
1034 1265 1115 1332 ad
1176 1287 1375 1351 usque
1423 1264 1859 1353 Ctesiphontis
1910 1286 2130 1333 muros
2174 1267 2311 1354 egit
2355 1267 2722 1356 pricipitem

321 1368 763 1436 Romanorum
810 1373 1159 1446 exercitus,
1209 1373 1764 1440 aduersorum
1811 1373 2040 1440 feriens
2091 1392 2270 1439 suras
2317 1377 2383 1438 et
2425 1372 2674 1459 terga.''

422 1475 717 1543 Difficilis
754 1499 903 1544 sane
940 1499 1039 1544 res
1075 1485 1209 1544 erat
1248 1479 1659 1546 aduersorum
1699 1485 1883 1568 terga
1919 1480 2125 1546 ferire.
2175 1481 2684 1546 Auersorum
2709 1523 2727 1558 ,

325 1584 574 1668 opinor,
622 1585 665 1651 i.
693 1604 745 1651 e.
802 1584 1195 1673 fugientium
1243 1591 1427 1674 terga
1476 1585 1726 1652 cecidit.
1774 1584 1872 1653 Of.
1923 1585 2132 1651 XXV.
2187 1587 2248 1652 3.
2301 1585 2379 1651 3:
2423 1585 2730 1664 '„auerso·

326 1711 480 1755 rum
540 1689 913 1779 suffragines
973 1692 1385 1758 concidebant
1432 1697 1498 1758 et
1541 1692 1806 1778 dorsa'';
1855 1692 2002 1760 Liu.
2051 1690 2158 1758 IV.
2207 1691 2332 1758 27:
2383 1710 2726 1770 „auersum

326 1795 582 1862 hostem
627 1797 1006 1877 inuadere”;
1048 1797 1139 1864 Id.
1188 1797 1503 1866 XXXIV.
1552 1797 1632 1864 8:
1688 1818 2026 1882 „auersum
2073 1797 2396 1864 caedere.’'

424 2010 486 2077 6.
540 2011 645 2077 15.
701 2011 895 2098 „Post
938 2013 1239 2078 timorem
1288 2011 1648 2096 depositum
1693 2010 2088 2096 calcatasque
2129 2012 2344 2076 ruinas
2389 2009 2727 2076 hostilium

326 2137 664 2205 corporum
684 2167 701 2196 ,
765 2121 899 2183 ius
917 2124 998 2184 to
1058 2120 1371 2206 sanguine
1418 2117 1607 2184 miles
1657 2119 1850 2184 etiam
1899 2123 2041 2182 tum
2089 2121 2418 2202 cruentus,
2480 2115 2562 2182 ad
2605 2117 2730 2180 im-

326 2228 639 2311 peratoris
684 2226 957 2292 tentoria
999 2229 1423 2313 congregatus
1466 2223 1687 2290 laudes
1733 2226 1794 2289 ei
1840 2223 2211 2308 perhibebat
2259 2228 2324 2289 et
2367 2219 2653 2311 gratias”

422 2329 606 2396 Nihil
642 2337 739 2397 est
783 2333 1048 2414 „iusto
1086 2333 1397 2418 sanguine
1434 2331 1802 2396 cruentus.”
1852 2327 2114 2418 Corrige
2155 2328 2338 2394 sodes
2379 2328 2460 2412 „h
2481 2331 2728 2394 austo

324 2439 721 2525 sanguine’';
791 2437 870 2504 de
938 2457 1063 2523 qua
1128 2437 1449 2505 locutione
1519 2437 1600 2503 cf.
1664 2435 1857 2502 Drak.
1921 2437 2002 2502 ad
2064 2435 2210 2502 Liu.
2260 2433 2398 2501 VII.
2461 2432 2571 2498 24.
2649 2431 2726 2512 ὃς

326 2544 709 2611 Biinemann
752 2547 821 2610 in
867 2543 1217 2610 utilissimo
1264 2546 1724 2610 commentario
1771 2542 1851 2609 ad
1897 2542 2074 2609 Lact.
2127 2541 2202 2608 V.
2259 2542 2319 2607 1.
2368 2540 2432 2607 8.

429 2754 489 2821 7.
542 2755 601 2823 1.
680 2756 985 2844 „Digesto
1054 2756 1316 2823 oonsilio
1377 2777 1527 2821 cum
1589 2756 1972 2843 primatibus
2037 2777 2227 2843 super
2291 2754 2732 2843 Ctesiphontis

330 2862 612 2941 obsidi0‚
677 2864 846 2928 itum
909 2870 1005 2929 est
1058 2866 1126 2928 in
1176 2863 1575 2929 uoluntatem
1625 2862 2022 2948 quorundam
2046 2909 2063 2942 ,
2108 2862 2357 2930 facinus
2405 2862 2616 2930 audax
2666 2867 2731 2929 et

324 2973 777 3057 importunum
822 2990 956 3035 esse
1002 2972 1539 3040 noscentium
1590 2969 1659 3035 id
1708 2969 2042 3058 adgredi.’'

425 3074 551 3143 Pro
594 3076 1127 3144 noscentium
1173 3075 1547 3144 commendo
1595 3077 2143 3145 monentium.

1314 3527 1517 3595 Imm
1559 3526 1767 3597 XXV.

430 3730 490 3796 1.
536 3727 602 3796 2.
677 3725 841 3813 ,Oui
907 3733 1422 3815 propugnaturus
1483 3724 1755 3791 Maurus
1817 3725 2010 3791 frater
2061 3774 2076 3791 .
2106 3772 2122 3788 .
2153 3772 2169 3789 .
2219 3746 2367 3791 cum
2437 3729 2730 3815 germani

330 3834 713 3901 trucidasset
756 3834 1221 3900 interfectorem
1243 3880 1259 3911 ,
1310 3834 1577 3899 obuium
1627 3852 1942 3918 quemque
1987 3853 2027 3916 p
2047 3837 2374 3899 erterre
2395 3855 2521 3914 ns,
2564 3832 2734 3901 infir-

332 3952 551 4007 matus
620 3947 685 4006 et
750 3943 886 4025 ipse
956 3961 1253 4007 umerum
1325 3939 1486 4017 telo,
1573 3938 2022 4025 pallescentem
2096 3944 2300 4004 morte
2377 3943 2729 4028 propinqua

332 4046 790 4113 Machameum
840 4046 1168 4113 extrahere
1215 4066 1431 4135 pugna
1476 4046 1726 4111 uiribus
1775 4044 1984 4111 ualuit
2028 4047 2350 4133 magnis.''

428 4151 928 4219 Proterrens
966 4152 1317 4240 legendum
1356 4171 1490 4217 esse
1528 4154 1570 4216 i.
1601 4173 1657 4217 e.
1699 4150 2072 4237 impellens,
2115 4152 2492 4237 protrudens
2532 4154 2732 4220 euicit

334 4256 765 4325 Wakefieldus
826 4258 905 4324 ad
962 4258 1218 4323 Lucret.
1266 4256 1373 4323 IV.
1426 4256 1622 4336 1017,
1673 4259 1784 4342 qui
1828 4258 2048 4324 eadem
2098 4278 2216 4345 ope
2261 4258 2729 4343 persanandum

341 4370 595 4433 monuit
655 4366 876 4432 Amm.
939 4362 1207 4431 XXVII.
1278 4364 1383 4433 10.
1439 4361 1542 4442 10,
1595 4363 1708 4429 ubi
1753 4382 1867 4451 pro
1913 4368 2462 4451 proterrente
2505 4364 2735 4433 itidem
