3150 5000
1238 199 1671 311 munuum.
2516 238 2645 309 14¹⁷

277 423 515 501 αὐτοῖς,
563 419 602 507 ἦ
648 424 992 507 χωρήσειαν
1037 427 1088 493 οἱ
1136 406 1457 505 πολέμιοι,
1505 424 1747 491 ἔσεσθαι
1778 426 1848 491 -οῖ
1898 422 2381 504 πορρωτάτω
2441 422 2649 501 τοξεύ-

274 554 458 609 μασιν
484 570 570 583 —
596 531 844 612 ἔχοντες
893 534 1108 609 ἀλκήν.
1158 532 1300 600 Hoc
1347 533 1538 601 modo
1577 537 1635 598 si
1670 532 1884 598 locum
1928 534 2363 609 constitueris,
2404 538 2647 618 sponte,

273 641 366 707 uti
410 638 624 722 vides,
673 639 964 705 excident
1007 638 1319 706 vocabula
1363 639 1534 722 ψιλοὶ
1575 640 1686 703 καὶ
1733 644 1798 705 et
1844 640 1910 703 ἐκ
1960 642 2229 723 πολλοῦ,
2275 659 2391 704 nee
2427 648 2648 705 metuo

269 764 344 809 ne
412 746 555 830 quis
625 746 960 811 obmoveat
1033 746 1200 831 quod
1269 746 1732 813 Herwerdenus
1804 744 2132 811 adnotavit
2200 744 2282 811 ad
2342 744 2428 810 IV
2496 745 2643 812 110.

268 850 613 936 Postquam
676 871 827 918 vera
887 851 1076 919 lectio
1137 855 1399 920 inventa
1457 854 1587 919 fuit
1603 902 1622 938 ‚
1687 850 2005 938 dispulsae
2049 852 2343 919 tenebrae
2389 857 2539 918 sunt
2586 857 2650 919 et

267 959 334 1023 in
381 958 551 1025 clara
596 958 740 1025 luce
784 975 1137 1027 versamur.

353 1168 571 1237 Etiam
640 1169 952 1237 ultimum
1021 1169 1405 1239 vocabulum
1477 1170 1671 1237 huius
1732 1172 1961 1257 capitis
2022 1170 2235 1237 labem
2300 1172 2648 1237 contraxit:

268 1276 520 1359 τοιαύτῃ
589 1277 704 1355 μὲν
774 1277 986 1361 γνώμη
1058 1278 1084 1343 ὅ
1151 1277 1536 1356 Δημοσθένης
1608 1279 1680 1345 τό
1741 1302 1811 1343 τε
1878 1284 2109 1357 πρῶτον
2170 1280 2281 1353 τὴν
2330 1276 2650 1357 ἀπόβασιν

268 1384 492 1451 ἐπενόει
541 1384 646 1449 καὶ
699 1385 759 1450 ἐν
805 1385 888 1466 τῷ
938 1382 1093 1467 ἔργῳ
1142 1382 1472 1463 ἔταξεν,
1521 1405 1673 1451 nam
1712 1387 1875 1450 miro
1909 1384 2154 1450 dictum
2194 1383 2359 1449 mihi
2395 1384 2653 1451 videtur

265 1493 374 1568 τὴν
415 1490 738 1569 ἀπόβασιν
777 1490 1052 1557 τάττειν.
1102 1490 1316 1557 Malo:
1361 1490 1731 1570 ἔπραξεν.
1780 1487 1934 1575 Cap·
1976 1488 2098 1556 332
2138 1488 2277 1562 τοὺς
2316 1489 2380 1557 δὲ
2402 1490 2648 1571 ψιλούς,

266 1594 304 1680 ᾖ
349 1596 599 1676 μάλιστα
648 1597 858 1670 αὐτοῖς
901 1598 1376 1667 ἐπιθέοντες
1426 1595 1843 1677 προσ-κέοιντο,
1888 1595 2170 1675 ἔτρεπον·
2212 1602 2491 1682 praestat
2529 1596 2651 1663 for-

265 1684 468 1784 tasse,
530 1704 697 1791 quod
761 1705 1047 1789 sequenti
1106 1707 1311 1790 capite
1373 1709 1721 1791 usurpatur
1781 1704 2052 1771 verbum
2122 1702 2649 1775 ἐπεκθέοντες

264 1812 609 1896 eodemque
671 1812 860 1877 modo
921 1810 1174 1877 locutus
1236 1816 1330 1877 eet
1390 1809 1514 1877 Dio
1562 1807 1819 1878 Cassius
1866 1808 2076 1875 LXVI
2120 1810 2183 1875 4.
2231 1808 2475 1877 Deinde
2521 1814 2650 1878 scio

263 1919 562 2004 quidem,
610 1940 724 1985 cur
760 1918 1224 1984 Herwerdenus
1264 1920 1656 2003 rescripserit
1694 1916 1982 1998 ἅνθρωποι
2024 1921 2239 1993 κοῦφοι
2289 1918 2467 1982 ἐνεσ
2487 1941 2569 1982 κε
2590 1943 2653 1983 υ-

265 2048 364 2089 ασ
379 2023 609 2104 μένοι
658 2045 770 2111 pro
810 2022 1407 2101 ἐσκευασμένοι
1450 2044 1728 2110 ususque
1770 2024 1964 2091 suerit
2006 2024 2222 2090 eadem
2268 2027 2651 2092 correctione

263 2133 332 2196 in
379 2152 450 2198 eo
500 2134 742 2217 capite,
789 2130 958 2217 quod
1003 2133 1291 2217 proxime
1336 2131 1659 2217 praecedit
1680 2179 1696 2209 ‚
1734 2132 1843 2197 sed
1882 2133 2151 2197 minime
2175 2130 2651 2219 neglegendum

265 2242 362 2303 est
427 2238 593 2304 illud
662 2241 874 2323 ipsum
948 2238 1188 2319 κούφως
1253 2237 1617 2307 ἐσκευάσθαι
1683 2257 1805 2304 non
1856 2236 2285 2315 ἐνεσκευάσθαι
2308 2284 2325 2317 ,
2373 2238 2649 2336 inveniri

264 2346 433 2431 apud
481 2344 753 2411 Dionem
802 2343 1095 2412 Cassium
1137 2343 1344 2410 XLIV
1390 2343 1451 2424 3,
1495 2344 1661 2411 unde
1700 2344 1971 2411 efficitur
1994 2347 2368 2429 lectionem,
2394 2346 2652 2411 etiamsi

260 2471 385 2518 non
431 2453 520 2518 sit
567 2454 928 2529 verissima,
981 2456 1196 2518 tamen
1243 2453 1400 2518 satis
1447 2472 1583 2518 esse
1630 2454 1986 2538 antiquam.
2033 2449 2254 2517 Obiter
2301 2456 2519 2518 autem
2566 2450 2649 2518 il-

260 2558 373 2625 lud
422 2559 592 2624 κατὰ
641 2558 710 2623 τὸ
756 2561 800 2623 αὶ
818 2558 884 2622 εὶ
937 2565 1253 2640 παρεῖκον,
1306 2558 1473 2645 quod
1518 2564 1687 2626 recte
1724 2559 1969 2646 legitur
2010 2579 2061 2624 c.
2107 2555 2193 2624 36
2231 2558 2421 2624 redde
2458 2557 2651 2624 Dioni
2730 2639 2741 2650 ·

263 2662 482 2734 Cassio
529 2663 753 2733 XLIX
798 2662 862 2730 2.

349 2879 414 2946 N
418 2900 544 2946 unc
608 2900 754 2946 cum
805 2899 955 2946 cura
1003 2899 1300 2964 quaerere
1344 2880 1530 2944 iuvat
1575 2879 1655 2944 de
1702 2875 1790 2942 1v
1838 2875 1948 2957 34,
1994 2878 2109 2943 ubi
2156 2880 2448 2943 narratur
2496 2898 2649 2963 quo-

261 2986 452 3052 modo
492 2988 560 3050 in
602 2985 814 3052 insula
852 2984 1223 3072 Spbacteria
1262 2985 1560 3072 Spartani
1600 2985 1679 3051 ab
1704 2984 2203 3050 Atheniensibus
2228 2984 2651 3051 circumventi

261 3096 326 3158 et
371 3097 656 3179 superati
701 3094 860 3159 sint:
910 3091 982 3157 τό
1019 3116 1088 3157 τε
1130 3089 1302 3172 ἔργον
1346 3092 1611 3157 ἐνταῦθα
1652 3091 1941 3170 χαλεπὸν
1982 3097 2110 3164 τοῖς
2138 3090 2647 3169 Λακεδαιμονίοις

261 3199 586 3266 molem-o.
647 3197 788 3264 οὔτε
849 3199 976 3278 γὰρ
1038 3199 1091 3263 οἳ
1153 3207 1374 3265 πῒλοι
1439 3195 1653 3276 {esron
1702 3199 1787 3263 τὰ
1833 3196 2231 3276 τοξεύματα,
2281 3196 2534 3280 δοράτιόν.
2582 3222 2653 3263 τε

263 3306 730 3375 ἑναποκέκλοιςο
775 3307 1216 3388 βαλλομένων,
1257 3302 1427 3389 εἶχον
1468 3330 1536 3372 τε
1581 3306 1745 3372 οὐδὲν
1782 3307 1996 3387 σφίσιν
2038 3307 2247 3379 αὐτοῖς
2274 3305 2650 3388 χρήσασθαι.

259 3413 434 3480 Mira
500 3420 731 3480 narrat.
788 3411 1084 3500 Spartani
1129 3414 1372 3480 milites
1417 3417 1639 3500 gravis
1686 3420 2046 3480 armaturae
2091 3419 2269 3480 erant
2288 3461 2305 3494 ‚
2354 3413 2613 3479 ὁπλῖται
2633 3434 2649 3453 ·

263 3543 375 3586 cur
422 3542 560 3588 sese
607 3520 906 3587 adversus
952 3520 1080 3587 tela
1125 3542 1286 3607 quae
1333 3523 1584 3588 eminus
1628 3521 2067 3604 iactabantnr,
2114 3521 2317 3586 tutari
2364 3539 2489 3586 non
2536 3539 2651 3605 po-

261 3624 515 3694 terant?
579 3626 755 3693 Num
817 3628 976 3694 forte
1023 3633 1279 3694 scutum
1329 3634 1394 3693 et
1431 3627 1696 3693 loricam
1746 3632 1811 3693 et
1856 3626 2109 3715 galeam
2158 3628 2226 3692 in
2275 3646 2350 3691 ea
2396 3625 2651 3711 expedi-

261 3737 435 3800 tione
498 3734 673 3799 domi
718 3731 1146 3820 reliquerant?
1215 3733 1342 3814 Qui
1389 3738 1540 3799 sunt
1585 3731 1687 3798 illi
1734 3734 1949 3798 πῖλοιὲ
1996 3732 2357 3818 Respondet
2403 3729 2650 3800 Classe-

260 3843 436 3906 nius:
507 3840 882 3924 Filzpanzer‚
945 3849 1105 3906 sonet
1162 3862 1275 3905 von
1338 3841 1446 3904 der
1501 3840 1881 3904 lakoniechen
1926 3837 2209 3921 Remum
2254 3839 2419 3903 nicht
2465 3841 2650 3904 nach-

257 3947 562 4028 9ewiesen.
625 3945 870 4012 Mirum
939 3967 1120 4024 sane,
1186 3945 1262 4012 de
1305 3966 1380 4012 ea
1424 3966 1490 4011 re
1537 3951 1859 4031 praeterea
1904 3943 2071 4010 nihil
2116 3944 2282 4033 legi3
2334 3946 2442 4012 sed
2489 3966 2649 4011 num

263 4062 520 4119 scutum
568 4056 763 4121 etiam
813 4073 890 4119 ex
938 4053 1158 4119 eadem
1205 4055 1477 4118 materia
1523 4049 1699 4119 erat?
1748 4051 2067 4118 Stahlium
2118 4053 2488 4132 audiamus,
2539 4055 2651 4138 qui

266 4180 304 4224 a
357 4159 659 4246 Poppone
718 4160 874 4227 haec
935 4160 1157 4227 habet:
1223 4158 1354 4226 Hie
1411 4179 1536 4225 non
1584 4179 1719 4225 esse
1762 4158 1999 4244 pileos,
2045 4158 2296 4247 galeas,
2344 4159 2453 4225 sed
2502 4178 2650 4224 cum

262 4269 517 4352 propria
579 4273 642 4334 et
704 4269 912 4353 prima
971 4269 1072 4333 vis
1121 4266 1315 4331 huius
1363 4268 1536 4332 vocis
1584 4267 1667 4330 sit
1713 4263 1895 4331 lanae
1940 4271 2223 4343 coactae,
2273 4266 2379 4332 hie
2425 4264 2650 4331 loricas

267 4391 346 4440 ex
391 4376 622 4442 coactis
666 4374 864 4441 factas
910 4393 985 4440 ea
1027 4369 1373 4462 significari
1420 4371 1813 4438 demonstrat
1860 4369 2273 4459 Levesquius.
2321 4374 2381 4440 A
2416 4370 2649 4438 Pontio
