3150 5000
376 271 508 339 436
1389 294 1723 344 neamus.

376 455 763 541 ὑψηλότερος.
818 457 892 524 In
937 460 1077 525 init.
1128 481 1177 526 c.
1235 458 1319 527 1¹7
1366 462 1649 548 corrige:
1697 460 1765 525 οὔ
1812 457 1989 538 μόνον
2037 458 2101 524 δὲ
2146 462 2382 524 τοῦτο
2426 475 2541 543 pro
2586 476 2671 520 το
2690 453 2769 518 ’ὖ-

371 588 506 635 τον
552 571 618 632 et
662 566 731 630 in
778 586 828 631 c.
861 566 982 633 19:
1037 590 1170 633 νυν
1216 587 1330 653 pro
1375 572 1506 635 νῦν
1555 574 1620 633 et
1667 567 2102 644 ἐπενόησεν
2148 586 2262 653 pro
2306 561 2771 639 ἐνενόησεν.

463 749 616 840 Cap.
652 752 756 819 22.
808 754 958 821 άλλ’
1005 756 1115 833 ἤδη
1161 755 1267 822 καὶ
1316 756 1386 822 τὸ
1436 757 1745 836 τριβώνιον
1790 755 1939 829 τέως
1990 756 2269 837 ἄμορφον
2317 750 2476 819 εἷναί
2518 774 2620 829 μοι
2659 752 2775 817 δο-

369 862 508 925 κοῦν
570 859 839 938 ἰσότιμον
900 861 1307 940 γίγνεται
1369 872 1450 944 τῇ
1513 864 1831 945 πορφυρίδι
1896 867 2004 928 τοῦ
2066 861 2412 939 βασιλέως·
2470 860 2769 939 ἀφανῆ

372 966 496 1045 γὰρ
544 964 744 1047 ἄμφω
796 968 953 1055 [καὶ]
1007 968 1123 1033 ὑπὸ
1171 972 1256 1049 τῷ
1307 971 1474 1052 αὐτῷ
1521 970 1720 1051 σκότῳ
1770 968 2259 1035 καταδεδυκότα.
2308 968 2377 1033 Si
2422 965 2573 1032 illae
2612 984 2777 1029 ves-

367 1076 466 1137 tes
510 1094 636 1139 non
681 1073 959 1160 amplius
1008 1077 1552 1161 conspiciebantur
1569 1124 1585 1153 ‚
1637 1075 1748 1141 sed
1798 1076 2074 1143 tenebris
2118 1074 2266 1141 Orci
2315 1072 2611 1140 omnibus
2648 1091 2771 1135 re·-

369 1178 488 1245 bus
534 1179 883 1265 aequaliter
927 1181 1145 1247 offusis
1162 1232 1180 1267 ,
1220 1194 1607 1251 evanuerant
1623 1230 1640 1262 ,
1680 1203 1804 1249 non
1850 1181 2143 1268 aequales
2170 1182 2443 1265 fiebant,
2494 1178 2719 1262 opinor
2744 1223 2773 1253 ‚

369 1284 478 1350 sed
545 1287 678 1350 iam
723 1288 945 1371 factae
1003 1295 1195 1352 erant.
1281 1287 1710 1364 Quamobrem
1772 1309 2001 1376 repone
2065 1286 2551 1365 γεγένηται.
2618 1279 2773 1349 Cur

370 1390 664 1477 copulam
713 1394 930 1461 abesse
957 1393 1196 1459 'malim
1215 1443 1233 1478 ,
1281 1394 1446 1460 nihil
1494 1401 1591 1461 est
1637 1396 1803 1481 quod
1859 1396 2091 1461 dicam.

465 1498 638 1579 Quae
683 1503 903 1567 statim
952 1508 1332 1586 sequuntur,
1382 1521 1420 1566 a
1456 1500 1736 1567 librariis
1773 1505 2045 1587 pessime
2068 1504 2217 1566 sunt
2238 1499 2480 1565 habita.
2528 1495 2769 1581 Neque

370 1607 542 1670 enim
605 1607 953 1691 quidquam
1018 1628 1242 1673 causae
1302 1614 1432 1685 est,
1482 1630 1596 1672 cur
1640 1609 1721 1673 ad
1766 1607 2001 1694 Micyli
2045 1609 2511 1692 quaestionem:
2564 1602 2639 1666 σὺ
2688 1602 2765 1665 δὲ

370 1716 486 1777 ποῦ
550 1736 700 1778 ποτε
765 1710 889 1792 ἄρα
951 1714 1027 1779 ὢν
1071 1712 1446 1793 τογχάνειςς
1505 1712 1819 1801 Cyniscus
1864 1721 2045 1780 tanta
2090 1733 2239 1779 cum
2284 1710 2607 1796 emphasi:
2664 1707 2767 1771 ἐν·

369 1820 572 1884 ταῦθα
640 1819 802 1897 λέγω
865 1843 992 1897 σοι,
1061 1819 1306 1885 Μικύλε
1371 1819 1743 1905 respondeat
1806 1827 1869 1886 et
1930 1822 2335 1908 geminatum
2405 1814 2471 1882 εὖ
2538 1814 2764 1891 λέγεις

371 1924 793 2010 corruptelam
841 1928 1077 2013 arguit.
1147 1925 1289 1992 Hoc
1351 1926 1518 1991 mihi
1564 1927 1871 2011 dispicere
1918 1925 2137 1992 videor
2182 1924 2390 1990 deleto
2436 1922 2637 1989 altero
2686 1916 2759 1985 εὖ

371 2028 578 2109 λέγεις
645 2052 718 2097 ea
737 2080 756 2117 ,
819 2052 980 2117 quae
1041 2032 1240 2121 vulgo
1301 2029 1576 2118 Cynisco
1624 2034 1995 2099 tribuuntur
2016 2080 2033 2112 ,
2076 2031 2323 2119 Micylo
2368 2050 2505 2095 esse
2552 2030 2763 2095 conti-

369 2138 642 2204 uuanda:

463 2322 616 2409 Cap.
666 2322 774 2389 24.
837 2325 984 2406 ἵχνη
1031 2328 1146 2399 μὲν
1191 2326 1296 2391 καὶ
1343 2337 1576 2403 σημεῖα
1626 2330 1898 2394 πολλοὶ
1942 2334 2087 2392 τῶν
2136 2318 2595 2405 ἐγκαυμάτων,
2640 2323 2740 2386 οὐκ

371 2426 512 2497 οἶδα
558 2432 620 2497 δὲ
669 2430 827 2506 ὅπως
879 2436 1336 2512 ἐξαλήλιπται,
1389 2430 1633 2512 μᾶλλον
1683 2437 1745 2502 δὲ
1788 2436 2175 2500 ἐκκέκοπται.
2222 2434 2609 2500 Jacobitzius
2646 2428 2749 2495 ad·

369 2542 654 2606 notavit:
705 2544 974 2605 πολλοὶ
1024 2541 1172 2607 add.
1219 2564 1298 2608 ex
1347 2546 1402 2608 A
1426 2539 1477 2608 C
1501 2543 1552 2608 F
1601 2541 1813 2608 Schol.
1842 2579 1925 2591 —
1952 2549 2068 2606 τῶν
2094 2540 2551 2619 ἑγκαυμάτωνε
2578 2551 2759 2600 πολ·

370 2651 520 2710 λῶν
579 2649 749 2712 inter
807 2647 961 2713 haec
1023 2648 1148 2714 duo
1203 2649 1398 2714 verba
1441 2652 1753 2714 insertum
1802 2651 1868 2714 in
1917 2648 2013 2724 D,
2062 2652 2168 2714 sed
2218 2669 2255 2712 a
2303 2666 2499 2711 manu
2544 2663 2763 2708 recen·

369 2751 570 2817 tiorc’.
641 2752 920 2841 Egregie
980 2755 1098 2819 hoc
1159 2753 1490 2820 confirmat
1539 2754 1707 2839 quod
1754 2757 1885 2819 iam
1933 2754 2177 2818 dudum
2222 2752 2569 2840 legendum
2617 2770 2765 2814 esse

367 2857 534 2922 mihi
579 2879 1045 2944 persuaseram:
1095 2867 1414 2926 πολλῶν
1458 2884 1691 2925 τινων
1738 2860 2317 2939 ἐγκαυμάτων.

460 3055 613 3142 Gap.
655 3054 764 3123 27.
814 3059 1024 3122 οὐκοῦν
1070 3056 1175 3122 καὶ
1217 3055 1473 3134 τούτων,
1515 3055 1558 3124 ὦ
1596 3055 2029 3134 Ῥαδάμανθυ,
2071 3055 2385 3136 παρέξω
2430 3078 2549 3121 σοι
2594 3053 2771 3134 μάρ-

365 3186 579 3242 τυρας.
647 3162 854 3229 Nemo
913 3183 1197 3248 unquam
1259 3164 1424 3229 dixit
1486 3164 1826 3244 μάρτυρας.
1868 3164 2275 3243 παρέχειν
2335 3182 2449 3248 pro
2507 3184 2675 3238 παρ
2698 3165 2769 3226 ἑ-

365 3269 686 3349 χεσθαμ

461 3449 615 3540 Cap.
662 3450 773 3520 28.
819 3451 894 3518 L.
944 3451 1160 3526 κυανός
1209 3453 1374 3519 ἔστιν
1421 3453 1562 3518 ὑπὸ
1610 3458 1729 3518 τῶν
1774 3450 2183 3530 στιγμάτων,
2232 3471 2357 3517 non
2403 3448 2581 3516 άπδ.

460 3652 624 3720 Ibid.
673 3652 776 3719 καὶ
827 3653 1002 3733 παρὰ
1048 3652 1149 3717 τὸν
1198 3651 1532 3718 Τάνταλον
1579 3651 1893 3732 άπαχθεὶς
1938 3651 2205 3715 οὑτοσὶ
2249 3649 2520 3715 δεδέσθω.
2547 3647 2769 3717 Offen-

369 3763 544 3826 sione
587 3781 709 3826 non
770 3766 941 3826 caret
985 3760 1255 3825 οὑτοσί
1300 3762 1435 3824 sine
1482 3759 1619 3825 ulla
1664 3761 1731 3825 vi
1776 3759 2243 3843 interpositum.
2314 3755 2599 3823 Coniicio
2646 3759 2767 3822 οὖ-

365 3867 596 3944 τωσί,
658 3865 780 3952 εἰσ,
843 3875 910 3930 ιιι
970 3888 1129 3930 nunc
1185 3867 1387 3946 habet,
1449 3866 1832 3948 simpliciter,
1894 3885 2053 3940 non,
2120 3871 2194 3929 ut
2257 3864 2448 3928 ceteri
2495 3882 2763 3942 omna,

365 3972 606 4040 Lethae
663 3993 826 4058 aqua
887 3972 1132 4039 hausta.
1203 3971 1394 4039 Hunc
1455 3993 1647 4037 usum
1713 3973 1885 4036 vocis
1934 3994 1961 4035 o
1981 3965 2127 4035 ὕτω
2184 3973 2425 4055 optime
2469 3967 2763 4036 illustra·

369 4081 530 4146 bunt
575 4079 1018 4164 Aristophanis
1067 4080 1364 4146 versiculi
1409 4081 1476 4144 in
1523 4077 1723 4144 Ranis
1770 4099 1915 4144 vss.·
1945 4075 2075 4142 625
2102 4097 2237 4164 sqq.

642 4185 742 4252 Al.
823 4184 1050 4257 δίκαιος
1099 4186 1126 4251 ὃ
1171 4186 1395 4264 λόγος·
1442 4181 1559 4248 κάν
1604 4209 1664 4250 τι
1714 4183 1964 4265 πηρώσω
2012 4182 2089 4262 γέ
2135 4205 2223 4247 σοι

459 4293 562 4358 τὸν
608 4289 809 4357 πάῒδα
857 4291 1141 4369 τύπτων,
1191 4290 1516 4374 τάργύριόν
1564 4315 1653 4356 σοι
1702 4291 1997 4356 κείσεται.

641 4407 753 4466 Ξα.
801 4398 887 4475 μὴ
938 4395 1067 4472 δῆτ’
1113 4396 1341 4482 ἔμοιγ’,
1391 4395 1585 4464 οὕτω
1637 4396 1697 4462 δὲ
1744 4395 2041 4478 βασάνιζ’
2088 4397 2470 4474 άπαγαγών.
