3150 5000
478 194 484 209 ’
527 211 613 278 42
1422 234 1690 283 renus
1735 234 1984 284 omnm.

456 436 487 475 s
524 419 792 486 sequens
835 397 1270 482 ἀμφοτέροισιν
1309 399 1492 466 valde
1530 406 1894 487 suspectum
1937 406 2050 467 est.
2101 400 2520 468 Scribendum
2555 402 2916 486 essesuspi-

524 523 665 572 cor:
731 506 841 581 τὴν
909 503 946 580 ἦ
1006 530 1088 571 κε
1153 515 1638 585 γλουτοῖσιν
1699 507 1861 583 mk,
1927 514 1991 573 et
2047 526 2142 573 vs.
2195 506 2234 573 9
2282 508 2547 574 fortasse
2594 512 2868 593 praestat

525 612 703 688 τήνδε
750 612 826 678 σὺ
878 612 1138 691 ήγεμο·
1152 612 1203 675 ν’
1252 610 1332 677 ῖσ
1347 634 1486 692 χε,
1535 611 1690 678 licet
1733 612 1854 678 hoc
1898 613 2158 698 quidem
2204 634 2330 680 non
2367 613 2811 699 praestiterim.

716 825 834 892 Vn
880 829 1067 891 Ἀλλ’
1114 824 1346 891 ὁπόταν
1389 825 1670 906 Τιθορεὺς
1723 826 2030 907 Ἀμφίονί
2073 852 2145 892 τε
2195 827 2361 908 Ζήθῳ
2409 850 2480 891 τε

879 934 1101 1016 χύτλα
1148 932 1254 997 καὶ
1302 933 1590 1011 εὐχωλὰς
1640 932 2021 1010 μειλίγματ’
2073 934 2152 997 ἐν)
2202 933 2371 1015 χθονὶ
2420 933 2617 1014 χεύῃ,

883 1037 1377 1117 θελγομένου
1426 1046 1664 1118 ταυροῖο
1713 1043 1938 1105 κλυτοῦ
1988 1038 2156 1114 μένει
2203 1040 2462 1115 ήελίοιο·
2513 1039 2641 1103 κτὲ.

609 1146 1068 1232 Interpretatur
1128 1147 1265 1230 ipse
1311 1144 1699 1222 Pausanias,
1755 1148 1865 1232 qui
1911 1144 2238 1212 oraculum
2290 1146 2468 1211 affert
2513 1143 2608 1209 IX
2658 1142 2776 1222 1¹7,
2825 1143 2869 1209 5
2891 1166 2916 1209 ε

396 1264 401 1269 '
520 1252 768 1318 ἐπειδὰν
827 1250 928 1315 τὸν
986 1252 1044 1315 ἐν
1105 1252 1327 1331 οὐρανῷ
1371 1256 1594 1332 ταῦρον
1642 1252 1670 1316 ὁ
1721 1249 1880 1325 ἥλιος
1933 1250 2140 1333 διεξίῃ.
2213 1250 2554 1317 Manifesto
2602 1270 2750 1317 vero
2797 1249 2919 1315 de-

519 1362 859 1444 pravatum
938 1364 1034 1424 est
1111 1358 1481 1435 θελγσμένου
1503 1407 1521 1441 ,
1588 1357 1758 1443 quod
1821 1357 2212 1423 Hendessius
2273 1379 2350 1422 ex
2414 1356 2650 1423 leniore
2715 1375 2919 1442 quam

521 1465 761 1551 aptiore
808 1463 1081 1551 Kayseri
1129 1466 1489 1529 coniectura
1534 1466 1816 1529 mutavit
1863 1466 1930 1529 in
1984 1462 2470 1542 θεινομένου.
2533 1464 2920 1529 Accommo·

521 1571 734 1636 datius
782 1570 1037 1635 videtur
1082 1568 1421 1648 τειρομένου
1439 1618 1455 1641 ,
1526 1568 1632 1635 vel
1675 1572 1887 1655 potius
1904 1618 1920 1649 ‚
1968 1569 2136 1654 quod
2183 1570 2263 1635 ob
2313 1568 2645 1635 lenitatem
2693 1573 2918 1633 muta-

523 1678 715 1743 tionis
763 1676 1240 1761 praeferendum
1290 1676 1561 1742 arbitror
1578 1722 1596 1751 ,

882 1782 1385 1861 θλιβομένου
1430 1788 1670 1861 ταυροῖο
1719 1786 1944 1847 κλυτοῦ
1993 1781 2162 1860 μένει
2210 1782 2448 1858 ἠελίοιο.

616 1996 799 2064 XVII
844 1997 1060 2084 (Paus.
1110 1998 1174 2064 X
1219 1997 1342 2083 24,
1393 1996 1497 2085 3),
1546 2020 1641 2064 vs.
1694 1998 1735 2063 4
1781 2020 1876 2084 sq.
1926 1999 2002 2064 de
2049 1998 2334 2064 Homero
2380 1998 2647 2064 dicitur:

795 2102 1031 2185 Κυπρον
1077 2104 1139 2169 δὲ
1188 2106 1497 2185 προλιπὼν
1547 2105 1754 2185 διεροῖς
1801 2105 1850 2170 θ’
1898 2104 2012 2169 ὑπὸ
2062 2105 2332 2182 κύμασιν
2377 2106 2574 2187 ἀρθεὶς

704 2200 709 2205 ’
794 2209 1097 2284 Ἑλλάδος
1144 2211 1466 2293 εὐρυχόρου
1515 2218 1731 2287 μοῦνος
1781 2214 1996 2279 κακὰ
2045 2218 2273 2291 πρῶτος
2322 2212 2541 2284 ἀείσας

798 2314 1053 2381 ἔσσεται
1095 2320 1398 2390 ἀθάνατος
1449 2318 1554 2383 καὶ
1608 2320 1880 2397 ἀγήραος
1931 2318 2152 2395 ἤματα
2201 2318 2434 2383 πάντα.

620 2420 803 2497 Οῖτος
852 2427 1130 2506 Αχαιῶν
1179 2444 1302 2491 non
1348 2427 1472 2489 nisi
1518 2426 1754 2514 exigua
1798 2446 1944 2511 pars
1992 2430 2088 2490 est
2133 2445 2354 2491 eorum
2391 2446 2554 2512 quae
2587 2424 2917 2492 Homerus

524 2532 786 2607 cecinit,
832 2531 941 2596 sed
986 2530 1331 2598 celebravit
1374 2533 1845 2597 vetustissimus
1879 2540 2054 2598 vates
2078 2533 2266 2599 fortia
2289 2531 2678 2599 Graecorum
2703 2532 2914 2619 facta,

524 2643 589 2703 et
632 2635 819 2703 Eucli
867 2639 1244 2704 vaticinium
1293 2637 1369 2703 de
1416 2636 1531 2703 illo
1578 2638 1815 2704 dixisse
1862 2645 2050 2724 puto:

795 2744 1103 2816 Ἑλλάδος
1153 2744 1471 2826 εὐρυχόρου
1519 2749 1732 2822 μοῦνος
1783 2743 1988 2809 κλέα
2035 2750 2264 2823 πρῶτος
2311 2746 2530 2818 ἀείσας
2579 2745 2704 2810 κτὲ.

615 2961 837 3027 XXIX
884 2960 1135 3047 (steph.
1184 2961 1257 3026 B.
1307 2985 1371 3028 v.
1422 2963 1630 3048 Θρῖα).

887 3068 1112 3132 Πολλοὶ
1164 3067 1490 3147 θριοβόλοι,
1543 3071 1761 3147 παῦροι
1808 3067 1870 3132 δέ
1919 3093 1989 3132 τε
2037 3067 2295 3146 μα’ντιες
2341 3066 2576 3148 ἄνδρες.

614 3173 885 3239 Factum
933 3172 1014 3238 ad
1059 3173 1428 3259 exemplum
1475 3176 1612 3238 noti
1664 3173 1995 3239 versiculi:

886 3280 1117 3345 Πολλοί
1160 3302 1252 3343 τοι
1299 3279 1722 3360 ναρθηκοφόροι
1747 3329 1766 3364 ,
1811 3285 2028 3360 παῦροι
2077 3280 2139 3344 δέ
2190 3304 2259 3344 τε
2307 3281 2572 3362 βάκχοι.

618 3495 901 3562 XXXIII
945 3496 1161 3582 (Paus.
1206 3497 1273 3562 X
1321 3495 1397 3582 6,
1434 3495 1555 3583 7),
1605 3496 1646 3561 2

1639 3603 1824 3686 φόνου
1871 3602 1936 3667 δέ
1977 3605 2006 3668 ἑ
2045 3607 2283 3686 Κρήσιοι
2333 3603 2541 3686 ἄνδρες

748 3718 966 3789 χεῖρας
1018 3711 1601 3788 ἁγιστεύουσι·
1650 3709 1720 3772 τὸ
1769 3711 1831 3775 δὲ
1881 3709 2053 3782 κλέος
2101 3709 2309 3775 οὔποτ’
2359 3713 2620 3777 ὀλεῖται.

613 3816 987 3902 Requiritur
1055 3817 1344 3882 futurum
1427 3816 2071 3896 ἁγιστεύσουσι,
2157 3824 2232 3882 ut
2302 3838 2741 3906 praegressum
2811 3827 2904 3886 est

526 3923 742 4006 ἐφήσει
794 3931 858 3988 et
902 3926 1190 4008 sequitur
1235 3925 1494 3988 ὀλεῖται.

614 4125 796 4192 XLII
833 4126 1047 4212 (Paus.
1075 4125 1223 4191 VIII
1248 4126 1320 4211 9,
1357 4127 1446 4214 2).
1499 4126 1639 4192 Hoc
1685 4125 2008 4192 oraculum
2052 4127 2323 4192 duorum
2366 4147 2669 4192 versuum
2698 4131 2900 4193 trans·

524 4235 836 4319 positione
882 4234 973 4296 sic
1019 4233 1366 4298 sanandum
1418 4239 1529 4299 est.

834 4337 1019 4402 ’Έο-τι
1069 4339 1131 4402 δὲ
1184 4341 1502 4413 Μαιναλίη
1553 4339 1987 4419 δυσχείμερος,
2042 4338 2179 4403 ἔνθα
2227 4363 2298 4403 τε
2347 4347 2548 4405 κεῖται
