3150 5000
539 265 671 330 404
1522 277 1934 336 Awrnonosu

1524 509 1746 580 Ouum·
1796 511 1944 578 XII.

850 757 933 823 Εἴ
976 782 1078 836 μοι
1124 759 1360 842 χαρτὸς
1412 758 1557 838 ἐμὸς
1604 757 1901 836 Πολέμων
1950 756 2054 822 καὶ
2103 763 2251 831 σῶος
2300 755 2537 824 ὦνέλόοι

851 860 965 939 οἶος
1012 867 1057 930 οἱ
1083 915 1101 933 .
1130 913 1147 932 .
1176 916 1189 930 .
1220 915 1235 930 .
1286 866 1520 946 κοίρανε
1540 914 1559 945 ,
1611 865 2037 944 πεμπόμενος.

532 971 669 1039 Soli
716 975 1086 1038 criticorum
1132 975 1199 1038 in
1249 972 1557 1058 explenda
1607 973 1834 1038 lacuna
1883 971 2154 1036 traditae
2198 969 2454 1037 litterae
2499 972 2558 1036 A
2607 973 2904 1037 rationem

529 1080 891 1147 habuerunt
959 1079 1339 1145 Boissonade
1408 1087 1474 1144 et
1542 1079 1846 1145 Meineke
1865 1127 1882 1162 ,
1953 1077 2336 1142 conicientes
2404 1075 2518 1142 ille
2577 1071 2695 1148 οἷος
2754 1077 2904 1142 (ἐπὶ

532 1183 806 1267 πάτρης,
870 1186 978 1252 hic
1038 1193 1195 1257 τοῖος
1254 1182 1338 1257 οἷς
1400 1183 1496 1265 ἄρ’
1565 1181 1652 1263 ἦν,
1721 1184 1827 1250 sed
1887 1187 2114 1248 neutra
2177 1185 2420 1248 ratione
2475 1181 2904 1270 intellegitur,

532 1314 723 1381 quem
770 1293 963 1360 deum
1010 1299 1195 1378 poeta
1240 1290 1620 1377 alloquatur.
1675 1291 1782 1356 Ad
1829 1291 2211 1355 sententiam
2262 1290 2468 1376 igitur
2505 1292 2744 1356 rectius
2778 1287 2910 1355 Sal-

530 1402 771 1466 masius
817 1394 932 1471 οἶος
980 1399 1118 1477 ἔην,
1168 1399 1411 1482 Δήλου,
1460 1403 1523 1463 et
1568 1397 1983 1463 Hermannus
2029 1395 2214 1470 Δήλι’
2262 1395 2461 1468 ὁποῖος
2511 1393 2612 1469 ἔην
2648 1399 2910 1481 rescrip-

530 1513 766 1573 serunt.
814 1505 940 1572 Sed
985 1507 1221 1571 servari
1270 1505 1503 1591 poterit
1550 1503 1788 1569 tradita
1834 1501 2086 1587 littera,
2135 1505 2189 1567 si
2231 1503 2710 1587 supplebimus:

974 1606 1089 1681 οἷος
1128 1610 1482 1696 ’‘Ah-omont
1530 1607 1661 1694 ἔην]
1713 1610 1946 1689 κοίρανε
1993 1607 2410 1686 πεμπόμενος.

531 1718 629 1788 cf.
680 1718 791 1803 25,
842 1719 899 1782 1.
951 1716 1059 1795 26,
1113 1717 1172 1781 4.
1224 1714 1335 1800 2¹7,
1386 1715 1447 1781 3.

544 1995 551 2006 ,
618 1940 732 2026 ΕΡ.
805 1937 889 2003 53
954 1939 1032 2004 ad
1094 1937 1409 2004 Stratonis
1465 1937 1727 2002 Musam
1787 1936 2098 2021 puerilem
2161 1954 2284 2000 non
2348 1921 2658 2020 pertinet,
2713 1954 2914 2018 neque

528 2050 995 2134 epigrammata
1043 2043 1149 2110 73.
1200 2042 1309 2109 82.
1358 2042 1469 2109 83.
1524 2039 1672 2108 113.
1729 2041 1876 2109 114.
1924 2043 2072 2108 131.
2121 2039 2272 2106 147.
2318 2039 2470 2116 153,
2511 2061 2674 2126 quae
2697 2043 2908 2106 omnia

526 2156 836 2240 aptiorem
884 2152 1100 2218 locum
1144 2152 1531 2217 invenissent
1576 2151 1646 2214 in
1693 2146 1847 2235 Cap.
1900 2147 1978 2214 V.

616 2371 733 2457 Ep.
785 2371 893 2455 50,
941 2372 982 2435 4
1031 2371 1095 2434 τί
1141 2368 1251 2450 ζῶν
1301 2372 1376 2435 ἐν
1425 2367 1716 2450 σποδίῃ
1765 2369 2133 2446 τίθεσαις
2183 2373 2627 2435 ASOLRPIADBS
2675 2366 2904 2432 melius

524 2480 876 2566 scripsisset
921 2477 1231 2544 κείσεαι
1282 2479 1354 2544 ἒν
1400 2474 1711 2557 σποδίῃ.
1763 2474 1862 2544 Of.
1912 2475 2240 2565 Meleager
2285 2496 2381 2560 ep.
2434 2474 2540 2553 74,
2591 2473 2658 2542 2.

615 2699 735 2786 Ep.
785 2698 869 2765 65

794 2808 869 2872 ΕΞ
918 2807 1072 2876 Ζεὺς
1118 2812 1307 2875 κεῖνος
1358 2802 1446 2869 ἔτ’
1490 2806 1691 2883 ἐστίν,
1743 2797 1770 2867 ὃ
1820 2804 1925 2869 καὶ
1983 2804 2366 2881 Γανυμήδεος
2418 2803 2625 2879 ἀκμὴν

885 2910 1209 2990 οἱρποὶξας,
1263 2908 1334 2975 ἵν’
1383 2909 1503 2993 ἔχῃ
1552 2910 1837 2992 νέκταρος
1887 2909 2182 2995 οἰνοχόον,

792 3019 977 3095 κάμοὶ
1026 3022 1130 3085 τὸν
1178 3020 1367 3084 καλόν
1412 3021 1543 3083 ἐστι
1597 3019 1915 3099 <καλὸν>
1970 3018 2398 3099 σπλάγχνοισι
2448 3018 2724 3082 Μυίσκον

883 3126 1201 3203 κρύπτειν,
1252 3127 1339 3202 μή
1388 3150 1471 3203 με
1519 3124 1678 3205 λάθῃ
1727 3126 1901 3190 παιδὶ
1952 3126 2166 3203 βαλὼν
2216 3124 2556 3205 πτέρυγας.

610 3232 945 3300 Facillime
990 3240 1132 3319 post
1182 3232 1372 3296 καλόν
1420 3233 1549 3297 ἐστι
1603 3232 1771 3298 elabi
1817 3234 2096 3318 potuisse
2144 3232 2311 3316 quod
2355 3232 2724 3296 Mumfflao
2771 3228 2904 3295 red-

522 3340 657 3405 didi
705 3339 895 3405 καλόν
945 3360 1130 3404 nemo
1179 3340 1462 3425 negabit.
1518 3339 1612 3403 Ad
1663 3342 2088 3405 assonantiam
2140 3339 2220 3403 cf.
2263 3358 2422 3423 quae
2459 3340 2684 3423 scripsi
2718 3356 2903 3421 supra

522 3448 601 3513 ad
662 3445 769 3530 VI,
832 3442 943 3525 27,
1009 3443 1073 3512 7.
1144 3445 1278 3511 Alii
1342 3443 1507 3509 ἔστιν
1572 3442 1840 3522 <ὑπὸ>,
1904 3443 2066 3512 ἔστιν
2131 3442 2341 3522 <ἔνι>
2389 3444 2496 3511 vel
2544 3440 2904 3519 <ἔξ>εστιν

522 3555 943 3619 coniecerunt.

706 3860 1227 3939 Ψυχαποὶται
1278 3860 1636 3943 δυσέρωτες,
1689 3860 1810 3927 ’ὅσοι
1859 3860 2084 3945 φλόγα
2131 3864 2249 3929 ταν
2297 3862 2656 3945 φιλόπαιδα

795 3964 1036 4053 οἴδατε,
1084 3974 1191 4033 τοῦ
1239 3974 1449 4050 πικροῦ
1498 3972 1872 4048 γευσάμενοι
1905 3968 2197 4056 Ιμέλιτος.

706 4073 956 4155 Ψυχρὸν
1002 4072 1149 4153 ὕδωρ
1198 4076 1429 4156 νίψαι
1478 4079 1750 4157 ψυχρόν,
1799 4076 2043 4161 τάχος,
2090 4073 2225 4156 ἄρτι
2275 4077 2568 4152 τακείσης

798 4182 864 4245 ἐκ
908 4180 1110 4260 χιόνος
1159 4192 1235 4263 τῇ
1286 4181 1392 4265 ’μῇ
1441 4190 1622 4263 χεῖτε
1679 4185 1811 4261 περὶ
1867 4182 2078 4265 κραδίῃ
2129 4184 2259 4249 κτὲ.

526 4286 857 4353 Probanda
900 4288 1149 4351 videtur
1188 4286 1487 4355 Salmasii
1529 4291 1891 4356 coniectura
1931 4289 2325 4371 ψυχροπόται
2357 4292 2426 4355 in
2453 4312 2638 4357 versu
2663 4291 2892 4377 primo,

528 4402 669 4458 tum
712 4396 777 4457 in
820 4414 1006 4459 versu
1046 4394 1235 4458 tertio
1269 4394 1414 4459 vide
1438 4414 1517 4459 an
1540 4393 1870 4461 lenissima
1891 4399 2276 4462 correctione
2313 4401 2566 4475 νῆψαι
2603 4396 2888 4483 refingat-e
