3150 5000
1226 315 1309 364 An
1356 315 1706 364 nucum.
2567 296 2656 364 93

391 475 527 564 Gap.
592 479 694 544 16.
758 483 1005 557 μᾶλλον
1068 478 1131 544 δὲ
1179 479 1365 553 αὐτὸς
1418 481 1730 559 &ordros
1792 481 2355 565 μοιχευθησομένην
2401 483 2660 560 ἀνοίγων

312 585 415 656 τὰς
458 586 625 665 θύρας
674 588 777 651 καὶ
829 586 1271 665 μαστροπεύων
1318 587 1423 651 καὶ
1474 587 1718 658 πάντας
1770 589 1872 652 ἐπ’
1923 589 2116 662 αὐτην
2157 595 2382 654 καλῶν.
2445 589 2662 654 Habet

312 690 571 756 nonnihil
629 691 961 757 molestiae
1024 692 1189 757 illud
1247 693 1602 771 ἀπάγου
1663 700 1840 779 patet
1897 697 2069 760 enim
2126 716 2204 761 ex
2249 695 2662 781 sequentibus

313 816 593 882 nusquam
638 800 930 884 gentium
982 820 1019 863 a
1054 801 1287 864 marito
1330 819 1592 865 uxorem
1633 799 1815 864 illam
1857 800 1997 865 νέων
2036 800 2142 864 καὶ
2186 801 2384 875 καλήν
2409 802 2661 879 abduci,

314 903 407 968 sed
447 906 647 989 potius
693 902 1011 969 adulteros
1054 905 1133 970 ab
1181 925 1253 971 eo
1301 906 1563 971 domum
1613 906 1870 971 admitti
1911 913 2102 992 atque
2140 907 2295 974 adeo
2343 909 2660 976 advocari.

316 1006 579 1096 Cogitavi
624 1010 701 1076 de
747 1011 1131 1090 προάγοι,
1178 1012 1346 1096 quod
1391 1011 1469 1077 de
1515 1014 1833 1078 eiusmodi
1878 1012 2209 1080 lenociniis
2257 1020 2352 1080 est
2390 1015 2658 1082 verbum

317 1113 667 1202 legitimum.

390 1341 523 1429 Cap.
576 1340 681 1408 18.
754 1343 1134 1429 Suspectum
1184 1345 1347 1411 mihi
1402 1351 1500 1411 est
1544 1343 1786 1418 οὕτως
1836 1347 2143 1429 εὐρύτερον
2189 1367 2302 1434 pro
2341 1369 2452 1432 eo,
2492 1349 2662 1434 quod

314 1453 579 1516 omnibus
638 1454 951 1517 usitatum
1022 1458 1117 1517 est
1137 1500 1152 1530 ‚
1220 1477 1260 1516 τ
1278 1476 1305 1517 o
1323 1476 1362 1516 σ
1377 1477 1404 1518 ο
1426 1453 1459 1518 ύ
1475 1478 1512 1517 τ
1527 1480 1590 1535 ῳ.
1687 1453 2074 1520 Praecedens
2141 1456 2238 1519 ἒπ
2254 1481 2273 1520 ι
2291 1479 2320 1536 ρ
2334 1454 2410 1533 ρέ
2431 1479 2458 1520 ο
2481 1456 2566 1520 ντ
2582 1478 2609 1520 ο
2629 1480 2660 1528 ς

314 1555 595 1643 syllabam
643 1581 747 1629 τος
794 1558 1077 1625 hausisse
1122 1560 1396 1625 videtur.

388 1784 529 1872 Gap.
586 1786 693 1852 28.
751 1789 916 1864 κάμὲ
963 1789 1066 1854 τὸν
1122 1789 1367 1854 πάντων
1419 1789 1655 1854 ἐκείνων
1704 1791 1948 1870 πατέρα
1998 1793 2143 1873 [τῶν
2189 1789 2663 1865 εἰσεληλυθότων

313 1894 532 1978 κακῶν]
604 1893 765 1960 Dele
813 1895 1056 1980 puerile
1104 1895 1638 1962 additamentum.

386 2117 526 2206 Cap.
577 2121 685 2188 34.
732 2122 881 2188 ἀλλ’
927 2124 993 2189 οὐ
1044 2125 1365 2205 χαίροντες
1416 2123 1604 2189 ἄπιτε
1654 2124 1856 2203 μιαροὶ
1906 2125 2216 2196 πάντες
2263 2122 2449 2198 ὄντες.
2498 2123 2661 2192 Her-

310 2226 633 2302 werdcnus:
710 2227 863 2294 ἀλλ’
928 2229 1058 2295 οὔτι
1120 2231 1439 2315 χαίροντές
1500 2254 1579 2306 γε
1609 2280 1622 2304 ,
1688 2230 1888 2310 μιαροὶ
1955 2231 2185 2303 πάντες
2257 2229 2444 2303 ὄντες.
2535 2230 2660 2297 Sed

310 2331 503 2398 eadem
565 2355 752 2420 opera
798 2355 911 2421 pro
960 2335 1217 2401 πάντε
1242 2361 1308 2413 ς,
1356 2337 1523 2422 quod
1570 2337 1647 2403 de
1692 2339 1916 2402 duobus
1961 2337 2205 2402 dictum
2254 2339 2508 2423 probari
2552 2359 2661 2404 ne-

310 2441 457 2523 quit,
504 2462 729 2529 repone
779 2443 1119 2517 πάντως.

386 2683 523 2771 Cap.
569 2684 675 2751 36.
725 2688 899 2759 τέλος
950 2686 1002 2752 δ’
1049 2685 1228 2768 ἄφνω
1275 2689 1639 2753 καταλιπὼν
1687 2685 1936 2760 οὕτως
1987 2687 2266 2760 ἀπίστως
2317 2686 2421 2752 καὶ
2451 2687 2660 2767 προδο-

310 2798 483 2863 τικῶς.
555 2791 767 2864 Οὕτως
821 2814 946 2859 nou
993 2796 1319 2881 improbo;
1368 2795 1478 2859 sed
1523 2795 1670 2859 vide
1717 2815 1797 2859 an
1844 2794 2164 2859 Lucienus
2210 2796 2423 2880 potius
2469 2793 2658 2859 dede-

306 2897 377 2959 rit
416 2898 443 2961 ὃ
489 2900 771 2976 αὐτός,
820 2900 988 2985 quod
1038 2920 1249 2965 amare
1296 2899 1532 2965 dicitur
1578 2901 1658 2967 ad
1702 2898 2032 2985 perfidiam
2082 2899 2655 2987 perstringendam.

382 3141 522 3229 Gap.
584 3144 690 3210 37.
752 3144 885 3221 ἐμοὶ
948 3144 1011 3209 δὲ
1071 3148 1253 3210 τοῦτο
1300 3143 1505 3209 Ῑκοινὸν
1554 3138 1622 3227 [ἦ
1638 3144 1694 3233 ν]
1749 3143 1996 3216 πάντας
2047 3145 2384 3225 ἆνθρώπουο
2434 3142 2659 3221 ἡβηδὸν

308 3248 550 3332 οἰμώζειν
594 3258 865 3324 ποιῆσαι.
928 3250 1289 3317 Sententiae
1327 3250 1523 3317 officit
1560 3248 1598 3325 ἦ
1611 3276 1676 3327 ν,
1719 3252 1886 3337 quod
1926 3271 2100 3317 more
2138 3251 2453 3317 Lucianeo
2492 3252 2658 3336 posi-

306 3360 421 3419 tum
480 3356 643 3422 nihil
706 3356 880 3423 aliud
942 3356 1329 3444 significaret
1386 3375 1614 3441 quam:
1677 3358 1823 3422 mihi
1887 3359 2037 3422 satis
2087 3368 2236 3422 esset
2281 3358 2378 3421 vel
2411 3356 2654 3441 fuisset.

307 3459 618 3529 Manifesto
680 3472 895 3529 autem
962 3464 1081 3530 hoc
1143 3465 1261 3529 sibi
1323 3463 1467 3528 vult
1534 3462 1802 3529 Timon:
1875 3463 2215 3529 Plutonem
2289 3483 2506 3526 rursus
2576 3460 2657 3526 ad

306 3562 493 3635 Iovem
554 3570 793 3647 abduc,
857 3572 913 3635 si
973 3570 1262 3646 videtum
1324 3567 1491 3633 nihil
1550 3572 1686 3633 eius
1745 3589 1862 3654 ope
1922 3570 2180 3656 indigeo
2196 3588 2213 3645 3
2270 3568 2436 3631 mihi
2481 3568 2656 3631 enim

306 3674 511 3741 sufficit
570 3696 791 3742 omnes
851 3676 1139 3741 homines
1205 3673 1450 3759 plorare
1495 3676 1734 3741 iubere.
1806 3673 1902 3741 Of.
1953 3674 2165 3739 Prom.
2217 3695 2282 3739 es
2330 3674 2396 3737 in
2442 3671 2656 3738 verbis

304 3797 412 3865 cap.
486 3783 557 3847 1:
604 3784 681 3853 ὥς
729 3779 943 3860 ἔμοιγε
990 3781 1229 3859 ἱκανόν,
1285 3782 1337 3846 εἷ
1387 3782 1475 3858 μη
1523 3781 1686 3845 πάνυ
1733 3804 1823 3845 σοι
1871 3783 2060 3859 γήϊνα
2111 3778 2275 3855 ἔδοξε
2325 3784 2390 3843 et
2432 3797 2653 3844 rursus

306 3902 418 3969 cap.
478 3886 553 3952 3:
610 3889 741 3965 ἐμοὶ
790 3886 849 3952 δὲ
900 3890 965 3953 οὐ
1020 3890 1185 3952 πάνυ
1234 3886 1471 3966 ἱκανόν,
1520 3890 1569 3952 εἰ
1619 3896 1983 3951 καινοποιεῖν
2030 3887 2279 3959 δοκοίην.
2353 3882 2654 3950 Ceterum

305 3988 443 4059 illud
511 4004 848 4070 ποιῆσαι
922 3998 1015 4060 ita
1082 3997 1297 4080 capio,
1361 4000 1433 4058 ut
1496 4014 1644 4059 cum
1706 3996 1775 4059 vi
1837 3993 2110 4078 quadam
2177 3992 2420 4059 comica
2481 3990 2654 4068 παρὰ

306 4100 633 4175 προσδοκίαν
695 4122 808 4186 pro
871 4107 1262 4167 κελεῦσαι
1342 4101 1555 4165 subito
1608 4101 1936 4165 inferatur.
2023 4098 2314 4184 Reliquis
2383 4096 2656 4162 sufficiat

307 4220 495 4273 omnes
552 4209 847 4273 homines
891 4207 1138 4293 plorare
1183 4208 1415 4285 iubere;
1467 4208 1632 4271 osori
1677 4208 1930 4293 generis
1973 4205 2240 4272 humani
2285 4226 2410 4270 non
2457 4206 2616 4270 item
2635 4223 2652 4281 ;

310 4328 411 4376 non
444 4322 772 4381 contentus
810 4317 931 4379 erit
948 4364 967 4399 ‚
1005 4315 1129 4379 nisi
1167 4334 1385 4379 omnes
1422 4311 1726 4398 vapulent
1761 4319 1826 4378 et
1865 4333 2198 4379 aerumnas
2230 4332 2377 4379 suas
2413 4310 2542 4377 lam
2551 4330 2656 4375 en-

312 4418 515 4485 tantur.
