3150 5000
1153 297 1241 346 An
1285 296 1683 348 rnoswomffl.
2480 280 2610 352 127

354 457 543 527 Ems'l'.
604 459 667 541 4,
727 481 783 530 P.
854 463 984 529 132
1049 489 1430 553 quamquam
1490 489 1588 532 me
1647 469 1756 534 diu
1812 491 1982 533 cum
2046 470 2214 535 ista
2274 469 2616 538 valetudine

272 570 440 632 vivere
478 572 837 657 iampridem
876 574 1089 659 piyeat
1138 575 1490 660 taedeatque
1507 621 1523 651 ‚
1575 587 1782 638 tamen
1827 580 1975 640 cett.

354 673 614 762 Legerim
660 679 773 741 diu
816 681 1124 743 amissa
1169 679 1532 745 valetudine.
1607 678 1706 746 Of.
1759 679 1890 748 Cic.
1940 681 2058 768 Ep.
2105 683 2285 749 Fam.
2334 684 2444 750 IX.
2502 683 2606 753 18.

268 777 309 840 3
350 778 752 847 valetudinem
798 785 1178 849 intermissis
1224 786 1784 852 exercitationibus
1824 789 2182 854 amiseram.

348 990 531 1058 Epmr.
584 993 646 1072 6,
692 1013 749 1061 P.
800 993 926 1060 133
962 1000 1218 1084 acceptis
1256 999 1478 1064 litteris
1517 1001 1642 1064 mis
1669 1049 1683 1064 .
1712 1047 1728 1063 .
1758 1050 1774 1066 .
1802 1048 1818 1064 .
1859 1001 2018 1066 bona
2057 1023 2194 1090 spes
2231 1003 2390 1068 mihi
2410 1015 2609 1070 osten-

266 1109 387 1160 tata
437 1113 518 1165 est
535 1147 551 1177 ,
614 1105 781 1188 quod
806 1150 820 1166 .
852 1153 867 1168 .
897 1152 913 1167 .
944 1154 958 1169 .
1015 1117 1164 1190 post
1224 1106 1658 1170 abstinentiam
1715 1108 1913 1171 tridui
1954 1119 2013 1174 et
2055 1112 2412 1194 sanquinem
2457 1113 2610 1176 eatis

264 1214 475 1272 etv-mue
526 1220 585 1272 et
634 1221 944 1298 prompte
1018 1212 1348 1275 demissum
1365 1257 1381 1288 ‚
1454 1210 1782 1276 liberatum
1807 1262 1822 1278 .
1852 1259 1868 1276 .
1898 1260 1914 1276 .
1943 1258 1960 1276 .
2033 1225 2091 1278 te
2149 1215 2424 1301 periculo
2456 1264 2472 1280 .
2499 1263 2517 1282 .
2546 1265 2561 1280 .
2589 1261 2606 1280 .

258 1315 571 1380 nuntiabas.

342 1417 691 1507 Legendum
755 1426 853 1487 est
900 1435 1163 1510 prompt
1178 1445 1209 1488 e
1262 1425 1539 1489 missum.
1628 1423 1882 1490 Mittere
1950 1428 2307 1512 sanquinem
2374 1427 2610 1494 dixisse

260 1523 581 1611 Romanos,
628 1548 752 1593 nou
800 1530 1149 1614 demittere,
1196 1550 1398 1614 neque
1442 1532 1715 1595 emittere
1759 1530 1840 1596 ed
1885 1530 1952 1596 h.
1999 1530 2044 1599 l.
2090 1532 2399 1598 indicavit
2444 1533 2610 1598 Eck-

260 1633 495 1697 sisinius
512 1682 531 1717 ,
578 1636 689 1718 qui
734 1641 981 1719 praeter
1026 1633 1285 1702 Celsum
1333 1637 1430 1722 (II
1448 1683 1463 1714 ‚
1520 1636 1634 1722 10)
1651 1687 1670 1721 ,
1720 1635 2086 1704 Ciceronem
2141 1643 2371 1706 testem
2412 1641 2607 1705 citare

258 1742 553 1820 potuerat:
604 1739 685 1805 sd
728 1743 865 1804 Att.
912 1740 965 1805 I.
1021 1742 1123 1816 16,
1179 1743 1281 1806 11.

332 1950 478 2018 Ilm).
544 1966 604 2019 et
660 1977 822 2020 nunc
880 1967 1212 2041 expecto
1271 1977 1614 2040 coynoscere
1673 1977 1747 2019 ex
1802 1957 1926 2020 tuis
1987 1955 2242 2033 litteris,
2305 1969 2606 2044 quantum

256 2059 446 2123 medici
484 2061 593 2124 isti
638 2061 764 2125 dies
802 2063 1231 2147 promoverint
1274 2063 1360 2124 ad
1405 2063 1562 2125 vires
1607 2062 1985 2148 reficiendas.

332 2161 445 2228 Pro
488 2167 703 2250 inepto
752 2157 994 2254 expecto
1038 2164 1219 2254 leg-as
1257 2188 1345 2231 ea
1350 2178 1561 2253 peto.
1623 2165 1888 2251 Saepius
1927 2166 2082 2231 haec
2124 2167 2316 2233 verbs
2352 2188 2389 2233 s
2412 2167 2602 2234 libra-

256 2266 351 2332 riis
392 2271 639 2336 confusa
683 2277 833 2337 sunt
847 2291 865 2350 3
916 2272 997 2338 cf.
1043 2271 1423 2359 Symmachi
1466 2270 1666 2357 Epist.
1719 2271 1773 2336 Ι.
1824 2269 1910 2334 34
1954 2269 2099 2358 (28)
2143 2274 2188 2338 i.
2235 2274 2282 2342 f.

328 2481 531 2552 Emfl'l'.
596 2483 656 2563 ’7,
727 2504 783 2552 P.
850 2484 981 2551 134
1044 2487 1151 2553 ubi
1192 2488 1342 2551 meis
1386 2508 1492 2571 eqo
1537 2488 1635 2551 uti
1678 2486 1960 2552 manibus
1999 2508 2150 2573 per
2194 2485 2601 2570 valetudig

254 2611 396 2654 nem
436 2614 555 2657 non
591 2615 836 2680 possem
851 2640 868 2670 ‚
919 2616 1110 2657 manu
1154 2616 1269 2657 sua
1313 2592 1471 2658 cibos
1518 2594 1607 2657 ad
1649 2615 1716 2657 os
1753 2614 1956 2657 meum
2001 2593 2301 2678 adferret.

326 2694 540 2763 Malim
578 2721 784 2786 prae
828 2698 1325 2764 valetudine.
1375 2730 1391 2743 ·

324 2907 523 2977 BHM.
586 2911 650 2989 8,
712 2930 773 2977 P.
842 2910 971 2977 136
1022 2912 1311 2999 probasti
1369 2934 1465 2976 me
1534 2912 1921 2997 laudastique
1989 2908 2309 2975 eonsilium
2327 2954 2344 2985 ‚
2410 2930 2600 2995 neque

254 3025 426 3082 tamen
486 3022 691 3084 triduo
738 3019 1011 3106 amplius
1056 3018 1147 3083 vel
1190 3020 1529 3103 quatriduo
1574 3019 1645 3082 id
1688 3040 1728 3081 a
1777 3029 1834 3081 te
1880 3017 2144 3082 obtinere
2181 3015 2451 3102 potuisti
2466 3060 2482 3091 ‚
2530 3026 2600 3079 ut

254 3122 382 3187 mihi
421 3125 592 3189 verbo
636 3148 666 3189 s
682 3125 821 3189 alu
838 3136 863 3188 t
879 3146 911 3189 e
926 3147 991 3188 m
1038 3126 1449 3210 responderes.

322 3225 473 3295 Sena
510 3233 629 3296 erit
668 3232 979 3296 sent-entia
996 3276 1014 3309 ,
1056 3230 1111 3294 si
1149 3249 1262 3314 pro
1296 3231 1511 3314 inepto
1550 3229 1810 3293 salutem
1851 3226 2256 3293 substitueris
2292 3226 2595 3293 saltem.

322 3438 463 3510 Ilm).
528 3447 803 3531 quotiens
862 3456 933 3509 tu
997 3466 1093 3508 me
1144 3443 1430 3507 manibus
1480 3443 1600 3507 tuis
1647 3442 2030 3517 sustinuisti,
2079 3439 2378 3505 adlevasti
2421 3460 2598 3522 aeqre

253 3548 826 3637 adcurqmtem...?
886 3572 1076 3637 quam
1137 3549 1329 3614 hilari
1386 3548 1553 3613 voltu
1613 3569 1849 3635 semper
1897 3545 2240 3632 placato
2302 3556 2388 3609 tu
2453 3567 2595 3609 nos

251 3654 471 3738 adfatus
512 3656 619 3722 es?

322 3758 575 3827 Annotat
598 3761 665 3828 N
668 3762 893 3827 aberus
914 3778 928 3825 τ
959 3760 1213 3839 „Maius
1228 3782 1244 3826 ε
1262 3760 1688 3847 placatissimo
1711 3780 1852 3843 nos,·
1877 3755 2092 3823 Codex
2110 3776 2127 3821 ε
2143 3755 2292 3843 pla
2308 3800 2589 3822 ........

250 3858 512 3932 Excidere
570 3868 789 3933 decem
846 3866 1117 3932 litterae.
1206 3865 1378 3931 Hinc
1435 3865 1703 3931 coniecit
1765 3865 2010 3928 amicus
2073 3860 2241 3947 quod
2301 3858 2450 3927 dedi
2518 3862 2587 3927 in

250 3968 456 4035 textu”.
512 3972 828 4059 Equidem
876 3975 1089 4057 potius
1134 3969 1561 4056 suppleverim
1603 3969 2106 4056 placidoque
2151 3988 2282 4033 ore
2326 3965 2587 4053 adfatus

250 4070 335 4135 αἱ
392 4076 585 4157 Quam
650 4099 836 4165 saepe
883 4077 1105 4144 vultus
1149 4082 1215 4143 et
1260 4096 1329 4142 os
1376 4076 1713 4141 coniuncta
1755 4071 2056 4161 legantur
2102 4071 2329 4137 multis
2376 4092 2586 4138 exem-
2639 4107 2642 4109 v

252 4174 351 4258 plis
389 4182 557 4250 docet
602 4182 1057 4267 Doederlinus,
1106 4180 1343 4269 Synon.
1391 4179 1498 4249 IV.
1545 4202 1609 4267 p.
1659 4178 1813 4245 321.

322 4392 408 4455 An
461 4394 544 4460 Μ.
612 4398 999 4463 Amol-imum
1054 4414 1138 4462 ns
1183 4414 1605 4473 snoounmm.
1654 4394 1770 4461 Er.
1822 4395 1883 4473 1,
1927 4412 1987 4459 P.
2039 4390 2167 4458 139
2215 4415 2288 4458 ne
2321 4391 2582 4479 fnestra
