3150 5000
585 217 714 289 142
1507 316 1514 321 .
1541 211 1975 287 mmmm.

578 408 675 472 est
736 403 816 471 ad
878 402 969 471 IV
1020 401 1127 472 ¹72.
1188 403 1560 491 Sphacteria
1608 403 1985 481 describitur
2028 426 2081 473 o.
2131 401 2174 469 8
2221 407 2524 489 tanquam
2574 400 2806 476 ὑλώδης
2855 401 2950 467 καὶ

578 511 926 592 ᾇτριβὺς
974 515 1154 577 πᾶσα
1205 514 1310 577 ὑπ’
1359 512 1615 593 ἐρημίας
1666 512 2011 598 eademque
2057 511 2370 602 adiectiva
2416 516 2749 577 recurrunt
2770 530 2827 575 c.
2857 508 2954 586 29,

576 637 692 684 nec
761 623 978 683 tamen
1047 621 1228 704 peius
1295 625 1392 684 est
1461 618 1630 705 quod
1690 620 1980 685 exstabat
2037 620 2106 683 in
2168 616 2381 683 codice
2401 666 2417 692 .
2486 636 2611 702 quo
2658 617 2957 681 Arrianus

574 725 909 809 utebatur,
961 727 1071 811 qui
1117 725 1298 791 illinc
1344 725 1535 792 habet
1581 723 1742 811 Exp.
1792 724 1973 791 Alex.
2024 721 2077 788 V
2131 723 2237 790 11.
2286 722 2357 787 1:
2403 731 2577 799 νῆσος
2623 722 2851 798 ὑλώδης
2893 747 2955 787 σε

574 830 680 895 καὶ
743 832 1052 909 ἆςιβῆς
1103 832 1210 897 ὑπ’
1255 832 1526 913 ἐρημίας.
1577 828 1719 898 Via'
1745 830 1875 897 dici
1921 829 2081 896 solet
2126 830 2427 909 ἀτριβής,
2477 828 2588 895 sed
2636 848 2959 894 nemorosa

571 935 945 1023 Sphacteria
988 938 1249 1006 fortasse
1287 938 1521 1005 melius
1564 938 1811 1005 dicetur
1846 937 2109 1016 οἷς-ιβής,
2156 936 2701 1025 quemadmodum
2728 934 2959 1022 Sopho-

573 1042 702 1110 cles
747 1043 965 1122 ἀσεβὲς
1015 1042 1207 1115 ἄλσος
1255 1044 1605 1131 appellavit
1623 1093 1640 1124 ,
1690 1044 1799 1111 sed
1845 1045 2011 1110 nihil
2049 1043 2301 1112 definio.
2350 1040 2505 1129 Gap.
2551 1040 2636 1110 10
2679 1042 2961 1109 nondum
3081 1048 3082 1105 ζ

574 1151 740 1216 mihi
784 1153 1099 1238 persuasit
1146 1149 1480 1218 Goellerus
1525 1153 1676 1218 ferri
1721 1172 1931 1238 posse:
1984 1151 2271 1235 ῥᾳδίως
2317 1148 2496 1223 οὔσης
2545 1158 2657 1225 τῆς
2706 1151 2960 1230 &nazce-
3081 1146 3082 1161 ¹

571 1257 794 1339 ρήσεωο
858 1277 969 1343 pro
1029 1256 1320 1341 ῥᾳδίας
1385 1264 1448 1325 et
1508 1261 1575 1324 in
1639 1265 1923 1325 extremo
1986 1260 2225 1344 capite:
2276 1255 2333 1322 εί
2377 1280 2471 1327 τις
2522 1254 2809 1333 ὑπομένοι
2859 1254 2957 1319 καὶ

572 1365 662 1441 μὴ
708 1364 893 1446 Φόβῳ
940 1364 1046 1430 καὶ
1095 1372 1235 1429 νεῶν
1292 1364 1760 1439 δεινότητος
1811 1363 2145 1432 κατάπλου
2195 1362 2571 1448 ὑποχωροίη,
2625 1363 2781 1449 quid
2830 1368 2961 1428 tan·

572 1468 720 1537 dem
767 1471 1041 1537 editores
1085 1472 1412 1558 prohibuit
1461 1472 1804 1559 quominus
1849 1475 2229 1539 coniicerent
2278 1472 2393 1537 δει
2416 1496 2446 1538 ν
2464 1467 2804 1538 orda-ov?

661 1682 1018 1751 Undecimo
1081 1687 1319 1772 eapite:
1386 1685 1695 1770 προθυμία
1756 1710 1829 1751 τε
1877 1682 2048 1770 πάσῃ
2097 1684 2395 1768 χρώμενοι
2449 1685 2553 1751 καὶ
2604 1708 2960 1768 παρακε-

572 1791 888 1874 λευσμῷ
949 1812 1074 1858 non
1136 1791 1598 1881 negligendum
1665 1797 1764 1859 est
1820 1792 2168 1879 Josephum
2227 1794 2440 1879 Antiq.
2507 1791 2605 1858 111
2650 1790 2715 1857 2.
2765 1793 2812 1858 4
2860 1793 2963 1858 hic
3081 1826 3082 1839 κ

569 1897 837 1986 legisse:
904 1897 1496 1981 διακελευσμῷ.
1561 1898 1806 1965 Deinde
1869 1901 2175 1984 conspicit
2239 1898 2534 1964 Brasidas
2584 1898 2961 1967 trierarchos

572 2003 1265 2088 φυλασσομένους
1337 2011 1455 2070 τῶν
1517 2011 1656 2071 νεῶν
1721 2007 1810 2087 μὴ
1872 2004 2456 2090 ξυντρίψωσιν,
2520 2006 2635 2073 ubi
2683 2003 2960 2073 Cobetus

570 2111 962 2194 Φειδομένους
1013 2110 1319 2199 praetulit
1364 2119 1429 2180 et
1466 2113 1632 2178 mihi
1669 2118 1992 2199 praeterea
2024 2115 2377 2179 necessaria
2414 2111 2671 2178 videtur
2708 2116 2961 2199 passiva

569 2221 774 2288 forma
830 2218 1386 2299 ξυντριβῶσιν.
1439 2218 1611 2285 malo
1661 2220 1779 2286 hoc
1827 2226 1993 2285 certe
2041 2240 2234 2305 quam
2279 2220 2452 2285 haud
2501 2222 2657 2287 satis
2704 2219 2956 2287 felicem

569 2326 892 2414 Madvigii
941 2329 1386 2391 coniecturam.
1444 2325 1667 2412 Capite
1715 2326 1801 2391 IV
1848 2328 1966 2391 12:
2019 2330 2380 2406 πειρώμενος
2422 2327 2788 2404 ἀποβαίνειν
2824 2330 2961 2393 ἆνε-

572 2434 731 2520 κόπη
758 2481 775 2513 ,
843 2432 1052 2501 voluit
1114 2433 1409 2500 Brasidas
1473 2433 1825 2500 secundum
1888 2433 2291 2500 Demetrium
2355 2432 2741 2501 Phalereum
2789 2436 2829 2520 ᾖ
2880 2434 2957 2500 65

572 2543 802 2618 πρῶτος
867 2539 1266 2618 ἀποβαίνειν,
1329 2541 1494 2626 quod
1556 2561 1705 2607 sane
1752 2540 1945 2607 habet
1992 2544 2288 2628 speciem.
2341 2540 2496 2627 Gap.
2549 2538 2671 2608 13:
2722 2545 2957 2616 ταύτην
3081 2573 3082 2584 ¹

569 2649 683 2729 μὲν
729 2649 837 2722 τὴν
888 2645 1116 2728 ἡμέραν
1165 2647 1522 2727 προσβολὰς
1570 2646 1964 2726 ποιησάμενοι
2014 2649 2044 2710 ἒ
2056 2673 2107 2712 π·
2126 2648 2157 2713 ἐ
2173 2672 2224 2713 π·
2238 2673 2280 2714 οι
2297 2672 2332 2714 υ
2351 2672 2381 2712 ν
2398 2671 2437 2712 τ
2454 2671 2483 2714 0
2500 2696 2516 2727 ,
2569 2650 2733 2714 mire
2772 2671 2958 2716 usur·

567 2761 759 2843 patur
801 2754 1498 2841 plusquamperfectum
1544 2760 1609 2821 et
1654 2753 1842 2842 plane
1880 2775 2003 2821 non
2043 2755 2228 2822 video
2245 2802 2262 2831 ,
2303 2754 2531 2842 quidni
2567 2754 2675 2821 hic
2710 2755 2958 2844 placere

568 2862 795 2930 debeat
839 2861 1390 2928 ἀνεπαύοντο.

659 3073 814 3163 Cap.
884 3073 968 3141 14
1031 3079 1275 3142 constat
1338 3075 1414 3140 de
1475 3077 1639 3142 vitio
1658 3124 1676 3158 ,
1724 3074 1835 3141 sed
1879 3075 2163 3142 nondum
2210 3083 2534 3162 repertum
2583 3079 2710 3144 fuit
2756 3099 2955 3144 reme·

569 3182 768 3249 dium.
834 3180 1065 3269 Pugna
1123 3179 1340 3247 navali
1407 3183 1761 3266 superiores
1818 3187 1969 3249 sunt
2014 3181 2468 3248 Athenienses:
2516 3174 2561 3248 ἃ
2610 3184 2860 3264 ὁρῶντες
2910 3184 2954 3249 οί

568 3288 1044 3368 Λακεδαιμόνιοι
1110 3287 1215 3353 καὶ
1282 3292 1765 3367 περιαλγοῦντες
1828 3291 1911 3371 τῷ
1978 3287 2199 3372 πάθει,
2262 3277 2546 3369 &viru
2595 3292 2863 3356 αὐτῶν
2900 3291 2954 3362 οἱ
3081 3335 3082 3340 1

569 3394 774 3478 ἄνδρες
842 3393 1376 3473 ἀπελαμβάνοντο
1439 3393 1499 3459 ἒν
1561 3404 1639 3478 τῇ
1706 3395 1892 3476 νήσῳ,
1957 3395 2087 3460 xri.
2150 3393 2387 3462 Scribit
2449 3395 2947 3464 Herwerdenus:

567 3498 725 3585 ᾧπερ
786 3503 1020 3581 αὐτῶν,
1083 3500 1194 3568 sed
1238 3520 1421 3587 spero
1477 3520 1628 3566 eum
1674 3522 1841 3567 nunc
1887 3501 2097 3591 magis
2146 3522 2279 3569 esse
2325 3501 2780 3588 probaturum:
2830 3501 2952 3570 ὅτι

566 3608 715 3692 παρ’
783 3635 827 3674 οι
847 3608 1022 3694 oroi,
1080 3630 1194 3674 nec
1241 3607 1593 3694 quidquam
1641 3628 1861 3674 causae
1908 3615 2005 3674 est
2058 3629 2170 3674 cur
2215 3607 2383 3676 illud
2429 3612 2575 3691 παρ’
2623 3610 2794 3676 αὐτοὶ
2844 3613 2954 3678 At·

564 3719 694 3782 tico
763 3717 1052 3799 scriptori
1116 3735 1240 3781 non
1302 3713 1651 3781 audeamus
1716 3714 1992 3780 tribuere
2009 3765 2025 3798 ,
2092 3715 2242 3781 vide
2302 3717 2493 3782 modo
2547 3715 2825 3783 Lobeck.
2878 3717 2953 3784 ad
3081 3801 3082 3806 ἵ

565 3823 810 3912 Phryn.
857 3843 920 3908 p.
970 3818 1056 3889 4¹7
1097 3828 1162 3887 et
1200 3841 1396 3907 quam
1434 3819 1645 3886 multa
1684 3826 1834 3886 sunt
1882 3821 2051 3907 apud
2092 3819 2535 3910 Thucydidem
2578 3822 2951 3911 singularia,

565 3949 835 4016 quorum
882 3926 1071 4014 paulo
1118 3927 1503 4014 frequentior
1547 3947 1703 3992 usus
1749 3946 1875 3993 non
1922 3932 2017 3994 est
2066 3930 2193 3994 nisi
2228 3929 2397 4015 apud
2430 3932 2785 4017 aequiores,
2828 3953 2951 4018 qua

567 4036 645 4102 de
704 4055 772 4102 re
831 4054 1017 4121 saepe
1076 4030 1435 4101 Classenius
1498 4030 1855 4120 praecepit?
1919 4030 2070 4120 Gap.
2141 4033 2224 4102 16
2290 4055 2755 4121 supervacanea
2801 4043 2947 4105 sunt
3081 4067 3082 4070 ¹

564 4142 788 4211 verba:
848 4142 932 4220 τῷ
990 4141 1482 4215 Πελοποννησίων
1529 4141 1733 4221 epar&
1784 4142 1851 4205 in
1898 4145 2184 4208 extrema
2230 4143 2265 4228 ξ
2318 4141 2350 4206 1
2404 4149 2467 4208 et
2510 4143 2790 4210 ioculare
2832 4149 2942 4228 est,

561 4248 729 4335 quod
796 4245 1114 4333 Georgius
1179 4243 1418 4314 Grotus
1479 4245 1811 4313 adnotavit
1871 4246 1939 4312 in
2005 4245 2296 4316 Historia
2352 4245 2592 4318 Graeca
2656 4247 2747 4315 VI
2794 4248 2941 4316 325.

561 4356 894 4443 Accipient
953 4352 1248 4441 Spartani
1311 4353 1415 4420 δύο
1475 4353 1757 4438 χοίνικας
1823 4353 2110 4438 αλφίτων
2168 4356 2275 4421 καὶ
2324 4355 2426 4424 δύο
2475 4355 2743 4432 κοτύλας
2796 4357 2941 4424 οἴνου
