3150 5000
480 1758 482 1760 ’
581 1754 708 1822 fuit
767 1756 1052 1822 Herodes
1112 1756 1451 1836 ὠμογέρων.
1523 1756 1601 1821 In
1656 1757 1877 1823 eadem
1925 1756 2322 1845 paragrapho
2369 1758 2625 1841 requiro
2673 1756 2747 1825 ὡς
2790 1753 2948 1825 δῆλον

582 294 720 361 392
1441 312 1717 361 runos
1760 310 2099 362 sosarnus.

669 476 731 542 Ν
733 476 968 542 efai-ius
1031 476 1366 562 Antipater
1424 478 1548 541 sibi
1610 476 1929 543 devincire
1975 476 2275 543 studebat
2320 476 2587 543 amitam
2634 473 2931 555 Salomen,

579 583 652 649 B.
700 581 761 648 J.
816 582 875 648 1.
924 582 1032 647 24.
1084 581 1169 646 2:
1233 586 1343 658 τὴν
1388 584 1606 657 τηθίδα
1656 584 2011 667 Σαλώμην,
2062 587 2137 655 ὡς
2188 583 2266 647 ἂν
2316 585 2697 662 γαμετὴν
2738 574 2937 653 οὖσαν,
3085 610 3086 701 ἢ

582 691 928 765 καθομιλῶν
987 689 1084 753 ciel
1149 689 1254 752 καὶ
1321 689 1686 767 παροξύνων.
1760 689 1942 770 Quod
1990 692 2178 776 pauci
2224 690 2591 777 negabunt,
2638 686 2939 753 emendan·
3085 710 3086 733 l

583 797 740 862 dum
789 798 918 861 est:
987 796 1346 870 συνετιὶν.
1405 796 1752 881 Aliquanto
1806 797 2022 861 minus
2070 803 2315 861 certum
2366 802 2464 861 est
2510 794 2660 880 quid
2698 796 2779 858 sit
2812 789 2940 855 scri-

581 902 862 969 bendum
910 902 982 968 Β.
1030 902 1090 968 J.
1139 904 1197 967 1.
1239 901 1348 967 24.
1394 901 1453 969 Ι7.
1503 903 1885 969 Prodierunt
1936 903 2177 969 indices
2225 903 2459 968 dixisse
2506 899 2935 971 Alexandrum,

582 1011 658 1083 ὦς
723 1012 834 1075 οὐκ
897 1010 956 1073 ἐν
1019 1009 1245 1091 Ἡρώδῃ
1307 1008 1420 1074 δέοι
1471 1010 1589 1081 τὰς
1638 1009 1897 1083 ἐλπίδας
1950 1007 2156 1092 ἔχειν,
2205 1009 2541 1075 άναιδεῒ
2584 1008 2807 1087 γέροντι
2850 1000 2939 1067 καὶ

580 1115 962 1195 βαπτομένῳ
1001 1116 1118 1187 τάς
1163 1115 1383 1193 κόμας.
1436 1115 1902 1182 Dissimulabat
1949 1122 2223 1181 aetatem
2264 1115 2551 1182 Herodes
2596 1120 2659 1181 et
2704 1111 2938 1178 Alexan·

583 1224 682 1289 dri
722 1225 934 1289 verbis
983 1222 1239 1289 aculeus
1283 1226 1488 1288 inesse
1534 1223 1756 1300 debet,
1802 1222 1912 1308 qui
1951 1243 2077 1289 non
2115 1225 2282 1288 inest
2329 1225 2397 1287 in
2436 1242 2613 1288 mero
2654 1216 2940 1286 convicio:

583 1331 840 1397 άναιδεῖ.
915 1328 1185 1395 Difficile
1245 1336 1343 1396 est
1404 1332 1714 1396 coniicere
1732 1379 1750 1413 ‚
1816 1350 2010 1415 quam
2072 1328 2281 1413 lepide
2327 1330 2395 1393 in
2434 1333 2683 1414 patrem
2729 1327 2945 1390 iocatus

583 1440 669 1503 sit
689 1485 708 1515 ‚
773 1436 884 1501 sed
936 1436 1170 1522 poterit
1234 1435 1498 1502 fortasse
1565 1436 1999 1502 commendari
2056 1444 2359 1501 νεαλεῖ.
2447 1433 2696 1500 Ductus
2752 1430 2945 1497 litera·

581 1564 728 1608 rum
777 1564 902 1609 nou
947 1542 1232 1607 multum
1280 1541 1597 1608 abludunt
1640 1549 1706 1607 et
1753 1543 1957 1609 ridere
2004 1562 2341 1628 possumus
2392 1546 2649 1611 νεαλοῦς
2699 1538 2945 1618 γέροντος

581 1650 856 1717 viridem
903 1649 1013 1715 sed
1060 1647 1434 1714 simulatam
1472 1654 1885 1715 senectutem.
1934 1650 2113 1715 Idem
2158 1651 2215 1713 si
2253 1651 2418 1715 serio
2458 1648 2795 1714 dicendum
2833 1646 2945 1723 est,

581 1882 696 1947 pro
743 1861 876 1926 καὶ
931 1863 1131 1934 δῆλον.

673 2014 1022 2081 Archelaus
1057 2012 1398 2100 Cappadox
1439 2014 1706 2080 simulat
1748 2035 1883 2080 esse
1922 2036 1990 2080 se
2020 2017 2259 2081 iratum
2287 2013 2485 2091 filiae,
2518 2035 2681 2099 quae
2706 2012 2954 2081 Alexan-

583 2120 696 2187 dro
742 2127 1076 2207 nupserat,
1124 2122 1200 2187 B.
1245 2120 1305 2187 J.
1362 2122 1422 2186 1.
1471 2119 1581 2186 25.
1638 2121 1700 2186 1.
1747 2121 2155 2188 Vociferatur
2205 2128 2282 2187 ut
2332 2125 2494 2187 iram
2540 2120 2815 2187 Herodis
2850 2118 2957 2181 mi·

580 2210 784 2315 t'iget:
846 2228 1266 2307 προσθήσω
1331 2226 1395 2291 δὲ
1456 2227 1560 2292 καὶ
1628 2229 1738 2302 τὴν
1800 2228 2114 2307 θυγατέρα
2164 2250 2282 2303 μου
2329 2229 2414 2309 τῷ
2461 2228 2637 2309 καλῷ
2685 2225 2953 2304 νυμφίῳ,

583 2332 692 2399 sed
739 2333 1206 2399 emendandum
1255 2340 1385 2399 est:
1438 2333 1879 2412 προσθύσω.
1931 2333 2005 2399 B.
2029 2333 2090 2399 J.
2138 2334 2194 2398 1.
2239 2332 2415 2401 26.2
2464 2340 2617 2399 sunt
2666 2330 2955 2419 quaedam

581 2439 844 2505 fortasse
904 2460 1030 2505 non
1093 2442 1249 2505 satis
1313 2439 1646 2506 emendate
1707 2442 1944 2526 scripta
1964 2487 1980 2518 ‚
2036 2440 2149 2507 sed
2194 2439 2367 2507 malo
2414 2445 2669 2506 tamen:
2719 2441 2748 2505 ὅ
2794 2435 2953 2515 μόνος

583 2547 834 2625 εὐγενὴς
889 2544 1292 2627 Ἀλέξανδρος
1340 2546 1445 2611 καὶ
1494 2547 1599 2612 τὸν
1640 2546 1884 2626 πατέρα
1928 2546 2000 2612 δι’
2040 2546 2480 2624 εὐγένειαν
2517 2545 2745 2623 άδοξῶν
2778 2561 2953 2631 quam

579 2651 990 2731 ἀγένειαν.

672 2819 745 2884 In
813 2819 1034 2885 eadem
1104 2819 1499 2907 paragrapho
1571 2840 1797 2905 operae
1868 2823 2147 2905 pretium
2216 2827 2312 2887 est
2373 2822 2591 2888 videre
2656 2817 2958 2907 quomodo
3085 2863 3086 2866 ,

578 2927 893 3010 Josephus
964 2925 1287 2990 interdum
1312 2973 1328 3003 ,
1400 2925 1801 2992 Herodotum
1871 2926 2055 2992 credo
2123 2929 2455 3011 imitatus,
2524 2931 2589 2992 in
2664 2927 2960 2992 indirecta

580 3036 862 3099 oratione
932 3033 1010 3097 ab
1082 3035 1463 3099 accusativis
1533 3053 1681 3098 cum
1741 3031 2057 3100 infinitivo
2118 3033 2198 3098 ad
2246 3037 2677 3101 nominativos
2724 3031 2961 3099 delaba-
3085 3021 3086 3080 l

580 3146 705 3203 tur.
799 3137 860 3203 N
864 3159 899 3203 e
966 3139 1164 3203 nimis
1234 3137 1443 3204 multa
1512 3138 1921 3204 describenda
1990 3140 2118 3204 sint
2138 3187 2154 3217 ,
2226 3144 2455 3205 omitto
2525 3140 2744 3206 omnia
2813 3153 2963 3222 quae

578 3263 704 3308 non
749 3249 904 3308 sunt⁴
945 3263 1198 3328 prorsus
1243 3247 1593 3310 necessaria
1642 3243 1721 3310 ad
1768 3244 2263 3332 intelligendum
2313 3246 2466 3331 quid
2509 3244 2735 3312 velim.
2781 3245 2962 3322 Εὐρυ·
3085 3299 3086 3328 ¹

580 3357 732 3424 κλῆς
797 3349 1167 3427 προσελθών,
1233 3349 1600 3416 άντιδιδόναι
1661 3352 1731 3416 τὸ
1794 3349 1930 3432 ζῆν,
2006 3349 2318 3434 ἔφασκεν,
2382 3351 2652 3432 Ἡρώδῃ,
2721 3351 2839 3417 τῶν
2884 3347 2960 3417 εἷς
3085 3387 3086 3422 3

579 3455 767 3521 αὐτὸν
828 3456 1216 3533 εὐεργεσιῶν,
1275 3493 1358 3505 -
1409 3456 1614 3521 πάλαι
1675 3457 1801 3537 γάρ
1869 3455 1966 3520 ἐπ’
2028 3459 2217 3524 αὐτὸν
2282 3459 2600 3534 ἠκονῆσθαι
2646 3456 2831 3540 ξίφος
2882 3489 2959 3502 --
3085 3433 3086 3454 ¹

577 3561 779 3644 φάναι
829 3562 957 3643 γὰρ
1005 3562 1107 3627 τὸν
1155 3561 1555 3642 Ἀλέξανδρον
1602 3566 1679 3636 ὡς
1718 3565 1822 3628 οὐκ
1863 3565 2099 3648 άγαπᾷ
2138 3565 2533 3642 βασιλεύσας
2568 3562 2962 3643 αὐτὸς”Ηρώ·

421 3723 450 3740 .
577 3669 682 3744 3ης
732 3672 794 3733 ἐν
843 3670 1184 3748 άλλοτρίοις
1227 3707 1310 3718 -
1350 3672 1713 3749 τιμωρήσειν
1760 3695 1838 3748 γε
1889 3671 2012 3749 μὲν
2060 3671 2308 3735 αὐτὸν
2356 3679 2482 3745 τοῖς
2524 3671 2823 3752 εὙρκανοῦ
2863 3667 2960 3734 καὶ
3085 3753 3086 3762 2

576 3775 976 3853 Μαριάμμης
1026 3776 1416 3854 δαίμοσιν-
1446 3776 1579 3856 περὶ
1631 3777 1745 3853 μὲν
1796 3777 1922 3857 γὰρ
1970 3777 2287 3855 εὐγενείας
2338 3778 2546 3858 ἑτέρων
2594 3777 2817 3853 μνείας
2864 3799 2959 3854 γι-

578 3880 826 3956 νομένης
875 3889 1168 3948 ΛΤΤΟΣ
1217 3879 1462 3960 άλόγως
1516 3880 1868 3962 ὑβρίζεσθαι
1922 3921 2003 3931 -
2052 3884 2221 3949 κατὰ
2272 3883 2334 3948 δὲ
2380 3885 2501 3956 τας
2549 3885 2731 3963 θήρας
2785 3905 2961 3962 προσ-

578 3985 803 4066 κρούειν
875 3992 989 4066 μὲν
1059 3996 1457 4066 ΣΙΩΠΩΝ,
1531 3997 2035 4054 ΕΠΛΙΝΕΣΑΣ
2097 3991 2161 4054 δὲ
2224 3989 2603 4068 προσκρούειν
2664 3994 2957 4055 ΕῙΡΩΝ.

577 4091 786 4171 Hinc,
853 4096 952 4158 uti
1013 4095 1191 4162 vides
1210 4145 1227 4179 ,
1292 4093 1547 4161 difficile
1610 4100 1705 4160 est
1766 4116 1890 4162 non
1936 4099 2243 4180 suspicari
2288 4097 2515 4163 itidem
2563 4117 2696 4162 esse
2744 4095 2961 4183 legen·

578 4198 771 4264 dum:
820 4204 1178 4279 τιμωρήσειν
1225 4225 1307 4278 γε
1352 4205 1473 4276 μὴν
1524 4201 1794 4274 αὐτὸς.
1858 4201 2173 4268 Similiter
2218 4206 2651 4270 nominativus
2700 4221 2963 4287 usurpa·

575 4310 684 4372 tur
729 4305 889 4372 Bell.
937 4307 1087 4373 Jud.
1142 4310 1198 4374 1.
1253 4307 1358 4374 30.
1411 4307 1487 4374 3:
1539 4309 1741 4390 ἐρρήθη
1790 4310 1853 4375 δὲ
1902 4310 2077 4389 παρὰ
2126 4309 2361 4382 πάσαις
2390 4349 2471 4359 -
2512 4307 2823 4380 πολλάκις
2863 4307 2963 4372 τὸν

579 4414 989 4498 ’Λντίπατρον
1051 4416 1282 4496 εἶπεῒν,
1347 4419 1425 4490 ὡς
1485 4415 1672 4488 αὐτὸς
1720 4416 1835 4496 μὲν
1879 4415 1968 4491 εἴη
2018 4416 2224 4490 πολιὸς
2272 4416 2419 4498 ἤδη,
2469 4417 2664 4500 νεάζοι
2710 4417 2775 4482 δὲ
2825 4415 2961 4482 καθ’
