3150 5000
1400 251 1709 301 nucarum.
2623 225 2752 294 439

466 614 783 682 Carminis
854 615 1073 680 XXIX
1141 637 1397 683 versum
1469 614 1557 682 20
1627 618 2026 682 rectractanti
2097 615 2264 680 mihi
2333 618 2464 679 iam
2537 616 2750 680 minus

371 723 577 809 placet
647 721 1178 789 Baehrensianum
1250 723 1433 788 ceine’
1495 743 1648 790 nam
1707 723 1806 786 hic
1864 741 2205 807 pronomen
2270 721 2478 787 multo
2535 723 2747 807 magis

374 830 922 896 accommodatum
972 835 1067 895 est
1127 829 1265 896 loco
1326 851 1517 916 quam
1579 831 1668 908 ie,
1733 829 1896 914 quod
1956 828 2058 894 vel
2120 849 2198 894 ex
2257 850 2321 896 v.
2382 827 2464 894 21
2523 827 2752 913 liquet.

374 937 616 1003 accedit
682 936 809 1002 huc
876 935 1045 1020 quod
1106 937 1509 1003 festinantius
1570 956 1951 1025 negaveram
2015 935 2188 999 hicne
2247 937 2463 998 haecne
2509 933 2750 999 similia

375 1043 541 1128 apud
588 1042 847 1108 Latinos
892 1045 1225 1127 scriptores
1272 1047 1503 1108 extare.
1555 1043 1922 1127 Propertius
1967 1047 2132 1108 certe
2177 1042 2369 1107 habet
2417 1040 2502 1107 lV
2549 1040 2658 1126 (V)
2710 1039 2750 1104 3

378 1149 459 1214 11
510 1151 724 1214 haecne
768 1151 999 1214 marita
1046 1146 1239 1213 fides?
1298 1157 1363 1214 et
1406 1150 1670 1214 fortasse
1717 1151 1910 1214 etiam
1960 1148 2217 1213 aliunde
2265 1146 2556 1232 exempla
2603 1168 2752 1232 sup·
2849 1144 2854 1148 ’

374 1255 768 1341 peditabunt.
813 1255 916 1320 his
960 1261 1287 1340 permotus
1330 1256 1711 1333 rationibus,
1761 1273 1996 1321 1111101111
2040 1275 2152 1340 pro
2191 1275 2264 1320 eo
2302 1253 2466 1338 quod
2509 1254 2754 1320 codices

374 1362 611 1429 habent
678 1365 835 1426 hunc
898 1353 1115 1428 rursus
1184 1361 1427 1447 prolato
1489 1363 1727 1428 iudicia
1791 1367 2075 1429 virorum
2136 1363 2466 1429 doctorum
2525 1361 2754 1426 saltem

264 1473 269 1476 ’
369 1470 792 1555 periclitabor.
824 1505 905 1519 —
933 1469 1098 1555 quod
1147 1469 1225 1534 ad
1276 1490 1527 1535 carmen
1575 1467 1746 1536 CXV
1794 1471 2056 1546 attinet,
2099 1473 2230 1535 iam
2274 1469 2458 1535 video
2499 1467 2760 1534 Schwa-
2869 1467 2880 1480 “

371 1577 556 1642 bium
618 1573 859 1642 Catulli
920 1577 1203 1641 carmina
1259 1579 1495 1642 iterum
1562 1576 1851 1644 edentem
1915 1575 2217 1656 (Berolini
2263 1567 2750 1661 Mn'ocohxxxvl)

371 1688 662 1749 nostrum
724 1683 878 1746 alter
942 1686 1007 1747 et
1062 1683 1276 1767 ipsum
1342 1685 1712 1758 coniecisse3
1758 1683 1866 1748 sed
1915 1683 2279 1749 dubitanter
2323 1682 2597 1750 eundem
2645 1688 2709 1746 et

374 1791 499 1854 nisi
560 1788 767 1873 fallor,
820 1788 1315 1874 imprudentem.
1379 1809 1527 1852 narn
1578 1795 1642 1852 et
1687 1791 1753 1852 in
1800 1795 1980 1854 textu
2027 1790 2216 1855 habet
2261 1790 2549 1853 maximus
2595 1791 2754 1852 ultro

373 1901 449 1961 ut
492 1916 640 1962 eum
690 1899 979 1980 apertum
1030 1897 1117 1958 sit
1166 1896 1359 1960 etiam
1409 1915 1597 1960 suum
1647 1897 1804 1960 alter
1850 1917 1996 1961 cum
2045 1898 2126 1960 iis
2173 1917 2332 1981 quae
2377 1896 2754 1982 praecedant

376 2005 896 2078 coniuncturum,
947 2009 1011 2066 et
1058 1999 1135 2065 de
1178 2001 1485 2086 Pompeio
1531 2001 1698 2087 quod
1741 2004 2101 2068 maximum
2141 2009 2241 2068 est
2275 2001 2442 2067 nihil
2481 2022 2749 2086 usquam
2867 2049 2874 2062 .

376 2110 551 2174 dicit.
616 2129 741 2194 qua
782 2127 848 2172 re
894 2127 1017 2174 non
1063 2107 1331 2172 concedo
1380 2109 1438 2172 ei
1483 2107 1658 2172 idem
1706 2113 1896 2193 atque
1941 2128 2055 2173 nos
2103 2110 2419 2176 invenisse
2465 2107 2573 2174 sed
2622 2129 2756 2174 eas·

376 2215 522 2280 dem
572 2219 823 2280 tantum
868 2213 1137 2280 litteras.

469 2448 605 2516 Iam
652 2448 897 2515 Luem
942 2448 1099 2514 duos
1143 2447 1311 2514 locos
1359 2449 1694 2538 corrigam.

468 2558 690 2691 Phars.
741 2555 835 2621 ΙΙΙ
871 2576 1092 2621 versus
1134 2552 1492 2623 277—279
1545 2558 1664 2622 hoc
1711 2558 1927 2624 ordine
1971 2558 2310 2646 leguntur.

694 2682 940 2749 quaque
990 2662 1221 2727 fretum
1272 2670 1509 2728 torrens
1556 2662 1912 2729 Maeotidos
1958 2668 2162 2754 egerit
2209 2666 2410 2732 11111188
2499 2721 2504 2731 .

696 2768 939 2834 Pontus
985 2774 1049 2833 et
1096 2766 1429 2835 Herculeis
1476 2770 1762 2836 aufertur
1808 2772 2012 2860 gloria
2060 2775 2250 2837 metis

696 2875 1139 2962 Oceanumque
1185 2881 1381 2963 negat
1427 2876 1592 2943 solas
1640 2878 1977 2944 admittere
2025 2877 2255 2947 Gades.

378 3004 597 3061 sensu,
664 2985 718 3048 si
779 2982 931 3067 quid
979 2983 1201 3060 vide0,
1251 2981 1446 3047 1111110.
1499 2989 1984 3069 transponantur
2034 2987 2238 3073 igitur
2282 2990 2448 3054 inter
2498 3010 2564 3054 se
2611 3009 2751 3055 ver-

381 3110 488 3155 sus
535 3096 598 3156 et
642 3088 709 3155 in
755 3089 925 3155 hunc
974 3082 1237 3155 modum
1286 3092 1850 3177 interpungantur;
1903 3091 2064 3157 nihil
2111 3092 2363 3159 facilius
2410 3098 2563 3160 erit:

577 3232 587 3244 ι
701 3216 949 3281 quaque
993 3195 1230 3261 fretum
1278 3210 1517 3261 torrens
1564 3196 1922 3263 Maeotidos
1968 3201 2171 3287 egerit
2214 3200 2440 3280 undas,

700 3302 1145 3388 Oceanumque
1193 3311 1385 3390 negat
1432 3305 1597 3369 solas
1643 3305 1978 3371 admittere
2026 3302 2236 3371 Gades
2534 3308 2664 3377 279

700 3410 972 3487 Pontus,
1024 3416 1089 3473 et
1136 3410 1470 3475 Herculeis
1516 3411 1802 3476 aufertur
1846 3410 2053 3499 gloria
2102 3414 2310 3479 metis.
2533 3414 2664 3481 278

384 3519 511 3583 iam
564 3516 840 3583 Weisius
886 3522 1285 3602 perspexerat
1330 3524 1503 3598 nequi
1550 3517 1627 3581 ad
1677 3518 1927 3582 Pontum
1976 3526 2255 3604 spectare
2303 3522 2410 3586 sed
2465 3522 2757 3608 perplexe

298 3669 306 3682 -
383 3625 553 3690 idem
618 3626 1001 3689 enuntiando
1062 3623 1225 3689 nihil
1287 3624 1710 3708 expediverat.
1773 3626 1884 3691 vix
1933 3646 2088 3709 opus
2135 3632 2230 3691 est
2279 3625 2484 3692 dicere
2514 3630 2758 3712 fretum

384 3738 613 3795 torrens
660 3728 1085 3796 Cimmerium
1133 3730 1485 3815 Bosporum
1536 3750 1706 3815 esse,
1755 3731 1831 3795 de
1880 3752 2004 3816 quo
2053 3754 2198 3797 cum
2237 3734 2397 3800 freto
2439 3732 2755 3802 Gaditano

387 3843 748 3923 comparato
811 3837 960 3901 audi
1022 3836 1101 3900 ad
1167 3836 1333 3900 hunc
1392 3836 1604 3901 locum
1669 3836 2054 3903 Bentleium.
2109 3846 2401 3905 “secutus
2447 3844 2608 3920 est’',
2655 3846 2757 3907 111-

387 3945 565 4029 quit,
618 3942 950 4009 “Lucanus
998 3964 1214 4007 eorum
1265 3945 1374 4027 qui
1420 3941 1616 4006 multi
1660 3950 1837 4008 erant
1882 3946 2239 4029 opinionem
2290 3949 2400 4031 qui
2437 3946 2758 4015 Oceanum

385 4048 763 4136 Scythicum
826 4051 894 4114 in
958 4048 1284 4113 Maeotida
1327 4047 1664 4133 paludem,
1715 4056 1780 4115 et
1824 4051 1970 4116 inde
2017 4053 2084 4115 in
2129 4052 2453 4119 Euxinum
2503 4062 2567 4121 et
2614 4054 2759 4122 Me-

384 4154 810 4220 diterraneum
880 4153 1142 4220 influere
1210 4154 1535 4239 putabant.
1600 4154 1765 4221 Plin.
1829 4155 2002 4224 Hist.
2072 4158 2133 4223 2.
2204 4158 2287 4227 67
2496 4213 2511 4227 .
2583 4162 2751 4229 hunc

386 4261 617 4329 Oceani
664 4264 1077 4347 irrumpentis
1125 4261 1378 4327 alveum
1416 4260 1650 4346 fretum
1697 4270 1925 4327 torrem
1973 4264 2316 4350 appellat.”
