3150 5000
987 261 1398 314 mnomeu
1440 262 1782 314 nurum.
2448 241 2579 308 367

199 427 325 510 γὰρ
386 439 668 513 πυκινῇσι
730 428 1080 508 μεληδόσιν.
1148 429 1380 498 Paullo
1436 430 1604 512 infra
1649 429 1794 517 (20)
1843 434 1940 495 est
1987 427 2066 496 de
2114 431 2578 515 Aristophane:

198 535 796 615 συνιστάμεναι
854 536 916 602 δὲ
965 527 1313 619 παρειαῖ
1362 536 1389 618 ΙΙ
1438 535 1643 617 ὦνέρος
1692 535 2127 618 ὥμφιέλισσαν
2175 533 2579 614 ἐμαντεύοντο

194 643 492 720 μενοινήν.
560 643 651 710 Ut
710 643 817 710 hio
877 643 1042 709 dixit
1100 642 1309 710 κύκλα
1364 650 1618 724 παρειΐὶς
1666 663 1780 729 pro
1827 645 2080 729 παρειή,
2133 645 2228 709 ita
2273 645 2438 710 infra
2485 664 2578 708 vs-

200 748 327 814 136
393 749 471 815 de
530 749 807 816 Hercule
867 751 1090 815 κύκλον
1140 751 1365 825 ὑπήνης
1415 771 1529 835 pro
1576 751 1806 824 ὑπήνην
1853 749 1964 836 (ef.
2016 747 2176 836 194)
2225 755 2288 816 et
2332 771 2396 814 v.
2447 747 2578 814 301

195 856 270 921 de
306 855 633 922 Mercurio
670 857 893 922 κύκλον
931 860 1179 932 ὀπωπῆς
1218 877 1333 943 pro
1372 857 1642 932 ὀπωπήν.
1691 857 1792 921 Ad
1829 855 2101 923 formam
2134 856 2582 924 heteroclitam

193 963 401 1027 κύκλα
448 983 525 1028 ex
570 962 961 1051 Anthologia
1006 963 1425 1049 comparanda
1472 969 1622 1028 sunt
1667 961 1890 1042 θύρσοι,
1932 961 2256 1046 δάκτυλα,
2301 960 2581 1044 χαλινοὶ,

192 1070 398 1148 στίχοι
458 1067 624 1134 faeta
664 1069 743 1134 ad
780 1069 1149 1156 exemplum
1190 1075 1593 1136 vetustarum
1635 1069 1984 1134 formarum
2028 1067 2232 1148 δεσμοὶ
2251 1120 2269 1142 ,
2317 1067 2582 1144 σταθμοί

193 1180 255 1240 et
320 1183 493 1240 σῖτα.
545 1211 633 1226 --·
678 1175 953 1242 Omnino
1020 1175 1229 1242 multa
1292 1179 1361 1241 in
1424 1178 1712 1242 versione
1755 1174 1987 1242 Latina
2031 1179 2440 1262 reperiuntur
2487 1198 2582 1244 re·

192 1281 651 1366 prehendenda.
702 1281 810 1348 Sic
856 1305 918 1350 v.
968 1281 1101 1349 299
1149 1303 1305 1369 sqq„
1354 1282 1466 1347 ubi
1516 1287 1613 1348 est
1658 1281 1738 1349 de
1781 1282 2140 1352 Mercurio:

1853 1386 1998 1469 εἶχε
2045 1389 2176 1470 γὰρ
2221 1391 2330 1467 ἤδη

464 1493 657 1568 δεξιὸν
702 1494 1050 1577 ὀκλάζοντα
1100 1494 1225 1560 θοὸν
1272 1494 1467 1579 πόδα,
1518 1495 1622 1576 »rep
1670 1493 1810 1560 ἔπι
1861 1497 2044 1571 λαιῆν

465 1611 651 1684 ’χεῖρα
698 1604 976 1678 ταθεὶς
1024 1601 1383 1680 ἀνέπεμπεν
1433 1602 1492 1674 ἐς
1542 1600 1753 1681 αἰθέρα
1799 1601 2021 1667 κύκλον
2065 1603 2317 1677 ὀπωπῆς
2343 1652 2359 1682 ,

190 1710 589 1794 ineptissime
637 1712 911 1776 vertitur
952 1727 1099 1787 „cm
1136 1695 1460 1774 sinistram
1501 1729 1768 1774 manum
1807 1707 2188 1794 ἐπεπείθεθ’,
2231 1709 2384 1776 lieet
2419 1731 2582 1796 quae

192 1823 415 1898 poetae
461 1836 641 1882 mens
688 1817 884 1882 fuerit
928 1819 1061 1881 iam
1108 1836 1235 1882 non
1280 1815 1545 1881 latuerit
1591 1812 1934 1901 Grotium,
1983 1815 2458 1904 elegantissime
2506 1825 2582 1885 ut

192 1921 439 1988 solebat
485 1927 836 1989 vertentem

556 2017 560 2024 ’
1566 2029 1699 2094 iam
1748 2028 1990 2114 poplite
2036 2029 2257 2095 dextro

511 2138 742 2204 nititur
787 2136 1189 2215 incumbens,
1240 2157 1467 2209 manus
1515 2141 1613 2202 est
1659 2140 1958 2222 protenta
1993 2137 2270 2202 sinistra.

194 2240 335 2307 Non
384 2241 651 2308 meliora
697 2245 971 2327 reperies
1018 2264 1153 2328 cap.
1202 2241 1288 2307 IV
1338 2241 1401 2321 3,
1451 2242 1572 2308 51:

513 2349 617 2412 καὶ
668 2349 861 2430 λόφον
908 2350 1234 2430 αὐχήεντα
1282 2349 1885 2428 καταγνάμπτουσα
1934 2349 2254 2428 τενόντων,

191 2455 234 2517 i.
258 2476 313 2519 e.
362 2458 419 2521 si
465 2456 879 2541 interpretem
926 2457 1227 2522 audimus
1275 2462 1382 2535 „et
1428 2458 1689 2522 cristam
1737 2457 2076 2543 superbam
2121 2455 2432 2524 inclinans
2471 2459 2578 2524 aab

192 2562 520 2640 cmicm’',
580 2562 733 2628 lieet
781 2569 999 2649 poeta,
1049 2565 1159 2648 qui
1204 2562 1590 2648 pleonastiee
1638 2561 1804 2627 dixit
1849 2563 2042 2642 λόφος
2091 2564 2379 2630 τενόντων
2399 2612 2416 2642 ,
2469 2585 2581 2631 vo·-

188 2666 380 2735 luerit
445 2676 552 2746 „et
612 2670 949 2754 superbam
1012 2668 1321 2735 inclinans
1366 2668 1748 2735 cervicem.’'
1796 2668 1930 2758 Nee
1977 2670 2172 2756 probo
2219 2672 2386 2756 quod
2435 2691 2578 2756 cap.
2697 2709 2710 2721 -

192 2772 250 2837 V
301 2774 457 2852 263,
507 2774 549 2839 3
588 2778 657 2840 in
702 2776 805 2841 his
850 2777 1191 2864 Asamum
1235 2776 1560 2855 versibus:

326 2881 463 2947 Λίεὶ
512 2882 587 2945 σὺ
636 2880 903 2962 φθονέεις
953 2882 1019 2968 (ο
1064 2882 1324 2969 lychno)
1372 2891 1451 2961 τῇ
1499 2882 1792 2963 Κύπριδι,
1841 2882 1946 2947 καὶ
1996 2882 2122 2964 γὰρ
2174 2879 2259 2947 ὅθ’
2309 2885 2460 2966 Ἡρῶ

417 2986 639 3069 ἥρμοσε
689 2988 997 3069 Λειάνδρῳ
1047 3039 1062 3053 .
1094 3037 1109 3053 .
1140 3040 1153 3053 .
1203 2988 1392 3065 θυμέ,
1443 2990 1513 3052 τὸ
1561 2989 1774 3054 λοιπὸν
1820 2989 1918 3057 ἔα.

195 3097 384 3159 vertit
462 3106 702 3179 „quum
773 3096 947 3160 Hero
1016 3118 1077 3159 se
1138 3096 1340 3159 ium-it
1402 3095 1733 3161 Leandro”
1796 3118 1920 3162 non
1988 3095 2368 3185 intellegens
2411 3096 2575 3177 Ἠρῶ

196 3218 323 3265 esse
385 3202 846 3266 Accusativum
908 3208 971 3265 et
1036 3202 1213 3266 verbi
1277 3201 1498 3281 ἥρμοσε
1550 3202 1912 3269 subiectum
1959 3224 2094 3269 esse
2137 3200 2402 3283 Κύπριςῐ
2444 3203 2578 3270 Nee

196 3305 399 3371 multo
443 3306 569 3371 fuit
612 3306 861 3371 felicior
905 3306 1045 3384 VII,
1097 3305 1250 3384 606,
1306 3306 1385 3372 3:

372 3411 617 3489 τύμβον
662 3412 797 3491 ἔχει
848 3414 1143 3495 Θεόδωρος
1191 3415 1305 3479 ἐπ’
1352 3414 1624 3482 ἐλπίδι
1673 3414 2047 3497 κρέσσονι
2095 3417 2378 3499 μοίρης

370 3518 581 3596 ὄλβιος
628 3520 687 3583 ἐν
738 3518 1082 3599 καμάτοις,
1130 3518 1339 3599 ὄλβιος
1388 3523 1449 3586 ἐν
1500 3520 1742 3605 θανάτῳ

197 3623 609 3712 interpretans
660 3650 829 3705 „eum
874 3648 976 3711 spe
1018 3628 1259 3692 mebiore
1305 3650 1479 3715 quam
1518 3628 1772 3717 fatum”
1816 3648 1932 3713 pro
1975 3650 2076 3713 epe
2120 3630 2358 3694 meliore
2402 3630 2571 3717 sati,

198 3729 240 3792 i.
266 3751 319 3796 e.
374 3756 475 3817 epe
516 3734 663 3819 fati
720 3735 1035 3811 melior-iss
1070 3738 1147 3799 ut
1192 3743 1360 3801 recte
1406 3738 1762 3822 praeiverat
1807 3733 2094 3803 Grotius.
2141 3733 2240 3803 Cf.
2292 3738 2577 3803 eiusdem

198 3832 399 3904 PAULI
443 3840 781 3905 Silentiarii
832 3843 1033 3929 epigr.
1079 3839 1246 3907 609:

462 3946 747 4018 Ἀττικὸς
797 3947 856 4018 ἐς
905 3944 1140 4023 ξυνήν
1186 3973 1270 4026 με
1318 3947 1665 4030 παναγρέος
1715 3947 2021 4014 ἐλπίδα
2067 3950 2352 4029 μοίρης

461 4052 626 4134 θυμῷ
677 4056 990 4133 θαρσαλεῷ
1041 4052 1154 4135 ζῶν
1202 4054 1491 4135 ἕλαχηνε,
1528 4055 1760 4136 τάφον.

203 4150 335 4219 Non
393 4161 603 4246 mag-is
666 4160 1060 4226 admittenda
1124 4162 1410 4227 eiusdem
1472 4163 1913 4248 interpretatio
1968 4162 2083 4239 VI,
2143 4162 2294 4241 104,
2353 4162 2414 4241 5,
2465 4165 2579 4228 ubi

204 4258 555 4345 βουστρόφα
602 4265 805 4345 δεσμὰ
848 4266 1238 4332 τενόντων
1280 4272 1473 4335 vertit
1519 4269 1815 4353 „vincula
1854 4268 2154 4347 crurum'’,
2186 4289 2574 4355 quamquam

206 4370 429 4451 optime
474 4372 599 4436 iam
652 4369 917 4441 Grotius
967 4378 1073 4453 „et
1120 4375 1416 4440 stimulos
1462 4377 1736 4462 colloque
1780 4376 1976 4442 boves
2024 4378 2340 4443 versantia
2377 4374 2578 4443 lora.”
