3150 5000
583 288 712 356 156
1557 306 1985 357 mmmm.
2032 284 2041 297 ‘

569 478 804 558 suasit,
854 478 966 559 qui
1001 480 1340 560 postquam
1381 476 1803 559 interpretum
1844 477 2233 561 suspiciones
2272 478 2657 561 percensuit,
2700 474 2951 541 tandem

571 602 644 647 eo
706 580 960 648 devenit
1019 587 1095 645 ut
1155 579 1629 646 commendaret
1696 579 1820 646 οὐδ’
1886 582 2211 657 άσπαςῆν,
2282 580 2449 666 quod
2495 584 2605 646 vix
2656 583 2951 665 cuiquam

569 688 815 773 placere
877 690 1128 772 poterit.
1193 686 1316 753 Sed
1379 688 1535 772 quid
1582 687 1837 752 tandem
1884 688 2041 753 dicit
2088 685 2425 753 Brasidas?
2474 685 2645 752 Illud
2698 690 2951 772 opinor:

568 816 689 861 non
739 794 903 859 mihi
950 795 1131 860 vobis
1177 792 1394 859 afferre
1432 794 1651 859 videor
1696 816 1913 857 meram
1954 794 2287 857 libertatem
2310 841 2326 871 ,
2368 794 2494 857 nisi
2528 813 2751 858 omnes
2790 791 2955 857 fideli

569 902 900 968 concordia
961 902 1415 965 consociavero.
1481 898 1567 963 Et
1628 899 1945 984 quomodo
2011 920 2253 965 meram
2303 899 2669 965 libertatem
2718 896 2955 965 Graece

570 1004 1004 1093 appellamus?
1061 1005 1284 1071 Nonne
1347 1002 1811 1086 άκραιφνῆῗ
1876 1005 2083 1072 Nemo
2129 1011 2296 1071 certe
2342 1005 2595 1093 rogabit
2644 1003 2957 1090 quomodo

569 1111 870 1181 confundi
917 1114 1159 1198 possint
1206 1111 1520 1178 adiectiva
1567 1110 1914 1195 ἀκραιφνὴς
1961 1114 2029 1178 et
2072 1111 2355 1194 ἀσαφής.

661 1324 814 1411 Cap.
861 1324 949 1389 IV
995 1322 1110 1389 93:
1158 1323 1534 1401 τεταγμένοι
1576 1320 1776 1402 ὥσπερ
1817 1321 2079 1400 ἔμελλον
2118 1323 2489 1410 planissime
2526 1323 2680 1389 ferri
2716 1324 2959 1409 nequit,

569 1440 636 1501 et
681 1452 878 1518 quum
931 1435 1231 1515 sequatur
1277 1427 1661 1496 vocabulum
1716 1430 1972 1496 ὃπλῖται
1996 1478 2014 1509 ,
2061 1438 2315 1516 propter
2369 1432 2438 1495 τὸ
2504 1431 2959 1507 ὃμοιοτέλευτσν

567 1541 802 1629 poterit
827 1537 1133 1601 excidisse
1158 1536 1360 1601 videri
1402 1536 1441 1613 ξ
1457 1561 1573 1601 υνι
1596 1535 1792 1602 έναι.
1826 1537 2269 1603 Necessarium
2296 1544 2391 1602 est
2415 1528 2689 1603 inserere
2712 1537 2815 1602 IV
2841 1536 2956 1603 98:

571 1644 857 1713 Βοιωτοὺς
904 1642 1258 1728 (αὐτοὺς)
1305 1642 1410 1707 καὶ
1459 1642 1600 1714 τοὺς
1650 1644 1917 1713 πολλοὺς
1968 1645 2085 1708 τῶν
2134 1643 2381 1720 ἄλλων,
2422 1643 2531 1708 sed
2570 1643 2781 1709 levem
2830 1663 2959 1708 rem

569 1753 764 1821 verbo
809 1750 1210 1815 adnotavisse
1255 1751 1411 1813 satis
1465 1755 1578 1814 est.
1628 1748 1831 1814 Paulo
1879 1752 2139 1836 gravior
2178 1758 2277 1814 est
2318 1749 2675 1835 corruptela
2708 1770 2764 1815 c.
2814 1748 2959 1823 101,

570 1860 648 1927 de
709 1878 835 1942 qua
893 1861 970 1920 ut
1030 1856 1231 1940 possit
1291 1862 1611 1932 constare,
1663 1858 1947 1940 primum
1998 1856 2444 1922 recurrendum
2498 1866 2594 1921 est
2644 1854 2721 1921 ad
2774 1860 2961 1939 caput

573 1964 681 2031 77.
728 1962 1184 2028 Demosthenes
1231 1960 1548 2045 profectus
1594 1970 1691 2027 est
1738 1962 2161 2048 quadraginta
2207 1962 2477 2027 navibus
2525 1961 2958 2046 Naupactum,

571 2078 646 2139 ut
716 2092 794 2136 ex
854 2067 988 2133 illis
1048 2066 1204 2133 locis
1265 2070 1614 2132 exercitum
1679 2069 1805 2132 sibi
1854 2074 2247 2153 compararet
2298 2066 2687 2145 Ἀκαρνάνων
2735 2090 2809 2131 τε
2860 2064 2959 2129 καὶ

569 2185 685 2244 τῶν
736 2176 944 2241 ἄλλων
980 2172 1342 2254 ξυμμάχων
1381 2173 1600 2260 itaque
1638 2182 1886 2259 praeter
1928 2178 2287 2243 Acarnanas
2323 2174 2616 2239 adsciscit
2650 2170 2961 2238 Oeniadas

571 2294 636 2351 et
681 2286 992 2370 Agraeos:
1061 2299 1284 2363 operae
1330 2282 1608 2364 pretium
1656 2286 1753 2345 est
1798 2283 1937 2365 ipsa
1982 2280 2380 2367 Thucydidis
2428 2281 2621 2345 verba
2670 2280 2957 2345 conside-

569 2407 742 2455 rare:
811 2384 1107 2456 Οἰνιάδας
1169 2384 1220 2448 δ’
1284 2382 1402 2449 ὑπό
1463 2411 1534 2450 τε
1585 2384 1969 2465 Ἀκαρνάνων
2022 2388 2269 2452 πάντων
2318 2386 2959 2462 κατηναγκασμένους

571 2495 960 2573 καταλαβὼν
1019 2492 1080 2566 ἐς
1141 2492 1250 2565 τὴν
1312 2492 1645 2568 Ἀθηναίων
1692 2490 2073 2575 ξυμμαχίαν
2123 2494 2227 2558 καὶ
2281 2494 2465 2564 αὐτὸς
2516 2490 2851 2565 άναςιὶσας
2896 2488 2959 2554 τὸ

570 2601 979 2682 ξυμμαχικὸν
1040 2600 1110 2665 τὸ
1159 2601 1352 2682 ἐκείνῃ
1401 2603 1566 2678 ποῖν,
1618 2600 1717 2664 ἐπὶ
1772 2603 2107 2666 Σαλύνθιον
2158 2600 2261 2664 καὶ
2313 2600 2645 2679 ’Λγραίους
2692 2597 2955 2678 :pared-

571 2736 689 2786 σας
752 2716 980 2788 πρῶτον
1044 2709 1146 2771 καὶ
1212 2709 1777 2786 προσποιησάμενος
1838 2702 2057 2773 τᾶλλα
2120 2707 2511 2788 ἡτοιμάζετο.
2562 2707 2786 2792 Itaque
2840 2707 2953 2772 De·

568 2817 967 2884 mosthenem
1013 2817 1145 2878 iam
1190 2814 1617 2899 sequebantur
1662 2813 2093 2892 Athamanes,
2146 2811 2493 2896 Oeniadae,
2543 2816 2823 2900 Agraei:
2866 2833 2959 2877 res

569 2931 740 2993 certa
804 2928 901 2988 est
961 2926 1027 2986 et
1087 2926 1352 2985 constat.
1416 2920 1581 2985 Aliis
1642 2919 1871 2986 multis
1916 2921 2308 3006 interpositis
2354 2919 2521 2985 redit
2566 2921 2843 3002 scriptor
2886 2917 2957 2982 ad

568 3029 1060 3098 Demosthenem
1135 3047 1186 3091 c.
1256 3024 1419 3090 lOl:
1485 3023 1648 3107 ἔχων
1712 3028 1816 3091 τὸν
1882 3032 2103 3108 ςρατὸν
2165 3027 2264 3091 ἐπὶ
2331 3033 2447 3091 τῶν
2496 3031 2673 3108 νεῶν,
2722 3029 2845 3087 τῶν
2895 3047 2957 3086 τε

574 3134 962 3214 Ἀκαρνάνων
1044 3132 1147 3196 καὶ
1226 3129 1536 3210 ’Λγραίων
1606 3133 1710 3197 καὶ
1786 3134 2120 3207 Ἀθηναίων
2189 3133 2615 3212 τετρακοσίους
2688 3131 2959 3200 ὁπλίτας

569 3239 890 3318 ἀπόβασιν
937 3239 1284 3311 ἐποιήσατο.
1348 3235 1474 3303 Sed
1537 3239 1793 3304 videsne
1840 3239 2265 3324 supplendum
2315 3261 2449 3306 esse
2490 3237 2594 3304 καὶ
2645 3236 2959 3317 ’Amata-ns
3087 3307 3088 3310 Ἴ

567 3347 730 3435 (καὶ
799 3344 1144 3412 Οίνιαδῶ
1163 3347 1238 3430 ν).
1299 3344 1376 3409 In
1434 3343 1673 3410 unciali
1735 3348 2047 3430 scriptura
2108 3346 2366 3412 evidens
2430 3365 2619 3412 causa
2668 3349 2799 3422 est,
2852 3362 2961 3408 cur
3087 3329 3088 3360 ¹

570 3460 718 3521 ante
765 3451 869 3516 καὶ
919 3451 1250 3525 Ἀθηναίων
1296 3451 1604 3517 exciderit
1653 3451 1783 3515 καὶ
1840 3451 2263 3516 Οίνιαδῶν.

662 3666 814 3752 Gap.
887 3666 1047 3731 102:
1113 3663 1270 3746 ἔχων
1335 3666 1473 3740 τοὺς
1535 3666 1663 3732 ἐπὶ
1732 3668 1977 3752 Θράκης
2042 3664 2462 3752 ξυμμάχους,
2508 3671 2791 3753 praestat
2840 3665 2957 3732 nisi

571 3771 759 3840 fallor
819 3771 978 3838 άπό
1041 3778 1106 3838 et
1166 3793 1221 3838 o.
1287 3772 1447 3838 104:
1496 3775 1674 3845 τῆςδε
1723 3772 2076 3852 διαβάσεως
2124 3776 2315 3840 αὐτοῦ
2366 3773 2545 3855 ἄφνω
2594 3782 2721 3839 τοῖς
2770 3776 2833 3838 ἐν
2882 3781 2955 3852 τῇ

520 3879 745 3971 ,πόλει
815 3877 1424 3958 γεγενημένης,
1499 3879 1659 3945 scire
1716 3879 1917 3947 velim
1990 3881 2143 3965 quid
2210 3901 2312 3946 me
2382 3881 2639 3947 tandem
2689 3884 2957 3948 retinere

568 3985 834 4062 debeat,
901 3987 1240 4069 quominus
1301 3987 1618 4074 corrigam
1688 3985 2243 4064 ἧγγελμένης.
2316 3985 2593 4053 Ibidem:
2664 3987 2955 4066 ἐβούλετο

565 4091 812 4170 Φθάσαι
872 4090 1117 4168 μάλιςα
1180 4091 1295 4168 μὲν
1355 4094 1465 4164 τὴν
1529 4092 1921 4171 Ἀμφίπολιν
1969 4093 2107 4172 πρίν
2152 4116 2213 4156 τι
2267 4092 2563 4168 ἐνδοῦναι,
2616 4094 2671 4159 εἰ
2722 4094 2785 4158 δὲ
2834 4093 2955 4168 μή,
3080 4093 3082 4126 ³

565 4202 705 4275 τὴν
779 4197 1022 4262 Ηῖόνα
1093 4196 1637 4278 προκαταλαβῶν,
1707 4199 2037 4290 inserenda·
2100 4205 2199 4263 est
2268 4198 2617 4283 particula:
2686 4202 2831 4274 τήν
2894 4196 2955 4274 γ’

567 4306 840 4372 Ηίόνα.
912 4303 1199 4368 Necdum
1271 4304 1501 4370 abiicio
1571 4305 1741 4388 quod
1807 4304 1962 4370 olim
2028 4307 2386 4390 suspicatus
2450 4325 2619 4369 eram
2688 4325 2742 4370 c.
2796 4302 2951 4370 110:

567 4411 779 4485 νυκτὸς
830 4408 920 4475 ἔτι
968 4410 1187 4474 κατά
1234 4409 1315 4474 τὸ
1363 4411 1684 4490 περίορθ
1704 4433 1829 4490 ρον
1876 4431 2009 4476 esse
2057 4410 2403 4498 legendum
2452 4430 2567 4498 pro
2612 4411 2827 4482 νυκτὸς
2868 4409 2949 4475 ἔτι
