3150 5000
545 287 671 354 192
1057 347 1060 350 Α
1576 305 1897 358 nemus·

533 473 628 539 ita
672 477 748 538 ut
792 473 1122 550 coniicias,
1171 472 1261 540 σοὶ
1311 476 1497 539 ταῦτ’
1545 479 1659 539 aut
1704 476 1887 540 ταῦτ’
1936 468 2035 540 οὖν
2080 473 2137 538 σ’
2178 495 2311 540 esse
2349 472 2698 561 legendum
2716 522 2732 551 ,
2782 493 2925 540 oum

534 582 909 664 praesertim
969 600 1234 665 sequens
1294 600 1543 665 quoque
1601 601 1821 647 versus
1866 584 2200 666 corruptus
2249 579 2329 646 ad
2376 599 2490 646 nos
2538 581 2921 665 pervenerit3

536 687 774 752 vitium
836 692 1048 752 tamen
1097 691 1194 754 est
1239 689 1615 772 antiquum,
1666 707 1813 753 nam
1854 687 1934 753 ’σὲ
1983 687 2045 752 δὲ
2092 689 2331 752 citatur
2382 690 2447 751 in
2494 685 2691 753 schol„
2738 684 2927 771 Soph.

534 789 633 856 El.
686 789 834 863 147.
908 791 1002 859 De
1047 792 1441 879 Lysistratae
1487 813 1676 860 versu
1724 797 2018 879 corrupto
2066 791 2197 859 509
2246 798 2453 859 tacere
2500 796 2805 877 praestat.
2848 791 2851 794 ’

625 990 876 1058 Tertiae
922 1011 1071 1058 vero
1118 1010 1418 1076 personae
1466 990 1724 1057 dativus
1769 1014 1845 1057 roa
1894 992 2009 1058 ubi
2053 970 2170 1076 per
2213 988 2545 1057 elisionem
2595 991 2925 1074 pronunci-

530 1098 733 1166 andus
777 1102 940 1176 erat,
995 1101 1404 1164 evaneseente
1450 1097 1637 1162 litera
1684 1097 1925 1164 aeolica
1963 1116 2217 1182 prorsus
2255 1096 2740 1163 obliterabatur.
2784 1094 2924 1160 Uno

534 1211 752 1272 tamen
813 1209 878 1270 et
941 1203 1139 1270 altero
1199 1201 1337 1269 loeo
1399 1205 1675 1268 exitium
1739 1203 1983 1291 effugit.
2069 1201 2178 1268 Sic
2241 1206 2269 1268 ο
2339 1201 2468 1266 105
2538 1222 2687 1267 cum
2759 1201 2929 1286 apud

535 1307 772 1377 omnes
810 1309 975 1394 fere,
1033 1313 1236 1374 metro
1299 1311 1537 1386 invito,
1586 1293 1869 1396 'legatur
1932 1308 2041 1373 ἔνθ’
2104 1307 2253 1373 ἔσαν
2324 1309 2459 1393 (ν)οι
2525 1305 2791 1384 πέπλοι,
2863 1308 2927 1370 in

536 1416 749 1482 codiee
812 1415 1140 1482 Marciano
1189 1435 1380 1481 verus
1426 1414 1767 1481 verborum
1817 1413 1969 1481 ordo
2014 1418 2305 1481 servatus
2350 1419 2445 1479 est
2490 1410 2631 1479 ἔνθα
2682 1414 2733 1478 οἱ
2781 1411 2926 1478 ἔσαν

536 1521 798 1601 πέπλοι,
846 1521 915 1587 id
960 1526 1057 1587 est
1104 1519 1242 1586 ἔνθα
1289 1519 1336 1584 r’
1388 1519 1538 1586 ἔσοιν
1585 1517 1836 1586 πέπλοι.
1919 1597 1925 1603 ,

623 1628 756 1695 Neo
804 1648 928 1694 non
977 1651 994 1691 ι
1045 1625 1206 1704 360,
1257 1627 1372 1691 ubi
1418 1623 1619 1714 vulgo
1667 1626 1909 1692 editur:

762 1755 768 1760 ·
812 1730 887 1805 ὧς
939 1731 1123 1811 Φοίτᾎ
1153 1731 1339 1812 ‚aza-dp
1385 1755 1462 1798 roa
1510 1728 1687 1802 αὖτις
1737 1732 1859 1809 ἐγὼ
1908 1729 2083 1811 πόρον
2130 1719 2358 1798 αἴθοπα
2407 1738 2617 1805 ῐοῒνον,

535 1861 685 1908 vers
747 1843 1062 1926 scriptura
1124 1843 1372 1904 servata
1429 1857 1564 1904 esse
1611 1836 1866 1903 videtur
1911 1840 1979 1902 in
2027 1838 2357 1904 Marciano
2412 1836 2704 1924 (aliisque
2752 1837 2930 1904 codd.

534 1947 702 2033 apud
749 1944 1132 2012 Leroehium
1185 1945 1637 2023 enumeratis):

807 2047 883 2123 ὦς
932 2049 1149 2131 &pom-⁹,
1202 2046 1404 2130 αὐτάρ
1453 2049 1503 2113 οἱ
1555 2044 1729 2120 αὖτις
1780 2048 1905 2126 ἐγὼ
1954 2046 2131 2130 πόρον
2181 2047 2413 2115 αἴθοπι
2456 2055 2670 2126 εοῒνον,

534 2156 603 2223 id
649 2161 746 2222 est
793 2154 995 2234 αὐτάρ
1041 2155 1088 2221 r'
1136 2147 1332 2228 αὖτις.

625 2260 848 2346 Neque
894 2268 945 2325 E
997 2257 1161 2325 3103

806 2365 980 2444 ἀμφὶ
1027 2365 1088 2429 δὲ
1137 2361 1278 2428 ὄσσε
1324 2335 1574 2440 κελοιινη
1623 2362 1732 2441 νὺξ
1778 2363 2097 2444 ἐκάλυψε,

532 2471 610 2538 ad
671 2472 1022 2537 immanem
1067 2451 1356 2555 hiatum,
1408 2492 1598 2557 quem
1647 2471 1892 2538 codices
1937 2471 2280 2551 exhibent,
2331 2425 2722 2558 explendum
2772 2490 2917 2538 oon·

531 2581 774 2644 iectura
836 2598 996 2663 opus
1059 2581 1191 2661 est;
1254 2577 1633 2643 Eustathius
1696 2580 1868 2643 enim
1920 2578 2085 2643 hane
2128 2580 2496 2665 suppeditat
2540 2577 2920 2645 lectionem:

531 2683 704 2765 aium)
772 2681 836 2749 δέ
895 2684 947 2748 οἱ
1009 2681 1186 2767 ὄσσε,
1249 2682 1316 2748 id
1365 2689 1461 2748 est
1509 2681 1681 2765 αμφὶ
1734 2682 1799 2748 δέ
1844 2685 1891 2749 τ’
1936 2683 2098 2748 ὄσσε.
2171 2684 2355 2750 Idem
2404 2684 2480 2751 de
2519 2684 2661 2751 1000
2715 2681 2921 2771 paral-

530 2789 655 2856 lelo
704 2790 989 2875 (fortasse
1035 2789 1276 2873 spurio)
1328 2787 1572 2853 dictum
1622 2793 1790 2866 esto,
1836 2796 1897 2855 Λ
1950 2788 2101 2855 356.

618 2895 910 2961 Fortasse
954 2895 1147 2959 etiam
1195 2902 1246 2958 E
1299 2891 1341 2956 4
1388 2915 1511 2959 non
1559 2894 1905 2982 legendum
1954 2901 2053 2960 est

803 2997 936 3065 δαῖέ
981 3021 1057 3062 τοι
1108 2999 1176 3062 ἐκ
1222 2997 1455 3076 κόρυθός
1505 3022 1575 3065 τε
1623 2999 1726 3064 καὶ
1770 3000 2036 3071 ,ἀσπίδος
2084 3000 2421 3080 ἀκάματον
2469 3004 2629 3081 πῦρ,

527 3105 637 3170 sed
684 3104 748 3169 id
795 3105 1010 3189 ipsum
1058 3101 1224 3187 quod
1273 3102 1499 3168 Ambr.
1549 3110 1615 3169 et
1660 3104 1957 3171 Eustath.
2004 3107 2342 3191 praebent:

802 3207 937 3270 δοιῒε
986 3203 1050 3270 δέ
1095 3206 1145 3270 οἱ
1195 3208 1264 3270 ἐκ
1313 3204 1583 3287 κόρυθος,

528 3313 696 3399 quod
754 3310 859 3376 illi
918 3311 1228 3396 putabant
1292 3316 1831 3398 pronunciandum
1903 3336 2038 3383 esse
2087 3318 2223 3382 δαῖε
2269 3318 2323 3384 δ’
2370 3320 2421 3384 οἱ
2440 3366 2457 3397 ,
2508 3340 2660 3385 oum
2710 3300 2925 3385 tamen

525 3425 768 3485 veteres
814 3422 1033 3501 poetae
1078 3418 1448 3481 recitassent
1495 3419 1630 3483 δαῖε
1679 3418 1741 3484 δέ
1800 3422 1867 3485 ε’.

615 3523 812 3589 Porro
856 3521 983 3587 hue
1026 3523 1093 3585 in
1140 3540 1399 3586 censum
1447 3525 1626 3589 venit
1674 3533 1728 3589 Θ
1778 3524 1947 3589 4083

797 3626 920 3693 αἰεὶ
969 3625 1094 3705 γάρ
1149 3649 1250 3703 μοι
1299 3622 1474 3691 ἔωθεν
1524 3629 1770 3695 ἐνικλᾶν
1815 3626 1948 3695 ὅττι
1999 3654 2068 3695 κε
2112 3630 2319 3711 selvas,

527 3736 632 3800 oui
675 3732 1009 3817 respondet
1056 3752 1274 3798 versus
1323 3730 1488 3797 4223

798 3837 917 3902 αἰεὶ
966 3836 1091 3915 γάρ
1138 3858 1216 3902 τοι
1289 3834 1461 3901 ἔωθεν
1509 3839 1754 3905 ἐνικλᾶν
1801 3864 1933 3907 οττι
1986 3866 2053 3907 κε
2098 3845 2289 3926 νείπῃ.

524 3941 711 4008 Nihil
759 3944 926 4005 enim
982 3946 1080 4005 est
1130 3937 1300 4005 ἔωθεν
1348 3963 1460 4027 pro
1508 3942 1739 4023 εἴωθεν,
1789 3967 1903 4011 nee
1950 3968 2219 4032 usquam
2258 3950 2417 4017 alibi
2454 3954 2582 4043 nisi
2624 3953 2730 4020 his
2766 3956 2927 4022 loeis

526 4044 821 4134 gemellis
866 4048 1189 4129 reperitur.
1265 4046 1536 4112 Omnino
1585 4052 1975 4117 restituenda
2022 4059 2117 4118 est
2165 4056 2346 4121 verbi
2388 4057 2598 4125 forma
2638 4062 2924 4141 sincera,

527 4172 750 4236 quam
769 4168 939 4214 error
982 4156 1098 4213 τῶν
1135 4153 1897 4233 μεταχαριικτηρισοὲντων
1936 4156 2303 4239 offuscavit3
2346 4166 2505 4230 satis
2539 4167 2717 4231 enim
2754 4170 2927 4233 anti·

527 4278 728 4343 quum
788 4276 921 4320 esse
978 4256 1282 4322 mendum
1342 4279 1421 4323 ex
1482 4258 1765 4345 Etymol.
1837 4261 1931 4373 M.
1997 4284 2147 4351 pag·
2222 4266 2394 4346 306,
2472 4269 2560 4334 50
2632 4279 2927 4359 apparet

527 4361 884 4429 Scribatur:
