3150 5000
528 221 663 290 294
1550 243 1884 295 Amnum

616 409 677 474 4.
730 407 837 474 25.
908 408 1168 488 „Alius‚
1231 411 1287 474 si
1351 409 1726 475 creditorem
1793 428 1984 473 suum
2047 407 2338 496 flagitare
2407 406 2740 474 molestius
2801 407 2910 474 ad·

526 517 793 582 uerterit
839 515 1166 594 debitum,
1214 515 1292 580 ad
1340 518 1725 603 aurigam
1772 514 2060 602 confugit
2103 515 2442 580 audentem
2490 518 2706 581 omnia
2743 536 2912 600 prae-

528 620 813 706 licenter,
863 642 1138 708 eumque
1184 632 1259 686 ut
1306 619 1660 687 ueneficum
1709 626 1892 686 curat
1941 621 2212 708 urgeri.''

620 727 680 792 Ν
685 748 763 793 on
834 727 1139 816 intellego
1208 728 1619 812 quamobrem
1692 728 1919 813 auriga
1979 729 2384 810 potissimum
2451 726 2754 815 eligatur,
2812 729 2918 814 qui

528 833 715 900 litem
776 834 1151 900 insidiarum
1215 841 1281 900 et
1343 833 1700 900 calumniae
1747 833 2002 918 plenam
2053 833 2365 900 intendat.
2417 832 2716 920 Suspicor
2761 834 2917 900 olim

532 943 844 1027 scriptum
892 942 1087 1007 fuisse
1131 962 1272 1007 cau
1293 941 1766 1014 si<di>cum.
2505 941 2512 948 '

626 1145 687 1210 4.
737 1145 846 1213 26.
912 1145 1142 1225 „Parte
1204 1145 1331 1212 alia
1393 1167 1554 1212 uxor
1604 1194 1666 1212 ..
1697 1195 1714 1212 .
1760 1146 2066 1211 maritum
2118 1149 2340 1213 testari
2386 1145 2726 1233 conpellit,
2777 1146 2921 1211 hoc·

531 1273 653 1338 que
698 1252 871 1320 idem
916 1259 991 1318 ut
1037 1253 1227 1318 faciat
1272 1273 1431 1319 uxor
1480 1258 1669 1341 urget
1713 1255 1984 1317 maritus
2031 1253 2380 1319 instanter:
2423 1257 2490 1318 et
2529 1255 2726 1338 periti
2763 1254 2920 1316 iuris

532 1359 908 1426 altrinsecus
954 1358 1392 1426 adsciscuntur
1438 1407 1638 1423 .....
1686 1358 2014 1444 isdemque
2061 1359 2482 1425 subseruntur
2529 1351 2920 1449 genitalium

534 1486 567 1531 e
584 1486 623 1528 x
643 1470 670 1529 t
688 1485 724 1530 o
741 1487 773 1529 1·
787 1487 832 1530 u
849 1486 911 1529 m
963 1467 1335 1550 interpretes
1381 1464 1839 1531 controuersi.”

624 1570 864 1637 Vitiose
948 1571 1195 1636 editum
1279 1571 1538 1636 uidetur
1609 1571 2031 1659 „genitalium
2103 1593 2197 1638 ex
2219 1571 2564 1637 torum”.
2659 1569 2924 1637 Oonicio

534 1677 957 1765 „genitalium
1009 1684 1429 1743 astrorum
1474 1677 1891 1762 interpretes”
1937 1680 1981 1741 i.
2007 1699 2062 1742 e.
2109 1678 2520 1764 horoscopus,
2571 1698 2731 1762 quos
2767 1679 2924 1742 Am-

530 1785 785 1849 mianus
832 1781 1072 1850 XXIX.
1128 1783 1183 1847 1.
1238 1783 1279 1847 5
1330 1782 1652 1862 „fatorum
1698 1804 1809 1868 per
1853 1785 2182 1870 genituras
2226 1782 2638 1870 interpretes”
2688 1783 2878 1850 dixit.

626 1992 684 2052 4.
739 1987 847 2054 32.
898 1988 1128 2068 „Vnde
1174 1990 1229 2054 si
1274 1989 1354 2054 ad
1400 1987 1778 2053 theatralem
1828 1993 2094 2054 uentum
2143 1989 2336 2054 fuerit
2374 1987 2700 2054 uilitatem
2720 2037 2739 2067 ‚
2776 1991 2928 2054 arti·

530 2094 678 2161 fices
724 2096 1025 2162 scaenarii
1070 2116 1181 2182 per
1225 2093 1445 2160 sibilos
1494 2092 1942 2180 exploduntur,
1990 2096 2046 2159 si
2091 2097 2202 2179 qui
2249 2095 2373 2160 sibi
2420 2115 2611 2160 aere
2655 2094 2854 2160 hum
2873 2096 2926 2158 i·

529 2199 595 2266 li
612 2222 649 2267 o
666 2223 696 2265 r
711 2223 746 2266 e
760 2223 827 2266 m
875 2222 1002 2267 non
1049 2201 1482 2267 conciliauerit
1526 2199 1848 2284 plebem.”

622 2307 805 2374 Nihil
864 2314 959 2372 est
1020 2328 1208 2373 aere
1263 2305 1835 2373 humiliorem.
1885 2306 2092 2396 Legas
2139 2327 2369 2392 quaeso
2416 2327 2621 2373 aura
2665 2307 2924 2374 mobi-

530 2413 854 2480 liorem.
903 2411 999 2478 Of.
1051 2411 1238 2477 Ouid.
1285 2414 1365 2477 A.
1418 2412 1495 2476 A.
1548 2409 1662 2476 ΙΙΙ.
1715 2409 1869 2476 698.

623 2621 686 2686 4.
736 2619 842 2685 32.
910 2616 1024 2700 „Si
1087 2618 1565 2705 explodentium
1617 2617 1760 2685 def
1768 2619 1997 2686 uerit
2043 2623 2346 2705 strepitus
2395 2666 2413 2683 .
2442 2668 2459 2684 .
2488 2667 2504 2683 .
2551 2621 2924 2707 peregrinos

531 2727 958 2792 uociferantur
1003 2724 1161 2811 pelli
1200 2726 1423 2792 debere
1472 2772 1486 2788 .
1517 2772 1532 2790 .
1564 2773 1579 2790 .
1631 2730 1695 2791 et
1735 2724 1954 2791 taetris
1993 2726 2257 2791 uocibus
2300 2731 2364 2790 et
2404 2724 2736 2803 absurdis3
2763 2746 2924 2811 quae

530 2833 721 2923 longe
766 2833 1105 2900 abhorrent
1151 2853 1189 2898 a
1234 2832 1467 2897 studiis
1512 2838 1576 2897 et
1623 2830 1957 2898 uoluntate
2003 2834 2240 2897 ueteris
2285 2829 2465 2896 illius
2509 2829 2782 2917 plebis.”

622 2940 747 3005 Pro
796 2938 1171 3005 defuerit
1218 2941 1470 3023 requiro
1517 2938 2020 3033 deseruerit.

624 3156 688 3221 4.
751 3152 839 3219 34
907 3152 1122 3241 gulosi
1179 3154 1469 3218 homines
1529 3152 1983 3239 depinguntur,
2050 3152 2160 3237 qui
2217 3171 2330 3238 per
2375 3154 2588 3217 totum
2636 3151 2811 3218 diem
2855 3152 2922 3217 in

530 3263 783 3347 popinis
830 3263 1011 3346 quasi
1056 3259 1347 3325 habitant
1397 3279 1740 3337 „nauseam
1784 3259 1824 3322 h
1847 3280 1883 3325 o
1901 3257 2076 3324 rrid
2094 3277 2183 3323 ae
2235 3258 2440 3323 carnis
2459 3306 2474 3335 ‚
2527 3256 2686 3323 dum
2733 3278 2920 3325 exco-

532 3370 771 3454 quitur,
822 3368 1132 3433 intentius
1179 3363 1677 3450 despectantes.”

623 3472 1045 3540 Scribendum
1091 3476 1188 3538 est
1237 3490 1578 3550 „nauseam
1629 3470 2127 3537 horrendam
2179 3468 2440 3537 carnis.”

624 3676 687 3745 6.
750 3677 860 3745 27.
928 3674 1297 3755 „Palladius
1357 3679 1646 3765 cogitans
1708 3696 1865 3762 quas
1910 3678 2257 3742 criminum
2303 3677 2634 3741 coxerit
2682 3674 2916 3752 moles,

476 3814 480 3819 ’
529 3790 595 3855 in
657 3790 928 3854 statione
976 3834 992 3849 .
1020 3832 1037 3849 .
1064 3832 1081 3849 .
1129 3786 1463 3851 obseruata
1525 3782 1864 3849 custodum
1930 3785 2217 3850 absentia
2265 3832 2281 3847 .
2309 3834 2326 3851 .
2355 3832 2372 3848 .
2422 3782 2724 3849 innodata
2771 3789 2919 3872 gut·

531 3902 673 3961 ture
720 3892 933 3977 laquei
978 3892 1247 3957 nexibus
1292 3890 1609 3958 interiit.”

624 3998 997 4088 Legendum
1044 4004 1140 4064 est
1189 4018 1387 4084 „quas
1436 4046 1452 4061 .
1480 4048 1495 4062 .
1525 4045 1540 4062 .
1593 3998 2207 4085 co<nge>sserit
2251 3986 2520 4062 moles.”

1516 4260 1857 4271 —-—-————

3098 3360 3099 3367 η

3097 3458 3099 3471 4
