3150 5000
1245 308 1645 388 monorus.
2196 273 2201 278 ⁸
2464 359 2467 363 J
2551 308 2639 400 29

345 502 463 572 VI.
533 503 618 572 17
685 507 712 572 ὃ
777 503 842 572 δὲ
903 503 1067 577 ἰθέως
1131 506 1208 576 ὥς
1255 499 1396 586 εἶχε
1446 503 1646 570 ἓπλωε
1701 505 1761 577 ές
1812 504 2107 579 Φοινίκην.
2176 501 2393 570 Huius
2448 502 2645 569 abun·

259 611 512 680 dantiae
574 613 748 698 (nam
809 615 888 684 ὥς
937 607 1072 692 εἶχε
1119 615 1379 699 ponitur
1421 633 1535 698 pro
1579 611 1782 698 εὐθὺς)
1830 611 2007 678 aliud
2056 609 2423 698 exemplum
2471 609 2639 695 apud

256 727 547 787 nostrum
593 740 716 785 non
766 721 1032 805 repperi.
1102 717 1313 794 Quare
1357 717 1522 790 ἰθέως
1568 719 1925 805 genuinum
1964 737 2098 783 esse
2136 737 2261 782 non
2300 716 2594 803 spondeo-

347 931 462 996 VI.
530 929 620 996 22
687 930 940 1008 Σαμίων
1005 929 1066 996 δὲ
1129 931 1291 997 τοῖσί
1351 954 1409 1026 τι
1469 930 1645 1018 (Vnt.
1709 930 1807 1018 τε)
1858 926 2067 1010 ἔχουσι
2114 927 2185 994 τὸ
2231 929 2346 1006 μὲν
2391 929 2452 1000 ἐς
2498 927 2641 1000 τοὺς

261 1038 508 1113 Μήδους
575 1038 642 1104 ἐκ
689 1042 806 1102 τῶν
853 1041 1216 1116 στρατηγῶν
1260 1043 1378 1102 τῶν
1425 1037 1733 1118 σφετέρων
1784 1035 2019 1110 ποιηθὲν
2066 1034 2343 1111 οὐδαμῶς
2394 1036 2645 1116 ἤρεσκε,
2760 1043 2765 1048 ’

265 1143 464 1210 ἐδόκεε
509 1143 574 1208 δὲ
631 1181 706 1192 -—
757 1145 820 1214 ἐς
859 1143 1141 1216 ἀποικίην
1182 1143 1493 1207 ἔκπλώειν.
1561 1140 1759 1207 Srnm
1800 1142 1963 1220 „den
2005 1139 2454 1217 Besitzenden‚
2496 1138 2650 1205 Ver-

265 1248 674 1338 miigendeffl-
723 1248 1160 1330 unqewc'ihnlich
1202 1249 1326 1335 far
1371 1255 1524 1313 τοῖσι
1575 1247 1807 1328 ἔχουσι.
1882 1247 2063 1311 Sache
2096 1239 2235 1314 ⁴und
2277 1245 2652 1310 Zuaammen-

263 1358 420 1439 bouq
467 1357 666 1420 quen
711 1365 870 1422 τοῖσι
918 1359 1216 1433 περιεοῦσι
1264 1356 1410 1420 oder
1454 1355 1605 1419 auch
1652 1352 2061 1434 τριηράρχοισι
2109 1353 2273 1438 (cap.
2320 1352 2432 1438 14)
2472 1372 2651 1434 anye-

267 1485 555 1527 umeener
629 1463 986 1526 eracheinen.
1080 1464 1321 1526 Neutra
1391 1461 1752 1526 coniectura
1816 1457 2182 1545 probabilis.
2274 1457 2417 1524 Non
2486 1456 2654 1524 solos

267 1569 660 1650 trierarchos,
725 1567 833 1632 sed
895 1564 1208 1653 plurimos
1271 1565 1522 1632 Samios
1579 1569 1649 1631 in'
1710 1564 1999 1631 Siciliam
2057 1567 2396 1653 navigasse
2442 1563 2654 1651 prodit

267 1695 532 1760 sequeus
597 1676 903 1757 narratio,
965 1693 1080 1738 nec
1137 1691 1286 1739 vero
1349 1693 1568 1738 omnes
1628 1675 1738 1757 qui
1786 1677 1929 1756 post
1974 1691 2258 1758 pugnam
2306 1670 2387 1735 ad
2436 1669 2651 1736 Laden

266 1781 702 1866 superfuerunt
739 1799 814 1844 eo
853 1799 920 1844 se
968 1775 1342 1854 contulisse,
1386 1778 1492 1843 sed
1541 1782 1786 1863 partem
1830 1796 2045 1842 eorum
2074 1775 2251 1844 Sami
2277 1777 2651 1842 remansisse

268 1892 530 1972 apparet
569 1907 606 1951 e
642 1887 848 1970 capite
889 1883 999 1949 25.
1047 1881 1282 1950 Contra
1317 1882 1503 1949 valde
1544 1883 1709 1948 mihi
1747 1882 2005 1968 quidem
2033 1881 2357 1968 probabile
2397 1880 2655 1947 videtur

269 1992 582 2078 profectos
625 2011 760 2056 esse
795 1989 961 2056 solos
997 1987 1442 2074 locupletiores
1463 2037 1479 2067 ‚
1520 1989 1629 2054 sed
1670 1991 1839 2054 cives
1878 1990 2230 2073 tenuiores,
2274 1989 2385 2073 qui
2424 2005 2653 2072 parum

271 2119 491 2165 curare
523 2096 766 2163 soleant
805 2117 1017 2162 rerum
1055 2099 1526 2173 conversiones,
1567 2095 1841 2180 patriam
1880 2115 2006 2160 non
2029 2093 2380 2178 reliquisse.
2407 2092 2653 2176 Quare,

267 2205 322 2269 si
384 2203 542 2290 quid
600 2203 961 2268 novandum
1027 2205 1146 2280 sit,
1212 2204 1425 2287 potius
1488 2209 1601 2267 aut
1660 2222 1807 2267 cum
1878 2200 2331 2266 Valckenaerio
2399 2200 2657 2289 legatur

269 2311 622 2393 ταχέεσσι,
663 2317 776 2374 aut
813 2307 1059 2391 lenius,
1101 2315 1443 2394 praeeunte
1484 2307 2087 2394 schweighauserm
2120 2305 2405 2372 deleatur
2427 2303 2657 2371 vocula

273 2417 353 2480 ri.
443 2415 618 2482 Fieri
681 2421 893 2480 tamen
959 2421 1168 2498 potest
1229 2421 1303 2478 ut
1366 2416 1635 2500 scriptor
1686 2433 1825 2478 eam
1874 2411 2166 2478 voculam
2214 2412 2292 2478 de
2339 2412 2657 2477 industria

270 2524 590 2590 addiderit
637 2543 762 2607 quo
807 2519 1194 2609 significaret
1237 2540 1363 2587 non
1403 2520 1609 2587 solum
1656 2520 1889 2585 divites
1930 2519 2040 2585 sed
2077 2521 2333 2584 omniuo
2372 2539 2478 2585 eos
2517 2517 2656 2602 qui·

271 2631 392 2696 bus
435 2629 678 2714 aliquid
729 2634 897 2693 esset
943 2630 1202 2714 pretiosi
1246 2648 1443 2693 novas
1483 2626 1663 2692 sedes
1701 2628 2023 2713 petivisse.
2075 2624 2257 2706 Quod
2294 2628 2350 2691 si
2384 2626 2476 2690 ita
2521 2626 2653 2703 est,

271 2734 508 2802 melius
552 2734 817 2801 fortasse
863 2753 1058 2820 ponas
1101 2732 1219 2800 hos
1264 2738 1597 2801 accentus:
1643 2740 1799 2799 τοῖσι
1850 2732 1911 2797 τὶ
1960 2728 2189 2813 ἔχουσι.

359 2947 476 3014 VI.
532 2946 640 3013 31.
693 2948 774 3011 Ὀ
821 2946 884 3011 δὲ
931 2945 1211 3017 ναυτικὸς
1259 2947 1481 3023 creare).-
1534 2945 1562 3010 ὅ
1614 2942 1885 3024 Περσέων
1932 2944 2297 3024 χειμερΙσας
2348 2942 2481 3023 περὶ
2534 2941 2659 3007 ΜΙ-

273 3070 518 3147 λητον,
563 3054 648 3134 τῷ
691 3052 941 3131 δευτέρω
989 3050 1116 3117 ἔτεϊ
1160 3052 1236 3122 ὥς
1279 3052 1640 3129 ἀνέπλωσε,
1691 3050 1875 3129 αἱρέει
1925 3050 2225 3121 εὐπετέως
2276 3052 2391 3120 τοὶς
2448 3052 2656 3125 νήσους

273 3162 391 3228 τὰς
458 3160 605 3241 πρὸς
667 3168 746 3240 τῇ
808 3160 1022 3238 ἠπείρῳ
1090 3158 1412 3235 κειμένας,
1475 3166 1615 3223 Χῖον
1691 3158 1795 3222 καὶ
1878 3156 2126 3235 Λέσβον
2205 3157 2307 3222 καὶ
2382 3154 2658 3221 Τένεδον.

277 3266 520 3335 Ὅκως
584 3266 659 3331 δὲ
724 3264 976 3341 λάβοι
1038 3264 1222 3328 τινὰ
1284 3271 1428 3328 τῶν
1477 3266 1769 3341 νήσων,
1816 3266 1906 3335 ὤς
1958 3262 2315 3338 ἑκάστην
2364 3261 2660 3342 αἱρέον-

275 3396 412 3443 τες
468 3372 522 3437 οἷ
587 3370 893 3451 βάρβαροι
957 3370 1322 3447 ἐσαγήνευον
1388 3372 1527 3442 τοὺς
1593 3371 1952 3448 ἀνθρώπους,
2042 3367 2356 3449 Quoniam
2408 3386 2661 3454 prorsus

275 3478 444 3544 idem
511 3474 831 3565 significat
891 3476 966 3546 ὥς
1032 3475 1300 3549 ἑκάστην
1366 3477 1661 3555 αἱρέοντες
1732 3476 1807 3561 (οἱ
1870 3474 2206 3557 βάρβαροι)
2275 3475 2442 3560 quod
2504 3472 2658 3547 ,ὅκως

277 3584 467 3663 λάβοι
521 3582 576 3667 (ὃ
625 3582 907 3653 ναυτικὸς
954 3584 1216 3660 στρατὸς
1267 3582 1294 3646 ὁ
1343 3584 1645 3661 Περσέων)
1690 3582 1829 3647 τινὰ
1880 3571 1996 3647 τῶν
2047 3583 2272 3658 νήσων,
2321 3584 2388 3645 in
2430 3581 2663 3664 quibus

275 3692 490 3758 verbis
549 3696 669 3754 τῶν
731 3690 919 3764 νήσων
980 3709 1103 3755 non
1165 3690 1318 3754 satis
1375 3694 1667 3754 accurate
1714 3689 1956 3754 dictum
2005 3694 2101 3753 est
2146 3701 2259 3773 pro
2306 3694 2422 3752 τῶν
2470 3688 2659 3761 νήσων

276 3798 542 3881 τούτων,
584 3799 1007 3882 suspicionem
1051 3816 1334 3880 premere
1375 3815 1615 3880 nequeo
1651 3796 1845 3861 verba
1890 3789 2038 3864 ὅκως
2067 3829 2150 3842 -
2177 3793 2364 3867 νήσων
2404 3792 2661 3881 fluxisse

279 3924 357 3969 ex
395 3903 659 3988 antiqua
695 3901 954 3967 illorum
997 3902 1333 3967 verborum
1361 3903 1879 3986 interpretatione
1907 3906 1970 3965 et
1992 3896 2390 3965 Herodotum
2418 3899 2663 3964 dedisse

280 4010 380 4075 his
426 4011 717 4075 omissis:
771 4012 847 4077 ὦς
897 4006 1076 4087 <δ”>
1125 4006 1392 4080 ἑκάστην
1436 4006 1734 4083 αἱρέοντες
1778 4005 1909 4072 κτέ.
1970 4004 2114 4071 Non
2155 4012 2365 4071 autem
2406 4024 2662 4090 persua·
2776 4056 2781 4061 .

281 4116 366 4181 sit
413 4116 578 4181 mihi
619 4112 822 4180 Cobet
868 4116 1187 4200 corrigens
1232 4110 1464 4191 αἵρεον,
1515 4116 1628 4197 qui
1672 4114 1726 4178 si
1774 4112 1976 4177 haesit
2018 4112 2083 4175 in
2124 4112 2447 4196 participii
2488 4130 2664 4195 prae-

283 4221 480 4285 sentis
523 4241 644 4286 usu
695 4240 809 4305 pro
855 4221 1229 4305 praeterito,
1279 4238 1402 4284 uon
1448 4218 1636 4285 video
1687 4240 1799 4283 cur
1846 4218 2178 4282 admiserit
2213 4216 2661 4301 imperfectum

286 4322 478 4406 αἵρεον
523 4348 637 4413 pro
685 4328 920 4392 aoristo
965 4318 1162 4402 εἷλον,
1224 4346 1370 4391 nam
1424 4328 1558 4411 ipse
1608 4326 1801 4390 vertit
1848 4332 1915 4387 ut
1955 4345 2243 4409 quamque
2301 4338 2665 4397 οΒΡΒΒΔΝΨ,

291 4440 362 4499 ut
409 4442 650 4500 taceam
701 4436 794 4498 ita
839 4430 1067 4497 saltem
1117 4434 1433 4516 expectari
1479 4433 1843 4517 optativum
1892 4431 1973 4495 αἱ
1995 4430 2285 4510 ρέοιεν,
2357 4424 2665 4513 quemad·
