3150 5000
1212 259 1582 310 arisromn.
1747 320 1763 338 κ
2454 239 2582 305 311

206 437 315 507 tes,
388 433 455 494 et
524 427 860 494 adscribit:
919 428 1085 506 „Pro
1134 434 1499 512 praeqravac
1556 419 1819 492 mallem
1867 425 2113 512 aliquid
2159 430 2234 490 ut
2280 427 2586 505 obscurat,

203 557 282 602 ne
328 534 563 621 duplex
606 539 694 602 sit
742 534 1178 621 metaphora”,
1227 540 1291 601 et
1338 554 1529 620 supra
1560 541 1928 618 praeyravat
1975 533 2228 620 scripsit
2291 533 2589 618 deprimit.

302 639 407 708 17.
469 643 589 706 Nic
642 642 801 707 alias
856 651 1047 707 ortum
1105 649 1211 706 aut
1256 642 1547 706 oriturum
1583 625 1717 706 'tale
1754 641 2045 727 fatentes.
2093 634 2222 705 Hic
2269 645 2366 706 est
2411 645 2597 706 natu·

206 747 361 814 ralis
412 748 585 814 ordo.

300 854 409 922 22.
458 855 764 942 defuncta.
815 852 987 942 Lege
1033 855 1359 920 disiuncta.
1462 860 1467 864 ’

302 961 412 1027 29.
473 962 697 1045 scripta
752 962 850 1026 vel
904 961 1143 1046 optima.
1206 961 1349 1026 Non
1394 958 1692 1046 intelligo
1739 959 1850 1024 vel.
1900 957 2204 1024 Latinum
2251 963 2382 1025 est:
2433 960 2598 1024 auti-

208 1069 493 1155 quicsima
559 1089 821 1148 quaeque
886 1076 1026 1132 cunt
1086 1067 1305 1151 optima
1322 1115 1339 1145 ,
1400 1087 1526 1131 non
1588 1066 1689 1130 vel
1749 1064 1987 1149 optima.
2059 1064 2333 1130 Melius:
2376 1066 2596 1148 optima

206 1175 465 1258 scripta,
536 1174 627 1237 ita
695 1173 800 1239 vel
860 1177 1105 1259 potius.
1170 1173 1433 1256 Scripta,
1486 1174 1631 1258 fere
1693 1171 1932 1255 optima.
1999 1169 2302 1238 Ovidius.
2289 1189 2303 1206 ·
2365 1172 2599 1256 Optima

196 1285 403 1366 prima
430 1280 584 1364 fere
626 1280 897 1344 manibus
943 1280 1270 1363 rapiuntur
1316 1279 1541 1346 avaris.

300 1385 411 1452 31.
459 1387 663 1452 oleam.
712 1384 867 1473 Leg.
917 1385 1052 1450 olei.
1104 1386 1283 1452 Intra
1328 1389 1397 1452 in
1440 1405 1604 1452 nuce
1641 1384 1737 1450 nil
1775 1390 1872 1451 est
1910 1383 2068 1462 olei,
2115 1388 2294 1450 extra
2332 1385 2402 1450 in
2443 1405 2614 1455 nuce.

213 1491 310 1558 nil
362 1498 459 1557 est
506 1492 671 1557 duri.

305 1596 414 1664 38.
462 1598 653 1682 finis,
720 1603 975 1684 tempus
1036 1604 1318 1743 certum,
1367 1600 1423 1664 si
1469 1617 1593 1663 non
1641 1601 1933 1674 centum,
1985 1602 2052 1662 at
2099 1600 2448 1686 nonaginta
2493 1597 2600 1665 vel

214 1706 570 1792 octoginta.

308 1809 414 1875 46.
464 1810 617 1876 vello
664 1818 721 1875 et
770 1812 951 1877 demo.
998 1811 1201 1899 Lege:
1252 1812 1472 1877 vellem
1516 1813 1624 1896 (=
1670 1816 1746 1876 ut
1791 1811 1906 1896 qui
1950 1809 2166 1896 vellit)
2213 1812 2396 1876 demo.

306 1914 417 1982 47.
464 1917 659 1982 cadat.
708 1915 897 1989 Cadit
942 1921 1055 2002 qui
1100 1939 1289 1984 causa
1336 1917 1543 1998 cadit,
1593 1918 1874 1982 vincitur
1921 1917 1989 1981 in
2037 1916 2438 2001 disputando,

308 2021 390 2088 51
436 2043 563 2108 seq.
624 2022 698 2088 In
745 2024 1022 2089 editione
1066 2023 1321 2089 Heinsii
1358 2022 1433 2090 P.
1476 2023 1844 2108 adscripsit:
1904 2023 2090 2100 „Non
2145 2043 2429 2101 curasse,
2485 2045 2609 2090 non

216 2133 531 2218 cogitasse
576 2129 832 2196 videtur
878 2131 1461 2217 metempsychosin
1510 2149 1646 2194 esse
1690 2150 1824 2195 rem
1875 2128 2142 2194 stultam
2162 2177 2179 2207 ,
2229 2150 2420 2215 seque
2455 2131 2611 2197 adeo
2743 2133 2746 2138 ’

216 2257 339 2302 ιιοιι
388 2255 523 2300 esse
566 2237 847 2320 potuisse
892 2235 1166 2302 alterum
1214 2235 1596 2302 Homerum.
1643 2235 1814 2300 Nam
1860 2237 1916 2300 si
1967 2255 2188 2301 verum
2241 2256 2374 2301 esse
2412 2237 2614 2302 credi-

222 2341 450 2419 disset,
501 2339 767 2406 meliora
813 2345 1096 2408 carmina
1134 2343 1425 2420 fecisset,
1475 2348 1547 2406 ut
1591 2343 1826 2428 dignus
1866 2348 2031 2408 esset
2069 2344 2325 2408 nomine
2350 2341 2614 2409 alterius

218 2445 553 2516 Homeri.'’
602 2450 690 2514 At
734 2450 803 2513 in
850 2448 1000 2514 edit.
1050 2447 1346 2515 Baxteri:
1390 2446 1636 2525 „Locus
1675 2445 1990 2532 difficilis,
2029 2449 2121 2513 sic
2161 2447 2614 2534 explicandus:

220 2556 467 2621 Ennius
514 2558 676 2620 tanti
722 2552 828 2632 fit,
878 2562 953 2620 ut
998 2575 1217 2621 revera
1262 2554 1573 2620 habeatur
1619 2554 1781 2619 alter
1819 2554 2175 2629 Homerus,
2217 2562 2290 2619 ut
2329 2558 2616 2622 animam
2719 2590 2726 2612 ι

220 2661 491 2727 Homeri
536 2681 753 2727 revera
798 2664 865 2725 in
912 2682 1063 2727 eum
1114 2661 1602 2747 transmigrasse
1650 2658 1839 2725 hodie
1888 2664 2134 2744 putent.
2177 2660 2422 2726 Ennius
2463 2682 2615 2749 ergo

221 2789 345 2834 non
393 2772 493 2832 est
536 2767 705 2852 quod
750 2772 957 2845 curet,
1010 2767 1324 2853 quomodo
1375 2767 1724 2852 accipiatur
1771 2765 1940 2850 quod
1986 2766 2066 2832 de
2112 2787 2178 2831 se
2222 2765 2420 2846 dixit,
2467 2788 2617 2853 quo-

224 2875 415 2941 modo
474 2877 723 2939 somnia
766 2874 884 2939 illa
926 2873 1336 2961 Pythagorea
1381 2874 1791 2958 accipiantur.
1839 2874 2262 2957 Accipiuntur
2309 2880 2616 2961 tanquam

227 3001 411 3055 vera,
457 3000 583 3045 non
628 2985 703 3045 ut
748 2982 1015 3046 somnia.
1063 2979 1138 3045 In
1186 2979 1467 3045 Ennium
1518 2997 1645 3044 non
1693 2978 1864 3045 cadit
1908 2976 2110 3045 illud:
2168 2979 2334 3061 Quid
2374 2980 2619 3063 dianam

227 3094 393 3151 tanto
422 3086 601 3170 feret
643 3087 743 3151 hio
780 3087 1107 3166 promissor
1148 3087 1323 3151 hiatu
1341 3085 1377 3148 ?

319 3192 429 3259 53.
498 3194 583 3258 N.
646 3193 715 3257 iaz
772 3194 1045 3257 manibus
1104 3215 1222 3257 non
1284 3200 1387 3257 eet.
1453 3192 1527 3259 L.
1595 3214 1627 3256 e
1687 3192 1957 3256 manibus
2019 3214 2139 3256 non
2208 3200 2322 3271 eet,
2368 3214 2492 3259 non
2542 3193 2620 3261 de

230 3302 525 3369 manibus
584 3303 865 3387 ponitur,
926 3321 1175 3385 semper
1236 3308 1334 3365 est
1395 3302 1465 3364 in
1523 3300 1842 3365 manibus.
1909 3298 1988 3365 In
2034 3299 2304 3387 vulgato
2351 3322 2476 3366 non
2524 3306 2620 3366 est

231 3414 400 3475 recta
460 3410 792 3474 sententia.
860 3406 1094 3490 Poeta,
1160 3409 1271 3491 qui
1318 3408 1387 3471 ιιι
1437 3405 1762 3471 mentibus
1808 3405 2066 3489 haeret,
2113 3408 2225 3490 qui
2277 3406 2584 3471 ediscitur
2602 3456 2621 3491 ,

232 3521 305 3578 ut
351 3520 448 3580 est
494 3536 557 3580 V.
608 3512 716 3592 60,
762 3514 1075 3599 quomodo
1122 3532 1248 3577 non
1294 3518 1391 3577 est
1435 3514 1503 3577 in
1553 3509 1888 3578 manibus?
1938 3510 2148 3576 Immo
2185 3512 2628 3597 frequentissi-

239 3640 383 3685 mus
430 3626 526 3685 est
564 3622 633 3685 in
679 3620 994 3685 manibus.

327 3726 413 3792 55
459 3748 628 3813 seqq.
694 3726 957 3806 Quando
1003 3726 1129 3791 duo
1176 3746 1255 3792 ex
1300 3728 1573 3793 vetustis
1621 3728 1790 3791 inter
1835 3746 1901 3791 se
1945 3732 2429 3812 comparantur,
2477 3749 2542 3795 v.
2567 3748 2622 3793 c.

238 3830 479 3899 Pacuvi
456 3854 557 3899 us
603 3854 752 3898 cum
796 3834 1024 3909 Accio,
1072 3832 1370 3897 Afranius
1420 3852 1569 3897 cum
1623 3830 1891 3909 Plauto,
1943 3829 2260 3898 Caecilius
2311 3854 2459 3899 cum
2507 3832 2626 3900 Te-

240 3942 439 4004 rentio
458 3986 473 4015 ,
523 3960 741 4005 omnes
787 3937 1130 4003 laudantur
1174 3938 1427 4004 diversa
1475 3941 1742 4005 virtute.

330 4042 435 4111 75.
484 4045 719 4109 Iniuste
766 4050 947 4108 totum
993 4043 1161 4109 ducit
1206 4045 1521 4130 venditque
1559 4067 1784 4128 poema.
1834 4044 2199 4110 Necessario
2239 4047 2620 4131 requiritur:

240 4148 630 4217 Paucissima
673 4157 841 4216 recte
886 4150 1057 4216 dicta
1098 4149 1267 4215 male
1312 4147 1596 4215 efficiunt
1617 4198 1636 4234 ,
1683 4157 1759 4215 ut
1804 4155 2016 4216 totum
2065 4171 2294 4236 poema
2339 4174 2623 4217 commen-

244 4257 435 4323 detur.
482 4256 679 4323 Recte
722 4256 961 4341 vendit,
1009 4257 1129 4322 hoc
1174 4262 1270 4321 est
1318 4262 1594 4321 emtores
1639 4262 1858 4342 parat,
1907 4280 2028 4322 aon
2065 4259 2179 4322 den
2219 4279 2352 4321 man
2393 4258 2622 4343 helpen.

247 4360 367 4428 Sed
426 4364 580 4450 quid
642 4374 737 4429 est
783 4360 991 4428 ducit?
1040 4383 1119 4427 an
1168 4382 1386 4428 secum
1434 4362 1648 4450 ducit,
1695 4363 1894 4431 trahit
1940 4370 2016 4431 ut
2061 4360 2413 4431 vendatur?
2462 4383 2543 4431 an
2588 4385 2628 4433 a
