<?xml version="1.0" encoding="UTF-8"?>
<!DOCTYPE html PUBLIC "-//W3C//DTD XHTML 1.0 Transitional//EN"
    "http://www.w3.org/TR/xhtml1/DTD/xhtml1-transitional.dtd">
<html xmlns="http://www.w3.org/1999/xhtml" xml:lang="en" lang="en">
 <head>
  <title>
</title>
<meta http-equiv="Content-Type" content="text/html;charset=utf-8" />
  <meta name='ocr-system' content='tesseract 3.04.00' />
  <meta name='ocr-capabilities' content='ocr_page ocr_carea ocr_par ocr_line ocrx_word'/>
</head>
<body>
  <div class='ocr_page' id='page_1' title='image "./mnemosyne06servgoog_0900.png"; bbox 0 0 3150 5000; ppageno 0'>
   <div class='ocr_carea' id='block_1_1' title="bbox 549 183 1954 278">
    <p class='ocr_par' dir='ltr' id='par_1_1' title="bbox 549 183 1954 278">
     <span class='ocr_line' id='line_1_1' title="bbox 549 183 1954 278; baseline 0.001 -28"><span class='ocrx_word' id='word_1_1' title='bbox 549 183 681 250; x_wconf 82' lang='lat'><strong>420</strong></span> <span class='ocrx_word' id='word_1_2' title='bbox 1528 203 1954 278; x_wconf 49' lang='lat' dir='ltr'><strong>memmei.</strong></span> 
     </span>
    </p>
   </div>
   <div class='ocr_carea' id='block_1_2' title="bbox 488 352 2931 459">
    <p class='ocr_par' dir='ltr' id='par_1_2' title="bbox 488 352 2931 459">
     <span class='ocr_line' id='line_1_2' title="bbox 488 352 2931 459; baseline 0 -21"><span class='ocrx_word' id='word_1_3' title='bbox 488 352 495 360; x_wconf 45' lang='lat'><em>⁰</em></span> <span class='ocrx_word' id='word_1_4' title='bbox 546 373 873 452; x_wconf 85' lang='grc' dir='ltr'><strong><em>γίγνεσθαι</em></strong></span> <span class='ocrx_word' id='word_1_5' title='bbox 938 371 1021 436; x_wconf 74' lang='grc' dir='ltr'><strong><em>τὰ</em></strong></span> <span class='ocrx_word' id='word_1_6' title='bbox 1081 370 1481 452; x_wconf 81' lang='grc' dir='ltr'><strong><em>πράγματα·</em></strong></span> <span class='ocrx_word' id='word_1_7' title='bbox 1546 371 1655 437; x_wconf 88' lang='lat' dir='ltr'><strong>sed</strong></span> <span class='ocrx_word' id='word_1_8' title='bbox 1717 371 1928 438; x_wconf 88' lang='lat' dir='ltr'><strong>multo</strong></span> <span class='ocrx_word' id='word_1_9' title='bbox 1972 373 2232 459; x_wconf 82' lang='lat' dir='ltr'><strong>gravior</strong></span> <span class='ocrx_word' id='word_1_10' title='bbox 2276 373 2481 438; x_wconf 87' lang='lat' dir='ltr'><strong>oritur</strong></span> <span class='ocrx_word' id='word_1_11' title='bbox 2525 374 2806 458; x_wconf 75' lang='lat' dir='ltr'><strong>quaestio</strong></span> <span class='ocrx_word' id='word_1_12' title='bbox 2854 373 2931 438; x_wconf 89' lang='lat' dir='ltr'><strong>de</strong></span> 
     </span>
    </p>
   </div>
   <div class='ocr_carea' id='block_1_3' title="bbox 546 477 2942 1841">
    <p class='ocr_par' dir='ltr' id='par_1_3' title="bbox 546 477 2942 1841">
     <span class='ocr_line' id='line_1_3' title="bbox 547 477 2932 562; baseline 0 -16"><span class='ocrx_word' id='word_1_13' title='bbox 547 479 715 548; x_wconf 83' lang='lat' dir='ltr'><strong>illis:</strong></span> <span class='ocrx_word' id='word_1_14' title='bbox 765 477 907 557; x_wconf 76' lang='grc' dir='ltr'><strong>ἅμα</strong></span> <span class='ocrx_word' id='word_1_15' title='bbox 954 485 1095 550; x_wconf 85' lang='grc' dir='ltr'><strong><em>ταῖς</em></strong></span> <span class='ocrx_word' id='word_1_16' title='bbox 1144 483 1295 556; x_wconf 81' lang='grc' dir='ltr'><strong><em>γοῦν</em></strong></span> <span class='ocrx_word' id='word_1_17' title='bbox 1347 477 1555 543; x_wconf 75' lang='grc' dir='ltr'><strong><em>ναυσὶν</em></strong></span> <span class='ocrx_word' id='word_1_18' title='bbox 1605 480 1638 555; x_wconf 79' lang='grc' dir='ltr'>ἢ</span> <span class='ocrx_word' id='word_1_19' title='bbox 1691 477 1972 559; x_wconf 80' lang='grc' dir='ltr'><strong><em>πρότερον</em></strong></span> <span class='ocrx_word' id='word_1_20' title='bbox 2021 479 2412 558; x_wconf 79' lang='grc' dir='ltr'><strong><em>θαρσήσει</em></strong></span> <span class='ocrx_word' id='word_1_21' title='bbox 2474 481 2932 562; x_wconf 79' lang='grc' dir='ltr'><strong><em>κρατηθείς.</em></strong></span> 
     </span>
     <span class='ocr_line' id='line_1_4' title="bbox 549 584 2936 671; baseline 0 -20"><span class='ocrx_word' id='word_1_22' title='bbox 549 585 777 652; x_wconf 78' lang='lat' dir='ltr'><strong>Dicent</strong></span> <span class='ocrx_word' id='word_1_23' title='bbox 840 588 1213 671; x_wconf 74' lang='lat' dir='ltr'><strong>interpretes</strong></span> <span class='ocrx_word' id='word_1_24' title='bbox 1260 584 1413 670; x_wconf 90' lang='lat' dir='ltr'><strong>quid</strong></span> <span class='ocrx_word' id='word_1_25' title='bbox 1462 584 1753 670; x_wconf 83' lang='lat' dir='ltr'><strong>deinceps</strong></span> <span class='ocrx_word' id='word_1_26' title='bbox 1801 585 1881 649; x_wconf 87' lang='lat' dir='ltr'><strong>ab</strong></span> <span class='ocrx_word' id='word_1_27' title='bbox 1930 584 2280 651; x_wconf 83' lang='lat' dir='ltr'><strong>editoribus</strong></span> <span class='ocrx_word' id='word_1_28' title='bbox 2325 591 2645 654; x_wconf 87' lang='lat' dir='ltr'><strong>tentatum</strong></span> <span class='ocrx_word' id='word_1_29' title='bbox 2692 589 2806 664; x_wconf 86' lang='lat' dir='ltr'><strong>sit,</strong></span> <span class='ocrx_word' id='word_1_30' title='bbox 2859 593 2936 652; x_wconf 87' lang='lat' dir='ltr'><strong>ut</strong></span> 
     </span>
     <span class='ocr_line' id='line_1_5' title="bbox 550 690 2934 776; baseline -0.002 -16"><span class='ocrx_word' id='word_1_31' title='bbox 550 715 626 760; x_wconf 84' lang='lat' dir='ltr'><strong>ex</strong></span> <span class='ocrx_word' id='word_1_32' title='bbox 671 694 845 758; x_wconf 88' lang='lat' dir='ltr'><strong>hisce</strong></span> <span class='ocrx_word' id='word_1_33' title='bbox 894 690 1220 758; x_wconf 87' lang='lat' dir='ltr'><strong>vocabulis</strong></span> <span class='ocrx_word' id='word_1_34' title='bbox 1270 691 1549 776; x_wconf 81' lang='lat' dir='ltr'><strong>aliquem</strong></span> <span class='ocrx_word' id='word_1_35' title='bbox 1593 690 1991 756; x_wconf 80' lang='lat' dir='ltr'><strong>tolerabilem</strong></span> <span class='ocrx_word' id='word_1_36' title='bbox 2037 713 2292 757; x_wconf 87' lang='lat' dir='ltr'><strong>sensum</strong></span> <span class='ocrx_word' id='word_1_37' title='bbox 2333 693 2782 770; x_wconf 85' lang='lat' dir='ltr'><strong>extunderent‚</strong></span> <span class='ocrx_word' id='word_1_38' title='bbox 2823 691 2934 758; x_wconf 89' lang='lat' dir='ltr'><strong>sed</strong></span> 
     </span>
     <span class='ocr_line' id='line_1_6' title="bbox 546 797 2938 885; baseline -0.001 -20"><span class='ocrx_word' id='word_1_39' title='bbox 546 800 822 866; x_wconf 87' lang='lat' dir='ltr'><strong>libenter</strong></span> <span class='ocrx_word' id='word_1_40' title='bbox 868 797 1137 864; x_wconf 90' lang='lat' dir='ltr'><strong>concedo</strong></span> <span class='ocrx_word' id='word_1_41' title='bbox 1183 797 1349 862; x_wconf 89' lang='lat' dir='ltr'><strong>nihil</strong></span> <span class='ocrx_word' id='word_1_42' title='bbox 1396 819 1615 864; x_wconf 86' lang='lat' dir='ltr'><strong>eorum</strong></span> <span class='ocrx_word' id='word_1_43' title='bbox 1674 799 1820 862; x_wconf 85' lang='lat' dir='ltr'><strong>ferri</strong></span> <span class='ocrx_word' id='word_1_44' title='bbox 1870 818 2070 883; x_wconf 88' lang='lat' dir='ltr'><strong>posse.</strong></span> <span class='ocrx_word' id='word_1_45' title='bbox 2141 797 2384 885; x_wconf 83' lang='lat' dir='ltr'><strong>Sequar</strong></span> <span class='ocrx_word' id='word_1_46' title='bbox 2419 821 2642 873; x_wconf 84' lang='lat' dir='ltr'><strong>meum</strong></span> <span class='ocrx_word' id='word_1_47' title='bbox 2682 803 2938 866; x_wconf 86' lang='lat' dir='ltr'><strong>institu-</strong></span> 
     </span>
     <span class='ocr_line' id='line_1_7' title="bbox 548 902 2935 991; baseline 0.001 -21"><span class='ocrx_word' id='word_1_48' title='bbox 548 911 725 971; x_wconf 87' lang='lat' dir='ltr'><strong>tum:</strong></span> <span class='ocrx_word' id='word_1_49' title='bbox 778 903 932 990; x_wconf 89' lang='lat' dir='ltr'><strong>quid</strong></span> <span class='ocrx_word' id='word_1_50' title='bbox 980 909 1127 990; x_wconf 87' lang='lat' dir='ltr'><strong>apte</strong></span> <span class='ocrx_word' id='word_1_51' title='bbox 1174 904 1298 970; x_wconf 90' lang='lat' dir='ltr'><strong>dici</strong></span> <span class='ocrx_word' id='word_1_52' title='bbox 1345 902 1595 989; x_wconf 79' lang='lat' dir='ltr'><strong>potuit?</strong></span> <span class='ocrx_word' id='word_1_53' title='bbox 1662 903 1920 991; x_wconf 81' lang='lat' dir='ltr'><strong>opinor,</strong></span> <span class='ocrx_word' id='word_1_54' title='bbox 1969 905 2224 971; x_wconf 79' lang='lat' dir='ltr'><strong>Niciam</strong></span> <span class='ocrx_word' id='word_1_55' title='bbox 2274 906 2353 970; x_wconf 89' lang='lat' dir='ltr'><strong>ab</strong></span> <span class='ocrx_word' id='word_1_56' title='bbox 2401 906 2727 973; x_wconf 85' lang='lat' dir='ltr'><strong>obsidione</strong></span> <span class='ocrx_word' id='word_1_57' title='bbox 2769 928 2935 972; x_wconf 87' lang='lat' dir='ltr'><strong>rece-</strong></span> 
     </span>
     <span class='ocr_line' id='line_1_8' title="bbox 550 1011 2934 1097; baseline -0.001 -17"><span class='ocrx_word' id='word_1_58' title='bbox 550 1015 695 1080; x_wconf 87' lang='lat' dir='ltr'><strong>dere</strong></span> <span class='ocrx_word' id='word_1_59' title='bbox 734 1011 1014 1080; x_wconf 87' lang='lat' dir='ltr'><strong>noluisse</strong></span> <span class='ocrx_word' id='word_1_60' title='bbox 1038 1060 1053 1087; x_wconf 92' lang='lat'>‚</span> <span class='ocrx_word' id='word_1_61' title='bbox 1098 1031 1297 1096; x_wconf 89' lang='lat' dir='ltr'><strong>quum</strong></span> <span class='ocrx_word' id='word_1_62' title='bbox 1339 1013 1549 1097; x_wconf 79' lang='lat' dir='ltr'><strong>magis</strong></span> <span class='ocrx_word' id='word_1_63' title='bbox 1585 1012 1779 1076; x_wconf 79' lang='lat' dir='ltr'><strong>etiam</strong></span> <span class='ocrx_word' id='word_1_64' title='bbox 1818 1031 2009 1095; x_wconf 90' lang='lat' dir='ltr'><strong>quam</strong></span> <span class='ocrx_word' id='word_1_65' title='bbox 2050 1017 2235 1078; x_wconf 84' lang='lat' dir='ltr'><strong>antea</strong></span> <span class='ocrx_word' id='word_1_66' title='bbox 2269 1013 2540 1078; x_wconf 78' lang='lat' dir='ltr'><strong>navibus</strong></span> <span class='ocrx_word' id='word_1_67' title='bbox 2565 1011 2934 1092; x_wconf 83' lang='lat' dir='ltr'><strong>confideret,</strong></span> 
     </span>
     <span class='ocr_line' id='line_1_9' title="bbox 548 1115 2938 1204; baseline -0.001 -20"><span class='ocrx_word' id='word_1_68' title='bbox 548 1121 605 1184; x_wconf 90' lang='lat' dir='ltr'><strong>si</strong></span> <span class='ocrx_word' id='word_1_69' title='bbox 666 1119 827 1185; x_wconf 83' lang='lat' dir='ltr'><strong>forte</strong></span> <span class='ocrx_word' id='word_1_70' title='bbox 891 1123 1057 1183; x_wconf 89' lang='lat' dir='ltr'><strong>terra</strong></span> <span class='ocrx_word' id='word_1_71' title='bbox 1118 1121 1519 1203; x_wconf 81' lang='lat' dir='ltr'><strong>superaretur</strong></span> <span class='ocrx_word' id='word_1_72' title='bbox 1536 1137 1552 1194; x_wconf 92' lang='lat'>;</span> <span class='ocrx_word' id='word_1_73' title='bbox 1614 1115 1779 1182; x_wconf 85' lang='lat' dir='ltr'><strong>illud</strong></span> <span class='ocrx_word' id='word_1_74' title='bbox 1827 1123 1994 1183; x_wconf 87' lang='lat' dir='ltr'><strong>certe</strong></span> <span class='ocrx_word' id='word_1_75' title='bbox 2042 1118 2367 1195; x_wconf 82' lang='lat' dir='ltr'><strong>videmus,</strong></span> <span class='ocrx_word' id='word_1_76' title='bbox 2423 1119 2734 1204; x_wconf 80' lang='lat' dir='ltr'><strong>quamdiu</strong></span> <span class='ocrx_word' id='word_1_77' title='bbox 2777 1119 2938 1184; x_wconf 90' lang='lat' dir='ltr'><strong>licu-</strong></span> 
     </span>
     <span class='ocr_line' id='line_1_10' title="bbox 552 1223 2934 1313; baseline -0.001 -22"><span class='ocrx_word' id='word_1_78' title='bbox 552 1228 708 1303; x_wconf 85' lang='lat' dir='ltr'><strong>erit,</strong></span> <span class='ocrx_word' id='word_1_79' title='bbox 754 1223 1062 1289; x_wconf 86' lang='lat' dir='ltr'><strong>maluisse</strong></span> <span class='ocrx_word' id='word_1_80' title='bbox 1110 1223 1363 1288; x_wconf 80' lang='lat' dir='ltr'><strong>Niciam</strong></span> <span class='ocrx_word' id='word_1_81' title='bbox 1418 1228 1586 1288; x_wconf 90' lang='lat' dir='ltr'><strong>terra</strong></span> <span class='ocrx_word' id='word_1_82' title='bbox 1631 1243 1823 1309; x_wconf 89' lang='lat' dir='ltr'><strong>quam</strong></span> <span class='ocrx_word' id='word_1_83' title='bbox 1877 1226 2043 1288; x_wconf 87' lang='lat' dir='ltr'><strong>mari</strong></span> <span class='ocrx_word' id='word_1_84' title='bbox 2089 1245 2222 1289; x_wconf 91' lang='lat' dir='ltr'><strong>rem</strong></span> <span class='ocrx_word' id='word_1_85' title='bbox 2264 1245 2521 1313; x_wconf 84' lang='lat' dir='ltr'><strong>gerere,</strong></span> <span class='ocrx_word' id='word_1_86' title='bbox 2561 1225 2643 1292; x_wconf 88' lang='lat' dir='ltr'><strong>cf.</strong></span> <span class='ocrx_word' id='word_1_87' title='bbox 2678 1224 2786 1290; x_wconf 86' lang='lat' dir='ltr'><strong>VI.</strong></span> <span class='ocrx_word' id='word_1_88' title='bbox 2829 1223 2934 1309; x_wconf 85' lang='lat'><strong>99,</strong></span> 
     </span>
     <span class='ocr_line' id='line_1_11' title="bbox 552 1330 2936 1420; baseline -0 -22"><span class='ocrx_word' id='word_1_89' title='bbox 552 1354 747 1420; x_wconf 89' lang='lat' dir='ltr'><strong>quum</strong></span> <span class='ocrx_word' id='word_1_90' title='bbox 797 1330 1090 1397; x_wconf 82' lang='lat' dir='ltr'><strong>navalem</strong></span> <span class='ocrx_word' id='word_1_91' title='bbox 1143 1351 1427 1418; x_wconf 82' lang='lat' dir='ltr'><strong>pugnam</strong></span> <span class='ocrx_word' id='word_1_92' title='bbox 1473 1335 1781 1415; x_wconf 87' lang='lat' dir='ltr'><strong>quantum</strong></span> <span class='ocrx_word' id='word_1_93' title='bbox 1825 1335 2072 1415; x_wconf 89' lang='lat' dir='ltr'><strong>posset,</strong></span> <span class='ocrx_word' id='word_1_94' title='bbox 2118 1333 2408 1397; x_wconf 85' lang='lat' dir='ltr'><strong>evitaret.</strong></span> <span class='ocrx_word' id='word_1_95' title='bbox 2455 1331 2595 1398; x_wconf 89' lang='lat' dir='ltr'><strong>Hoc</strong></span> <span class='ocrx_word' id='word_1_96' title='bbox 2625 1331 2936 1418; x_wconf 91' lang='lat' dir='ltr'><strong>quomodo</strong></span> 
     </span>
     <span class='ocr_line' id='line_1_12' title="bbox 551 1434 2936 1530; baseline -0.002 -26"><span class='ocrx_word' id='word_1_97' title='bbox 551 1439 791 1508; x_wconf 83' lang='lat' dir='ltr'><strong>Graece</strong></span> <span class='ocrx_word' id='word_1_98' title='bbox 840 1438 967 1502; x_wconf 82' lang='lat' dir='ltr'><strong>dici</strong></span> <span class='ocrx_word' id='word_1_99' title='bbox 1016 1434 1291 1530; x_wconf 61' lang='lat' dir='ltr'><strong>poterit?</strong></span> <span class='ocrx_word' id='word_1_100' title='bbox 1328 1435 1513 1514; x_wconf 68' lang='grc' dir='ltr'><strong>Ἀμα</strong></span> <span class='ocrx_word' id='word_1_101' title='bbox 1555 1445 1696 1508; x_wconf 82' lang='grc' dir='ltr'><strong><em>ταῖς</em></strong></span> <span class='ocrx_word' id='word_1_102' title='bbox 1739 1442 1887 1514; x_wconf 81' lang='grc' dir='ltr'><strong><em>γοῦν</em></strong></span> <span class='ocrx_word' id='word_1_103' title='bbox 1929 1436 2137 1502; x_wconf 79' lang='grc' dir='ltr'><strong><em>ναυσὶν</em></strong></span> <span class='ocrx_word' id='word_1_104' title='bbox 2176 1439 2545 1524; x_wconf 70' lang='grc' dir='ltr'><strong><em>(μᾶλλον)</em></strong></span> <span class='ocrx_word' id='word_1_105' title='bbox 2585 1440 2620 1516; x_wconf 73' lang='grc' dir='ltr'>ἢ</span> <span class='ocrx_word' id='word_1_106' title='bbox 2661 1439 2936 1518; x_wconf 78' lang='grc' dir='ltr'><strong><em>πρότερον</em></strong></span> 
     </span>
     <span class='ocr_line' id='line_1_13' title="bbox 556 1541 2942 1627; baseline -0.001 -16"><span class='ocrx_word' id='word_1_107' title='bbox 556 1543 971 1627; x_wconf 72' lang='grc' dir='ltr'><strong><em>θαρσήσαις</em></strong></span> <span class='ocrx_word' id='word_1_108' title='bbox 1013 1544 1078 1608; x_wconf 79' lang='grc' dir='ltr'><strong>εἰ</strong></span> <span class='ocrx_word' id='word_1_109' title='bbox 1121 1543 1588 1623; x_wconf 85' lang='grc' dir='ltr'><strong><em>κρατηθείη.</em></strong></span> <span class='ocrx_word' id='word_1_110' title='bbox 1639 1541 1710 1608; x_wconf 92' lang='lat' dir='ltr'><strong>In</strong></span> <span class='ocrx_word' id='word_1_111' title='bbox 1750 1542 1916 1609; x_wconf 79' lang='lat' dir='ltr'><strong>illud</strong></span> <span class='ocrx_word' id='word_1_112' title='bbox 1952 1547 2200 1620; x_wconf 70' lang='grc' dir='ltr'><strong><em>μᾶλλον</em></strong></span> <span class='ocrx_word' id='word_1_113' title='bbox 2236 1546 2435 1611; x_wconf 91' lang='lat' dir='ltr'><strong>etiam</strong></span> <span class='ocrx_word' id='word_1_114' title='bbox 2475 1544 2942 1611; x_wconf 85' lang='lat' dir='ltr'><strong>Herwerdenus</strong></span> 
     </span>
     <span class='ocr_line' id='line_1_14' title="bbox 553 1649 2938 1735; baseline -0.001 -16"><span class='ocrx_word' id='word_1_115' title='bbox 553 1652 711 1720; x_wconf 91' lang='lat' dir='ltr'><strong>olim</strong></span> <span class='ocrx_word' id='word_1_116' title='bbox 760 1651 1087 1717; x_wconf 84' lang='lat' dir='ltr'><strong>inciderat.</strong></span> <span class='ocrx_word' id='word_1_117' title='bbox 1138 1649 1213 1714; x_wconf 95' lang='lat' dir='ltr'><strong>In</strong></span> <span class='ocrx_word' id='word_1_118' title='bbox 1262 1653 1543 1714; x_wconf 84' lang='lat' dir='ltr'><strong>extremo</strong></span> <span class='ocrx_word' id='word_1_119' title='bbox 1593 1650 1830 1735; x_wconf 88' lang='lat' dir='ltr'><strong>capite:</strong></span> <span class='ocrx_word' id='word_1_120' title='bbox 1882 1649 2127 1717; x_wconf 81' lang='grc' dir='ltr'><strong><em>ὑπόνοια</em></strong></span> <span class='ocrx_word' id='word_1_121' title='bbox 2165 1653 2253 1728; x_wconf 77' lang='grc' dir='ltr'><strong>μή</strong></span> <span class='ocrx_word' id='word_1_122' title='bbox 2295 1675 2355 1716; x_wconf 91' lang='grc' dir='ltr'><strong>τι</strong></span> <span class='ocrx_word' id='word_1_123' title='bbox 2396 1650 2501 1716; x_wconf 75' lang='grc' dir='ltr'><strong>καὶ</strong></span> <span class='ocrx_word' id='word_1_124' title='bbox 2541 1651 2732 1717; x_wconf 81' lang='grc' dir='ltr'><strong><em>πλέον</em></strong></span> <span class='ocrx_word' id='word_1_125' title='bbox 2773 1650 2938 1724; x_wconf 77' lang='grc' dir='ltr'><strong><em>εἰδὼς</em></strong></span> 
     </span>
     <span class='ocr_line' id='line_1_15' title="bbox 552 1749 2854 1841; baseline -0.002 -14"><span class='ocrx_word' id='word_1_126' title='bbox 552 1763 579 1828; x_wconf 79' lang='grc' dir='ltr'><em>ὃ</em></span> <span class='ocrx_word' id='word_1_127' title='bbox 632 1759 852 1830; x_wconf 84' lang='grc' dir='ltr'><strong><em>Νικίας</em></strong></span> <span class='ocrx_word' id='word_1_128' title='bbox 902 1749 1489 1838; x_wconf 46' lang='grc' dir='ltr'><strong><em>ἰσχυρίζηται)</em></strong></span> <span class='ocrx_word' id='word_1_129' title='bbox 1538 1755 1819 1841; x_wconf 82' lang='lat' dir='ltr'><strong>praefero</strong></span> <span class='ocrx_word' id='word_1_130' title='bbox 1865 1756 2288 1824; x_wconf 80' lang='lat' dir='ltr'><strong>indicativum</strong></span> <span class='ocrx_word' id='word_1_131' title='bbox 2338 1757 2854 1839; x_wconf 78' lang='grc' dir='ltr'><strong><em>ἰσχυρίζετο.</em></strong></span> 
     </span>
    </p>
   </div>
   <div class='ocr_carea' id='block_1_4' title="bbox 551 1958 2943 3438">
    <p class='ocr_par' dir='ltr' id='par_1_4' title="bbox 551 1958 2943 3438">
     <span class='ocr_line' id='line_1_16' title="bbox 646 1958 2943 2048; baseline -0.003 -17"><span class='ocrx_word' id='word_1_132' title='bbox 646 1962 801 2048; x_wconf 77' lang='lat' dir='ltr'><strong>Gap.</strong></span> <span class='ocrx_word' id='word_1_133' title='bbox 852 1961 937 2026; x_wconf 83' lang='lat'><strong>53</strong></span> <span class='ocrx_word' id='word_1_134' title='bbox 978 1960 1175 2048; x_wconf 83' lang='lat' dir='ltr'><strong>vulgo</strong></span> <span class='ocrx_word' id='word_1_135' title='bbox 1214 1960 1458 2026; x_wconf 74' lang='lat' dir='ltr'><strong>editur:</strong></span> <span class='ocrx_word' id='word_1_136' title='bbox 1506 1958 2110 2040; x_wconf 78' lang='grc' dir='ltr'><strong><em>άντεμηχανῆσαντό</em></strong></span> <span class='ocrx_word' id='word_1_137' title='bbox 2146 1985 2218 2024; x_wconf 89' lang='grc' dir='ltr'><strong>τε</strong></span> <span class='ocrx_word' id='word_1_138' title='bbox 2257 1960 2559 2042; x_wconf 73' lang='grc' dir='ltr'><strong><em>σβεςήρια</em></strong></span> <span class='ocrx_word' id='word_1_139' title='bbox 2581 1959 2943 2040; x_wconf 82' lang='grc' dir='ltr'><strong><em>κωλύματα</em></strong></span> 
     </span>
     <span class='ocr_line' id='line_1_17' title="bbox 552 2065 2940 2149; baseline -0.003 -13"><span class='ocrx_word' id='word_1_140' title='bbox 552 2069 657 2136; x_wconf 71' lang='grc' dir='ltr'><strong>καὶ</strong></span> <span class='ocrx_word' id='word_1_141' title='bbox 721 2068 1076 2140; x_wconf 73' lang='grc' dir='ltr'><em>παύσαντες</em></span> <span class='ocrx_word' id='word_1_142' title='bbox 1139 2068 1248 2142; x_wconf 79' lang='grc' dir='ltr'><strong>τήν</strong></span> <span class='ocrx_word' id='word_1_143' title='bbox 1310 2091 1378 2131; x_wconf 89' lang='grc' dir='ltr'><strong>τε</strong></span> <span class='ocrx_word' id='word_1_144' title='bbox 1443 2065 1667 2148; x_wconf 85' lang='grc' dir='ltr'><strong><em>Φλόγα</em></strong></span> <span class='ocrx_word' id='word_1_145' title='bbox 1731 2067 1864 2131; x_wconf 77' lang='grc' dir='ltr'><strong>καὶ</strong></span> <span class='ocrx_word' id='word_1_146' title='bbox 1916 2067 1998 2131; x_wconf 81' lang='grc' dir='ltr'><strong><em>τὸ</em></strong></span> <span class='ocrx_word' id='word_1_147' title='bbox 2045 2070 2134 2146; x_wconf 72' lang='grc' dir='ltr'><strong>μη</strong></span> <span class='ocrx_word' id='word_1_148' title='bbox 2182 2070 2531 2149; x_wconf 76' lang='grc' dir='ltr'><em>προσελθεῖν</em></span> <span class='ocrx_word' id='word_1_149' title='bbox 2577 2069 2782 2146; x_wconf 76' lang='grc' dir='ltr'><strong><em>ἐγγὺς</em></strong></span> <span class='ocrx_word' id='word_1_150' title='bbox 2833 2070 2940 2141; x_wconf 68' lang='grc' dir='ltr'><strong>τὴν</strong></span> 
     </span>
     <span class='ocr_line' id='line_1_18' title="bbox 553 2173 2938 2252; baseline -0.001 -10"><span class='ocrx_word' id='word_1_151' title='bbox 553 2175 793 2245; x_wconf 77' lang='grc' dir='ltr'><strong><em>ὁλκάδα</em></strong></span> <span class='ocrx_word' id='word_1_152' title='bbox 832 2181 939 2240; x_wconf 81' lang='grc' dir='ltr'><strong>τοῦ</strong></span> <span class='ocrx_word' id='word_1_153' title='bbox 983 2173 1249 2239; x_wconf 77' lang='grc' dir='ltr'><strong><em>κινδύνου</em></strong></span> <span class='ocrx_word' id='word_1_154' title='bbox 1289 2173 1783 2252; x_wconf 70' lang='grc' dir='ltr'><strong>ἀπηλλάγησαν.</strong></span> <span class='ocrx_word' id='word_1_155' title='bbox 1833 2173 2151 2241; x_wconf 84' lang='lat' dir='ltr'><strong>Orationis</strong></span> <span class='ocrx_word' id='word_1_156' title='bbox 2183 2177 2543 2241; x_wconf 80' lang='lat' dir='ltr'><strong>scabritiem</strong></span> <span class='ocrx_word' id='word_1_157' title='bbox 2572 2173 2938 2243; x_wconf 81' lang='lat' dir='ltr'><strong>Classenius</strong></span> 
     </span>
     <span class='ocr_line' id='line_1_19' title="bbox 551 2280 2937 2362; baseline -0.002 -11"><span class='ocrx_word' id='word_1_158' title='bbox 551 2288 643 2351; x_wconf 91' lang='lat' dir='ltr'><strong>ita</strong></span> <span class='ocrx_word' id='word_1_159' title='bbox 701 2282 1061 2350; x_wconf 84' lang='lat' dir='ltr'><strong>excusavit:</strong></span> <span class='ocrx_word' id='word_1_160' title='bbox 1126 2281 1227 2346; x_wconf 78' lang='lat' dir='ltr'><strong>die</strong></span> <span class='ocrx_word' id='word_1_161' title='bbox 1286 2280 1364 2344; x_wconf 85' lang='lat' dir='ltr'><em>W</em></span> <span class='ocrx_word' id='word_1_162' title='bbox 1359 2282 1577 2362; x_wconf 70' lang='lat' dir='ltr'><strong>irkunq</strong></span> <span class='ocrx_word' id='word_1_163' title='bbox 1622 2282 1724 2345; x_wconf 72' lang='lat' dir='ltr'><strong>des</strong></span> <span class='ocrx_word' id='word_1_164' title='bbox 1772 2280 2075 2360; x_wconf 74' lang='grc' dir='ltr'><strong><em>σβεςήρια</em></strong></span> <span class='ocrx_word' id='word_1_165' title='bbox 2125 2283 2261 2346; x_wconf 84' lang='lat' dir='ltr'><strong>tritt</strong></span> <span class='ocrx_word' id='word_1_166' title='bbox 2309 2283 2374 2346; x_wconf 80' lang='lat' dir='ltr'><strong>in</strong></span> <span class='ocrx_word' id='word_1_167' title='bbox 2422 2282 2781 2355; x_wconf 77' lang='grc' dir='ltr'><strong><em>παύσαντες</em></strong></span> <span class='ocrx_word' id='word_1_168' title='bbox 2833 2285 2937 2358; x_wconf 68' lang='grc' dir='ltr'><strong>την</strong></span> 
     </span>
     <span class='ocr_line' id='line_1_20' title="bbox 551 2385 2936 2468; baseline -0.001 -14"><span class='ocrx_word' id='word_1_169' title='bbox 551 2389 815 2467; x_wconf 82' lang='grc' dir='ltr'><strong><em>Φλδγα,</em></strong></span> <span class='ocrx_word' id='word_1_170' title='bbox 886 2389 989 2452; x_wconf 72' lang='lat' dir='ltr'><strong>des</strong></span> <span class='ocrx_word' id='word_1_171' title='bbox 1052 2385 1401 2463; x_wconf 80' lang='grc' dir='ltr'><strong><em>κωλύματα</em></strong></span> <span class='ocrx_word' id='word_1_172' title='bbox 1464 2387 1531 2450; x_wconf 79' lang='lat' dir='ltr'><strong>in</strong></span> <span class='ocrx_word' id='word_1_173' title='bbox 1595 2387 1662 2451; x_wconf 85' lang='grc' dir='ltr'><strong><em>τὸ</em></strong></span> <span class='ocrx_word' id='word_1_174' title='bbox 1719 2389 1805 2464; x_wconf 76' lang='grc' dir='ltr'><strong>μη</strong></span> <span class='ocrx_word' id='word_1_175' title='bbox 1870 2388 2217 2468; x_wconf 79' lang='grc' dir='ltr'><strong><em>προσελθεῖν</em></strong></span> <span class='ocrx_word' id='word_1_176' title='bbox 2279 2388 2478 2467; x_wconf 75' lang='grc' dir='ltr'><strong><em>ἔγγὺς</em></strong></span> <span class='ocrx_word' id='word_1_177' title='bbox 2537 2392 2647 2466; x_wconf 77' lang='grc' dir='ltr'><strong>την</strong></span> <span class='ocrx_word' id='word_1_178' title='bbox 2696 2390 2936 2456; x_wconf 73' lang='grc' dir='ltr'><strong><em>ὁλκάδα</em></strong></span> 
     </span>
     <span class='ocr_line' id='line_1_21' title="bbox 552 2481 2936 2584; baseline -0 -21"><span class='ocrx_word' id='word_1_179' title='bbox 552 2500 780 2563; x_wconf 77' lang='lat' dir='ltr'><strong>hervor.</strong></span> <span class='ocrx_word' id='word_1_180' title='bbox 851 2493 1035 2561; x_wconf 89' lang='lat' dir='ltr'><strong>Nihil</strong></span> <span class='ocrx_word' id='word_1_181' title='bbox 1094 2494 1324 2561; x_wconf 89' lang='lat' dir='ltr'><strong>horum</strong></span> <span class='ocrx_word' id='word_1_182' title='bbox 1384 2493 1809 2561; x_wconf 85' lang='lat' dir='ltr'><strong>Herwerdeno</strong></span> <span class='ocrx_word' id='word_1_183' title='bbox 1856 2495 2220 2581; x_wconf 84' lang='lat' dir='ltr'><strong>persuaderi</strong></span> <span class='ocrx_word' id='word_1_184' title='bbox 2265 2481 2480 2582; x_wconf 86' lang='lat' dir='ltr'><strong>potuit</strong></span> <span class='ocrx_word' id='word_1_185' title='bbox 2526 2498 2746 2584; x_wconf 88' lang='lat' dir='ltr'><strong>itaque</strong></span> <span class='ocrx_word' id='word_1_186' title='bbox 2795 2518 2936 2565; x_wconf 88' lang='lat' dir='ltr'><strong>cum</strong></span> 
     </span>
     <span class='ocr_line' id='line_1_22' title="bbox 552 2602 2938 2691; baseline -0.001 -21"><span class='ocrx_word' id='word_1_187' title='bbox 552 2604 881 2671; x_wconf 87' lang='lat' dir='ltr'><strong>Badhamo</strong></span> <span class='ocrx_word' id='word_1_188' title='bbox 924 2604 1276 2668; x_wconf 82' lang='lat' dir='ltr'><strong>rectissime</strong></span> <span class='ocrx_word' id='word_1_189' title='bbox 1322 2602 1513 2667; x_wconf 85' lang='lat' dir='ltr'><strong>verba</strong></span> <span class='ocrx_word' id='word_1_190' title='bbox 1560 2602 1664 2668; x_wconf 74' lang='grc' dir='ltr'><strong>καὶ</strong></span> <span class='ocrx_word' id='word_1_191' title='bbox 1714 2605 2068 2676; x_wconf 79' lang='grc' dir='ltr'><strong><em>παύσαντες</em></strong></span> <span class='ocrx_word' id='word_1_192' title='bbox 2123 2604 2232 2675; x_wconf 70' lang='grc' dir='ltr'><strong>την</strong></span> <span class='ocrx_word' id='word_1_193' title='bbox 2276 2603 2502 2686; x_wconf 80' lang='grc' dir='ltr'><strong><em>φλόγα</em></strong></span> <span class='ocrx_word' id='word_1_194' title='bbox 2549 2606 2938 2691; x_wconf 84' lang='lat' dir='ltr'><strong>transposuit</strong></span> 
     </span>
     <span class='ocr_line' id='line_1_23' title="bbox 551 2708 2938 2799; baseline -0.001 -21"><span class='ocrx_word' id='word_1_195' title='bbox 551 2718 695 2799; x_wconf 88' lang='lat' dir='ltr'><strong>post</strong></span> <span class='ocrx_word' id='word_1_196' title='bbox 757 2714 867 2787; x_wconf 68' lang='grc' dir='ltr'><strong>τὴν</strong></span> <span class='ocrx_word' id='word_1_197' title='bbox 915 2709 1177 2777; x_wconf 80' lang='grc' dir='ltr'><strong><em>ὁλκάδα.</em></strong></span> <span class='ocrx_word' id='word_1_198' title='bbox 1248 2708 1547 2775; x_wconf 88' lang='lat' dir='ltr'><strong>Perficies</strong></span> <span class='ocrx_word' id='word_1_199' title='bbox 1596 2714 1810 2775; x_wconf 90' lang='lat' dir='ltr'><strong>autem</strong></span> <span class='ocrx_word' id='word_1_200' title='bbox 1862 2712 2312 2776; x_wconf 89' lang='lat' dir='ltr'><strong>correctionem</strong></span> <span class='ocrx_word' id='word_1_201' title='bbox 2361 2714 2414 2775; x_wconf 86' lang='lat' dir='ltr'><strong>si</strong></span> <span class='ocrx_word' id='word_1_202' title='bbox 2457 2716 2796 2797; x_wconf 79' lang='lat' dir='ltr'><strong>praeterea,</strong></span> <span class='ocrx_word' id='word_1_203' title='bbox 2833 2731 2938 2797; x_wconf 88' lang='lat' dir='ltr'><strong>pro</strong></span> 
     </span>
     <span class='ocr_line' id='line_1_24' title="bbox 554 2812 2932 2904; baseline -0 -23"><span class='ocrx_word' id='word_1_204' title='bbox 554 2818 657 2883; x_wconf 79' lang='grc' dir='ltr'><strong>καὶ</strong></span> <span class='ocrx_word' id='word_1_205' title='bbox 726 2816 797 2881; x_wconf 84' lang='grc' dir='ltr'><strong><em>τό</em></strong></span> <span class='ocrx_word' id='word_1_206' title='bbox 859 2817 1252 2901; x_wconf 81' lang='lat' dir='ltr'><strong>rescripseris</strong></span> <span class='ocrx_word' id='word_1_207' title='bbox 1316 2812 1431 2883; x_wconf 78' lang='grc' dir='ltr'><strong><em>ὤςε</em></strong></span> <span class='ocrx_word' id='word_1_208' title='bbox 1494 2816 1708 2901; x_wconf 81' lang='lat' dir='ltr'><strong>itaque</strong></span> <span class='ocrx_word' id='word_1_209' title='bbox 1770 2817 1905 2881; x_wconf 88' lang='lat' dir='ltr'><strong>sine</strong></span> <span class='ocrx_word' id='word_1_210' title='bbox 1953 2815 2087 2882; x_wconf 88' lang='lat' dir='ltr'><strong>ulla</strong></span> <span class='ocrx_word' id='word_1_211' title='bbox 2131 2815 2466 2881; x_wconf 85' lang='lat' dir='ltr'><strong>offensione</strong></span> <span class='ocrx_word' id='word_1_212' title='bbox 2510 2816 2932 2904; x_wconf 82' lang='lat' dir='ltr'><strong>intellig-itur:</strong></span> 
     </span>
     <span class='ocr_line' id='line_1_25' title="bbox 553 2920 2932 3004; baseline -0.001 -15"><span class='ocrx_word' id='word_1_213' title='bbox 553 2922 1157 3004; x_wconf 76' lang='grc' dir='ltr'><strong><em>άντεμηχανησαντό</em></strong></span> <span class='ocrx_word' id='word_1_214' title='bbox 1193 2946 1263 2986; x_wconf 86' lang='grc' dir='ltr'><strong>τε</strong></span> <span class='ocrx_word' id='word_1_215' title='bbox 1306 2922 1611 3002; x_wconf 75' lang='grc' dir='ltr'><strong><em>σβεςήρια</em></strong></span> <span class='ocrx_word' id='word_1_216' title='bbox 1653 2922 2002 3000; x_wconf 77' lang='grc' dir='ltr'><strong><em>κωλύματα</em></strong></span> <span class='ocrx_word' id='word_1_217' title='bbox 2043 2920 2188 2991; x_wconf 59' lang='lat' dir='ltr'><strong>ciis-s</strong></span> <span class='ocrx_word' id='word_1_218' title='bbox 2228 2925 2316 2999; x_wconf 72' lang='grc' dir='ltr'><strong>μη</strong></span> <span class='ocrx_word' id='word_1_219' title='bbox 2360 2923 2711 3003; x_wconf 79' lang='grc' dir='ltr'><strong><em>προσελθεῖν</em></strong></span> <span class='ocrx_word' id='word_1_220' title='bbox 2737 2923 2932 3003; x_wconf 78' lang='grc' dir='ltr'><strong><em>ἐγγὺς</em></strong></span> 
     </span>
     <span class='ocr_line' id='line_1_26' title="bbox 553 3027 2930 3111; baseline -0.002 -16"><span class='ocrx_word' id='word_1_221' title='bbox 553 3034 663 3105; x_wconf 71' lang='grc' dir='ltr'><strong>την</strong></span> <span class='ocrx_word' id='word_1_222' title='bbox 704 3029 975 3107; x_wconf 78' lang='grc' dir='ltr'><strong><em>ὁλκάδα,</em></strong></span> <span class='ocrx_word' id='word_1_223' title='bbox 1028 3027 1136 3093; x_wconf 75' lang='grc' dir='ltr'><strong>καὶ</strong></span> <span class='ocrx_word' id='word_1_224' title='bbox 1177 3028 1535 3100; x_wconf 81' lang='grc' dir='ltr'><strong><em>παύσαντες</em></strong></span> <span class='ocrx_word' id='word_1_225' title='bbox 1576 3030 1689 3101; x_wconf 76' lang='grc' dir='ltr'><strong>την</strong></span> <span class='ocrx_word' id='word_1_226' title='bbox 1727 3030 1949 3111; x_wconf 82' lang='grc' dir='ltr'><strong><em>φλόγα</em></strong></span> <span class='ocrx_word' id='word_1_227' title='bbox 1993 3034 2099 3094; x_wconf 81' lang='grc' dir='ltr'><strong>τοῦ</strong></span> <span class='ocrx_word' id='word_1_228' title='bbox 2143 3028 2407 3095; x_wconf 80' lang='grc' dir='ltr'><strong><em>κινδύνου</em></strong></span> <span class='ocrx_word' id='word_1_229' title='bbox 2432 3028 2930 3109; x_wconf 70' lang='grc' dir='ltr'><strong><em>ἀπηλλάγησαν.</em></strong></span> 
     </span>
     <span class='ocr_line' id='line_1_27' title="bbox 554 3133 2934 3223; baseline -0.002 -20"><span class='ocrx_word' id='word_1_230' title='bbox 554 3136 705 3223; x_wconf 83' lang='lat' dir='ltr'><strong>Gap.</strong></span> <span class='ocrx_word' id='word_1_231' title='bbox 772 3133 856 3201; x_wconf 82' lang='lat'><strong>5¹7</strong></span> <span class='ocrx_word' id='word_1_232' title='bbox 922 3135 1057 3199; x_wconf 84' lang='lat' dir='ltr'><strong>dixi</strong></span> <span class='ocrx_word' id='word_1_233' title='bbox 1106 3136 1329 3199; x_wconf 75' lang='lat' dir='ltr'><strong>Mnem.</strong></span> <span class='ocrx_word' id='word_1_234' title='bbox 1382 3134 1559 3201; x_wconf 80' lang='lat' dir='ltr'>XIX.</span> <span class='ocrx_word' id='word_1_235' title='bbox 1610 3134 1766 3212; x_wconf 76' lang='lat'><strong>251,</strong></span> <span class='ocrx_word' id='word_1_236' title='bbox 1819 3157 1932 3201; x_wconf 90' lang='lat' dir='ltr'><strong>cur</strong></span> <span class='ocrx_word' id='word_1_237' title='bbox 1977 3136 2295 3210; x_wconf 81' lang='grc' dir='ltr'><strong><em>αὖτοΐωνες</em></strong></span> <span class='ocrx_word' id='word_1_238' title='bbox 2345 3136 2564 3201; x_wconf 84' lang='lat' dir='ltr'><strong>malim</strong></span> <span class='ocrx_word' id='word_1_239' title='bbox 2616 3144 2682 3202; x_wconf 89' lang='lat' dir='ltr'><strong>et</strong></span> <span class='ocrx_word' id='word_1_240' title='bbox 2726 3138 2934 3223; x_wconf 87' lang='lat' dir='ltr'><strong>spuria</strong></span> 
     </span>
     <span class='ocr_line' id='line_1_28' title="bbox 554 3237 2934 3327; baseline -0.001 -19"><span class='ocrx_word' id='word_1_241' title='bbox 554 3248 703 3308; x_wconf 87' lang='lat' dir='ltr'><strong>sunt</strong></span> <span class='ocrx_word' id='word_1_242' title='bbox 771 3240 997 3308; x_wconf 84' lang='lat' dir='ltr'><strong>verba:</strong></span> <span class='ocrx_word' id='word_1_243' title='bbox 1070 3237 1221 3323; x_wconf 69' lang='grc' dir='ltr'><strong><em>[ὅτι</em></strong></span> <span class='ocrx_word' id='word_1_244' title='bbox 1296 3240 1724 3315; x_wconf 87' lang='grc' dir='ltr'><strong><em>θάλάσσης</em></strong></span> <span class='ocrx_word' id='word_1_245' title='bbox 1787 3241 2183 3322; x_wconf 82' lang='grc' dir='ltr'><strong><em>ἐκράτουν</em></strong></span> <span class='ocrx_word' id='word_1_246' title='bbox 2242 3244 2308 3307; x_wconf 81' lang='grc' dir='ltr'><strong><em>οἱ</em></strong></span> <span class='ocrx_word' id='word_1_247' title='bbox 2373 3244 2815 3327; x_wconf 87' lang='grc' dir='ltr'><strong><em>Ἀθηναῖοι]</em></strong></span> <span class='ocrx_word' id='word_1_248' title='bbox 2877 3248 2934 3307; x_wconf 87' lang='lat' dir='ltr'><strong>et</strong></span> 
     </span>
     <span class='ocr_line' id='line_1_29' title="bbox 557 3346 2252 3438; baseline -0.001 -23"><span class='ocrx_word' id='word_1_249' title='bbox 557 3355 785 3431; x_wconf 79' lang='grc' dir='ltr'><strong><em>Δωριῆς</em></strong></span> <span class='ocrx_word' id='word_1_250' title='bbox 835 3348 935 3412; x_wconf 78' lang='grc' dir='ltr'><strong><em>ἐπὶ</em></strong></span> <span class='ocrx_word' id='word_1_251' title='bbox 987 3351 1224 3427; x_wconf 75' lang='grc' dir='ltr'><strong><em>Δωριοῖς</em></strong></span> <span class='ocrx_word' id='word_1_252' title='bbox 1273 3350 1419 3426; x_wconf 85' lang='grc' dir='ltr'><strong><em>μετ’</em></strong></span> <span class='ocrx_word' id='word_1_253' title='bbox 1468 3346 1831 3433; x_wconf 74' lang='lat' dir='ltr'><strong>[&#39;A0nuoel</strong></span> <span class='ocrx_word' id='word_1_254' title='bbox 1847 3349 1962 3438; x_wconf 88' lang='grc' dir='ltr'><strong>ων]</strong></span> <span class='ocrx_word' id='word_1_255' title='bbox 2022 3349 2252 3415; x_wconf 77' lang='grc' dir='ltr'><strong><em>Ἰώνων.</em></strong></span> 
     </span>
    </p>
   </div>
   <div class='ocr_carea' id='block_1_5' title="bbox 555 3564 2936 4392">
    <p class='ocr_par' dir='ltr' id='par_1_5' title="bbox 555 3564 2936 4392">
     <span class='ocr_line' id='line_1_30' title="bbox 647 3564 2932 3653; baseline -0.001 -20"><span class='ocrx_word' id='word_1_256' title='bbox 647 3567 1063 3634; x_wconf 86' lang='lat' dir='ltr'><strong>Athenienses</strong></span> <span class='ocrx_word' id='word_1_257' title='bbox 1129 3566 1197 3629; x_wconf 89' lang='lat' dir='ltr'><strong>in</strong></span> <span class='ocrx_word' id='word_1_258' title='bbox 1263 3569 1451 3651; x_wconf 88' lang='lat' dir='ltr'><strong>portu</strong></span> <span class='ocrx_word' id='word_1_259' title='bbox 1520 3564 1977 3653; x_wconf 76' lang='lat' dir='ltr'><strong>Syracusarum</strong></span> <span class='ocrx_word' id='word_1_260' title='bbox 2061 3570 2456 3651; x_wconf 91' lang='lat' dir='ltr'><strong>postremum</strong></span> <span class='ocrx_word' id='word_1_261' title='bbox 2534 3565 2932 3647; x_wconf 85' lang='lat' dir='ltr'><strong>dimicaturi,</strong></span> 
     </span>
     <span class='ocr_line' id='line_1_31' title="bbox 555 3672 2936 3760; baseline -0.001 -21"><span class='ocrx_word' id='word_1_262' title='bbox 555 3693 718 3739; x_wconf 82' lang='lat' dir='ltr'><strong>novo</strong></span> <span class='ocrx_word' id='word_1_263' title='bbox 765 3673 956 3738; x_wconf 90' lang='lat' dir='ltr'><strong>modo</strong></span> <span class='ocrx_word' id='word_1_264' title='bbox 1006 3689 1198 3739; x_wconf 81' lang='lat' dir='ltr'><strong>naves</strong></span> <span class='ocrx_word' id='word_1_265' title='bbox 1244 3672 1712 3751; x_wconf 85' lang='lat' dir='ltr'><strong>instruxerant,</strong></span> <span class='ocrx_word' id='word_1_266' title='bbox 1761 3693 1907 3737; x_wconf 91' lang='lat' dir='ltr'><strong>cum</strong></span> <span class='ocrx_word' id='word_1_267' title='bbox 1955 3672 2236 3737; x_wconf 75' lang='lat' dir='ltr'><strong>locorum</strong></span> <span class='ocrx_word' id='word_1_268' title='bbox 2289 3674 2604 3760; x_wconf 83' lang='lat' dir='ltr'><strong>angustiis</strong></span> <span class='ocrx_word' id='word_1_269' title='bbox 2665 3672 2936 3738; x_wconf 85' lang='lat' dir='ltr'><strong>include-</strong></span> 
     </span>
     <span class='ocr_line' id='line_1_32' title="bbox 557 3774 2929 3855; baseline -0.003 -8"><span class='ocrx_word' id='word_1_270' title='bbox 557 3785 775 3847; x_wconf 86' lang='lat' dir='ltr'><strong>rentur</strong></span> <span class='ocrx_word' id='word_1_271' title='bbox 839 3783 902 3844; x_wconf 89' lang='lat' dir='ltr'><strong>et</strong></span> <span class='ocrx_word' id='word_1_272' title='bbox 963 3779 1371 3845; x_wconf 87' lang='lat' dir='ltr'><strong>circumcirca</strong></span> <span class='ocrx_word' id='word_1_273' title='bbox 1430 3778 1648 3844; x_wconf 84' lang='lat' dir='ltr'><strong>hostes</strong></span> <span class='ocrx_word' id='word_1_274' title='bbox 1711 3780 1926 3844; x_wconf 88' lang='lat' dir='ltr'><strong>omnia</strong></span> <span class='ocrx_word' id='word_1_275' title='bbox 1989 3778 2382 3855; x_wconf 82' lang='lat' dir='ltr'><strong>obtinerent,</strong></span> <span class='ocrx_word' id='word_1_276' title='bbox 2444 3774 2653 3849; x_wconf 77' lang='grc' dir='ltr'><strong><em>ἄλλως</em></strong></span> <span class='ocrx_word' id='word_1_277' title='bbox 2717 3802 2788 3843; x_wconf 87' lang='grc' dir='ltr'><strong>τε</strong></span> <span class='ocrx_word' id='word_1_278' title='bbox 2835 3776 2929 3843; x_wconf 75' lang='grc' dir='ltr'><strong>καὶ</strong></span> 
     </span>
     <span class='ocr_line' id='line_1_33' title="bbox 559 3880 2929 3967; baseline -0.002 -16"><span class='ocrx_word' id='word_1_279' title='bbox 559 3894 671 3962; x_wconf 78' lang='grc' dir='ltr'><strong><em>τῆς</em></strong></span> <span class='ocrx_word' id='word_1_280' title='bbox 718 3892 840 3965; x_wconf 76' lang='grc' dir='ltr'><strong>γῆς</strong></span> <span class='ocrx_word' id='word_1_281' title='bbox 890 3885 1051 3961; x_wconf 72' lang='grc' dir='ltr'><strong><em>πλην</em></strong></span> <span class='ocrx_word' id='word_1_282' title='bbox 1102 3880 1233 3949; x_wconf 74' lang='grc' dir='ltr'><strong><em>ὅσον</em></strong></span> <span class='ocrx_word' id='word_1_283' title='bbox 1281 3882 1356 3949; x_wconf 70' lang='grc' dir='ltr'><strong>ἂν</strong></span> <span class='ocrx_word' id='word_1_284' title='bbox 1397 3885 1423 3948; x_wconf 81' lang='grc' dir='ltr'>ὅ</span> <span class='ocrx_word' id='word_1_285' title='bbox 1474 3884 1655 3965; x_wconf 84' lang='grc' dir='ltr'><strong><em>πεζὸς</em></strong></span> <span class='ocrx_word' id='word_1_286' title='bbox 1707 3885 1873 3962; x_wconf 72' lang='grc' dir='ltr'><strong><em>ἡμῶν</em></strong></span> <span class='ocrx_word' id='word_1_287' title='bbox 1919 3883 2154 3967; x_wconf 64' lang='grc' dir='ltr'><strong><em>ἐπέχῃ,</em></strong></span> <span class='ocrx_word' id='word_1_288' title='bbox 2205 3886 2512 3964; x_wconf 76' lang='grc' dir='ltr'><strong><em>πολεμίας</em></strong></span> <span class='ocrx_word' id='word_1_289' title='bbox 2552 3884 2757 3961; x_wconf 78' lang='grc' dir='ltr'><strong><em>οὔσης.</em></strong></span> <span class='ocrx_word' id='word_1_290' title='bbox 2801 3884 2929 3949; x_wconf 86' lang='lat' dir='ltr'><strong>Hoc</strong></span> 
     </span>
     <span class='ocr_line' id='line_1_34' title="bbox 559 3987 2930 4079; baseline -0.001 -22"><span class='ocrx_word' id='word_1_291' title='bbox 559 3997 895 4079; x_wconf 86' lang='lat' dir='ltr'><strong>postquam</strong></span> <span class='ocrx_word' id='word_1_292' title='bbox 956 3990 1173 4056; x_wconf 83' lang='lat' dir='ltr'><strong>Nicias</strong></span> <span class='ocrx_word' id='word_1_293' title='bbox 1225 3997 1557 4057; x_wconf 83' lang='lat' dir='ltr'><strong>exsecutus</strong></span> <span class='ocrx_word' id='word_1_294' title='bbox 1609 3996 1702 4057; x_wconf 89' lang='lat' dir='ltr'><strong>est</strong></span> <span class='ocrx_word' id='word_1_295' title='bbox 1749 3992 1842 4055; x_wconf 89' lang='lat' dir='ltr'><strong>ita</strong></span> <span class='ocrx_word' id='word_1_296' title='bbox 1886 3993 2100 4079; x_wconf 80' lang='lat' dir='ltr'><strong>pergit</strong></span> <span class='ocrx_word' id='word_1_297' title='bbox 2147 4011 2200 4055; x_wconf 91' lang='lat' dir='ltr'><strong>c.</strong></span> <span class='ocrx_word' id='word_1_298' title='bbox 2252 3988 2370 4056; x_wconf 82' lang='lat'><strong>63:</strong></span> <span class='ocrx_word' id='word_1_299' title='bbox 2417 3987 2496 4055; x_wconf 80' lang='grc' dir='ltr'><strong>ὧν</strong></span> <span class='ocrx_word' id='word_1_300' title='bbox 2538 3993 2659 4072; x_wconf 68' lang='grc' dir='ltr'><strong>χρὴ</strong></span> <span class='ocrx_word' id='word_1_301' title='bbox 2709 4014 2930 4069; x_wconf 72' lang='grc' dir='ltr'><strong><em>μεμνη-</em></strong></span> 
     </span>
     <span class='ocr_line' id='line_1_35' title="bbox 558 4093 2927 4178; baseline -0 -14"><span class='ocrx_word' id='word_1_302' title='bbox 558 4098 769 4178; x_wconf 83' lang='grc' dir='ltr'><strong><em>μένους</em></strong></span> <span class='ocrx_word' id='word_1_303' title='bbox 845 4096 1274 4176; x_wconf 74' lang='grc' dir='ltr'><strong><em>διαμάχεσθαι</em></strong></span> <span class='ocrx_word' id='word_1_304' title='bbox 1348 4093 1479 4162; x_wconf 73' lang='grc' dir='ltr'><strong><em>ὅσον</em></strong></span> <span class='ocrx_word' id='word_1_305' title='bbox 1544 4096 1620 4162; x_wconf 75' lang='grc' dir='ltr'><strong>ἂν</strong></span> <span class='ocrx_word' id='word_1_306' title='bbox 1687 4096 1933 4172; x_wconf 88' lang='grc' dir='ltr'><strong><em>δύνησθε</em></strong></span> <span class='ocrx_word' id='word_1_307' title='bbox 2000 4098 2102 4162; x_wconf 74' lang='grc' dir='ltr'><strong>καὶ</strong></span> <span class='ocrx_word' id='word_1_308' title='bbox 2167 4099 2255 4175; x_wconf 68' lang='grc' dir='ltr'><strong>μὴ</strong></span> <span class='ocrx_word' id='word_1_309' title='bbox 2321 4095 2804 4173; x_wconf 76' lang='grc' dir='ltr'><strong><em>ἐξωθεῖσθαι</em></strong></span> <span class='ocrx_word' id='word_1_310' title='bbox 2859 4096 2927 4163; x_wconf 71' lang='grc' dir='ltr'><strong>ἒς</strong></span> 
     </span>
     <span class='ocr_line' id='line_1_36' title="bbox 561 4202 2926 4285; baseline -0.003 -14"><span class='ocrx_word' id='word_1_311' title='bbox 561 4206 847 4281; x_wconf 71' lang='grc' dir='ltr'><strong><em>αὐτην,</em></strong></span> <span class='ocrx_word' id='word_1_312' title='bbox 892 4204 1065 4269; x_wconf 74' lang='grc' dir='ltr'><strong><em>άλλα</em></strong></span> <span class='ocrx_word' id='word_1_313' title='bbox 1108 4204 1536 4282; x_wconf 77' lang='grc' dir='ltr'><strong><em>ξυμπεσούσης</em></strong></span> <span class='ocrx_word' id='word_1_314' title='bbox 1585 4202 1856 4279; x_wconf 75' lang='grc' dir='ltr'><strong><em>νηὶνεὼς</em></strong></span> <span class='ocrx_word' id='word_1_315' title='bbox 1897 4206 1986 4282; x_wconf 74' lang='grc' dir='ltr'><strong>μη</strong></span> <span class='ocrx_word' id='word_1_316' title='bbox 2029 4204 2310 4285; x_wconf 83' lang='grc' dir='ltr'><strong><em>πρότερον</em></strong></span> <span class='ocrx_word' id='word_1_317' title='bbox 2335 4202 2539 4281; x_wconf 78' lang='grc' dir='ltr'><strong><em>άξιοῦν</em></strong></span> <span class='ocrx_word' id='word_1_318' title='bbox 2565 4204 2926 4271; x_wconf 69' lang='grc' dir='ltr'><strong><em>ἀπολύεσθαι</em></strong></span> 
     </span>
     <span class='ocr_line' id='line_1_37' title="bbox 556 4310 2921 4392; baseline -0.002 -15"><span class='ocrx_word' id='word_1_319' title='bbox 556 4314 592 4389; x_wconf 74' lang='grc' dir='ltr'>ἢ</span> <span class='ocrx_word' id='word_1_320' title='bbox 680 4312 819 4384; x_wconf 80' lang='grc' dir='ltr'><strong><em>τοὺς</em></strong></span> <span class='ocrx_word' id='word_1_321' title='bbox 903 4311 1030 4376; x_wconf 81' lang='grc' dir='ltr'><strong>άπὸ</strong></span> <span class='ocrx_word' id='word_1_322' title='bbox 1097 4314 1205 4377; x_wconf 80' lang='grc' dir='ltr'><strong>τοῦ</strong></span> <span class='ocrx_word' id='word_1_323' title='bbox 1273 4312 1572 4390; x_wconf 87' lang='grc' dir='ltr'><strong><em>πολεμίου</em></strong></span> <span class='ocrx_word' id='word_1_324' title='bbox 1647 4312 2142 4392; x_wconf 80' lang='grc' dir='ltr'><strong><em>καταςρώματος</em></strong></span> <span class='ocrx_word' id='word_1_325' title='bbox 2215 4310 2482 4383; x_wconf 82' lang='grc' dir='ltr'><strong><em>ὁπλίτας</em></strong></span> <span class='ocrx_word' id='word_1_326' title='bbox 2550 4310 2921 4391; x_wconf 77' lang='grc' dir='ltr'><strong><em>άπαράξητε.</em></strong></span> 
     </span>
    </p>
   </div>
   <div class='ocr_carea' id='block_1_6' title="bbox 3100 2375 3106 3317">
    <p class='ocr_par' dir='ltr' id='par_1_6' title="bbox 3100 2375 3106 3317">
     <span class='ocr_line' id='line_1_38' title="bbox 3100 2375 3106 3317; baseline 0 0"><span class='ocrx_word' id='word_1_327' title='bbox 3100 2375 3106 3317; x_wconf 95' lang='lat' dir='ltr'><strong> </strong></span> 
     </span>
    </p>
   </div>
  </div>
 </body>
</html>
