3150 5000
519 299 608 370 ‘72
1505 321 1901 372 mono-rus.

459 532 466 536 -
518 486 911 564 detraxerat,
957 507 1082 552 non
1129 487 1423 553 κατέκαιε
1461 488 1566 554 sed
1607 489 2013 570 συμφορήσας
2049 489 2109 561 ἐς
2160 491 2405 566 ὄρυγμα
2451 490 2901 564 κατεκλήιε

519 594 1617 678 (ΚΑΤΕΚΑΙΕ-ΚΑΤΕΚΛΗΙΕ).
1666 595 1806 661 Hoc
1840 597 2051 684 magis
2092 595 2349 661 decebat
2382 595 2904 663 hominem-ava-

517 721 695 778 rum,
759 703 871 785 qui
918 704 1071 765 tunc-
1114 701 1236 766 hoo
1285 702 1516 789 agebat
1567 705 1641 766 ut
1690 701 2217 780 παρακαταθήκην
2265 701 2518 776 ξεινικήν
2562 703 2907 788 intercipe·

515 810 632 871 ret.
703 805 846 871 Nisi
891 805 1238 872 ridiculum
1274 811 1466 885 foret,
1509 807 1863 874 calumnias
1901 807 2048 874 illas
2091 807 2569 874 Corinthiorum
2594 806 2678 872 ad
2700 807 2901 872 histo-

516 914 717 980 ricam
764 915 1102 980 veritatem
1149 915 1405 1000 exigere
1424 961 1439 990 ,
1489 913 1789 980 adderem
1834 935 1947 979 nos
1993 935 2174 980 nosse
2220 917 2420 979 etiam
2466 913 2620 998 quid
2669 913 2902 980 deinde

516 1020 757 1085 factum
801 1022 906 1085 sit.
956 1017 1188 1084 Narrat
1215 1018 1506 1104 Ephorus
1546 1021 1717 1105 apud
1754 1020 2103 1108 Diogenem
2148 1019 2475 1086 Laertium
2499 1069 2517 1103 ,
2542 1022 2619 1088 ὣς
2647 1017 2904 1096 εὔξαιτο

518 1127 570 1193 εἰ
633 1127 924 1200 νικήσειεν
987 1124 1324 1203 Ὀλύμπια
1387 1125 1735 1206 τεθρίππῳ,
1806 1133 2071 1206 χρυσοῦν
2140 1125 2472 1206 ἀνδριάντα
2542 1127 2862 1192 ἀναθεῖναι
2889 1149 2905 1167 ·

518 1233 766 1308 νικήσας
817 1233 880 1298 δὲ
931 1232 1034 1296 καὶ
1084 1235 1320 1311 ἀπορῶν
1355 1233 1651 1317 χρυσίου,
1699 1231 1869 1298 κατοὶ
1910 1255 2048 1297 τινα
2092 1233 2296 1312 ἑορτὴν
2330 1232 2648 1313 ἐπιχώριον
2684 1257 2909 1300 κεκοσ-

517 1339 800 1417 μημένας
869 1338 1003 1404 ι’δὼν
1066 1337 1183 1410 τοὶς
1247 1347 1592 1416 γυναῖκας,
1666 1337 1881 1404 πάντα
1950 1338 2254 1420 ἀφείλετο
2323 1339 2429 1404 τὸν
2495 1338 2723 1416 κόσμον
2798 1339 2907 1404 καὶ

518 1445 767 1527 ἔπεμψε
814 1447 884 1512 τὸ
933 1443 1244 1520 ὥνάθημα.
1323 1443 1479 1511 Vide
1525 1451 1848 1530 praeterea
1896 1446 2046 1531 quid
2096 1445 2421 1532 Didymus
2462 1445 2537 1510 de
2577 1464 2651 1510 ea
2690 1450 2910 1511 statua

518 1553 728 1618 tradat
793 1550 961 1637 apud
1008 1550 1317 1616 Photium
1364 1553 1434 1615 in
1484 1573 1544 1616 v.
1599 1552 1953 1629 Κυψελιδῶν
1998 1549 2314 1626 ἀνάθημα.
2384 1549 2615 1615 Voluit
2659 1550 2910 1617 scilieet

516 1667 628 1732 τῆς
693 1665 928 1738 τρυφῆς
986 1657 1090 1723 κα)
1141 1663 1248 1723 τοῦ
1299 1655 1548 1737 θράσους
1601 1658 1883 1737 ἐπισχεῖν
1933 1655 2071 1729 τοὺς
2122 1656 2486 1738 Κορινθίους,
2532 1655 2632 1721 illi
2682 1663 2907 1722 autem

514 1765 950 1832 maledicendo
998 1769 1063 1830 et
1111 1762 1478 1830 mentiendo
1526 1783 1783 1829 omnem
1832 1762 2097 1830 modum
2149 1765 2569 1830 excesserunt.

608 2005 691 2075 V.
743 2004 902 2074 103:
950 2007 1003 2072 οί
1051 2005 1355 2083 Ἀθηναῖοι
1407 2003 1819 2076 ἀπολιπόντες
1859 2005 1997 2079 τοὺς
2030 2007 2251 2073 Ἴωνας
2286 2006 2395 2072 οὐκ
2433 2003 2685 2088 ἔφασαν
2712 2030 2905 2082 τιμω-

518 2113 717 2195 ρήσειν
766 2119 930 2196 σφι.
1005 2113 1214 2202 Lege:
1261 2113 1625 2193 τιμωρήσειν
1672 2109 1795 2178 ἔτι
1844 2117 1910 2178 et
1955 2112 2037 2178 ef.
2086 2111 2423 2178 Steinium.

606 2360 728 2427 VI.
793 2359 878 2426 10
897 2381 912 2425 :
975 2360 1242 2426 ἑωυτοῖσι
1303 2356 1536 2425 ἐδόκεον
1592 2354 1857 2437 μούνοισι
1920 2360 2130 2424 ταῦτα
2179 2355 2318 2429 τοὺς
2366 2353 2605 2437 Πέρσας
2656 2353 2743 2434 ἐξ
2760 2379 2805 2421 α
2820 2381 2903 2437 γ-

517 2466 992 2549 γέλλεσθαι.
1081 2464 1336 2553 Repone
1403 2465 1556 2531 ἐπα
1578 2462 2131 2544 γγέλλεσθαι,
2196 2463 2362 2551 quod
2425 2468 2596 2531 reete
2655 2462 2903 2552 legitur

513 2577 833 2662 superiore
879 2575 1104 2661 eapite.

604 2822 700 2888 De
746 2820 909 2889 vitio
955 2822 1203 2886 constat
1245 2820 1314 2883 in
1362 2816 1687 2903 Apollinis
1733 2815 1987 2882 oraculo
2035 2816 2131 2882 VI
2180 2815 2303 2881 19:

786 2926 887 2992 καὶ
941 2924 1083 2991 τότε
1130 2924 1238 3004 δή,
1287 2926 1533 2999 Μίλητε
1587 2928 1788 2988 κακῶν
1836 2922 2191 3003 ἐπιμήχανε
2242 2921 2431 3003 ἔργων

785 3039 1220 3098 πολλοῖσιν
1267 3029 1506 3097 δεῖπνόν
1553 3052 1625 3094 τε
1675 3028 1779 3094 καὶ
1826 3027 2057 3105 ὦγλαα
2105 3027 2263 3109 δῶρα
2309 3029 2559 3112 γενήσῃ.

513 3138 642 3206 Hie
688 3140 919 3204 merito
967 3137 1265 3203 omnibus
1310 3134 1640 3220 displicuit
1687 3140 2033 3211 πολλοῖσιν,
2081 3134 2191 3200 sed
2231 3134 2385 3220 quid
2423 3134 2897 3202 rescribendum

513 3242 650 3312 est?
720 3242 1077 3309 Vulturum
1127 3241 1231 3307 vel
1278 3260 1506 3308 eanum
1556 3242 1946 3306 mentionem
1988 3239 2225 3307 saetam
2271 3241 2461 3308 fuisse
2500 3240 2739 3309 dixeris
2780 3244 2905 3309 ita·

513 3373 636 3437 que
697 3348 1160 3415 Herwerdenus
1223 3346 1434 3425 ὄρνισιν
1498 3348 1804 3431 correxit3
1866 3350 2161 3432 potuerat
2219 3348 2421 3414 etiam
2484 3349 2703 3422 οἰωνοῖς
2748 3352 2904 3415 sori-

513 3460 698 3543 bere;
763 3457 1001 3522 diceres
1059 3456 1228 3520 enim
1294 3457 1549 3539 poetam
1610 3456 1678 3519 in
1723 3452 1923 3518 Iliade
1971 3451 2203 3538 legisse
2250 3455 2503 3520 οἰωνοῖσί
2547 3477 2617 3520 τε
2668 3454 2860 3521 δαῖτα
2885 3502 2903 3535 ,

513 3586 707 3651 quam
755 3564 1136 3649 scripturam
1185 3560 1517 3627 Nauckius
1562 3565 1802 3624 tuetur.
1872 3556 1997 3624 Sed
2044 3562 2330 3644 primum
2369 3560 2704 3627 literarum
2742 3563 2901 3629 dno·

515 3676 618 3737 tus
677 3669 851 3736 haud
913 3670 1069 3733 satis
1133 3667 1542 3753 respondent;
1608 3664 1835 3731 deinde
1895 3664 2109 3731 navali
2172 3664 2411 3751 proelio
2480 3668 2665 3733 Iones
2742 3670 2901 3736 vieti

512 3778 804 3861 fuerunt,
872 3794 1062 3860 quam
1132 3774 1212 3839 ob
1274 3792 1407 3838 rem
1472 3771 1666 3836 etiam
1728 3773 1931 3856 pisces
1992 3774 2307 3837 nominari
2367 3777 2742 3858 potuerunt,
2816 3773 2898 3841 ef.

512 3881 692 3948 Iliad.
761 3888 810 3945 Φ
879 3878 1028 3944 126.
1114 3878 1330 3944 Pisces
1391 3882 1606 3943 autem
1672 3876 1840 3943 ἕλλοί
1897 3876 2220 3942 interdum
2288 3876 2615 3956 dicuntur,
2690 3878 2901 3946 veluti

513 3986 708 4073 Soph.
755 3988 862 4055 Αἰ.
916 3982 1118 4053 1297;
1173 3985 1404 4064 ἐφῆκεν
1454 3982 1654 4055 ἑλλοῖς
1698 3982 1941 4065 ἰχθύσιν
1991 3983 2341 4065 διαφθοράν.
2405 3984 2573 4066 Quid
2621 3986 2679 4050 si
2717 3986 2902 4050 resti·

514 4093 823 4160 tuendum
872 4097 969 4158 est
1017 4092 1380 4157 ἑλλοῖσιν
1427 4086 1707 4155 δεῖπνονῗ

604 4322 725 4388 VI.
775 4320 899 4388 23:
949 4321 1187 4395 Σκύθην
1237 4320 1264 4384 ὃ
1314 4320 1726 4399 Ἱπποκράτης
1776 4318 2160 4393 πεδήσας.
2238 4318 2441 4407 Lege:
2490 4323 2566 4386 ἐν
2610 4319 2899 4403 πέδῃσι

516 4432 790 4507 δήσας.
863 4428 1004 4496 Hoc
1050 4433 1218 4497 certe
1264 4429 1611 4494 obtinuisse
1660 4426 1825 4492 mihi
1876 4427 2092 4493 videor
2140 4428 2367 4493 Mnem.
2415 4426 2507 4493 111
2556 4425 2708 4493 488.
