<?xml version="1.0" encoding="UTF-8"?>
<!DOCTYPE html PUBLIC "-//W3C//DTD XHTML 1.0 Transitional//EN"
    "http://www.w3.org/TR/xhtml1/DTD/xhtml1-transitional.dtd">
<html xmlns="http://www.w3.org/1999/xhtml" xml:lang="en" lang="en">
 <head>
  <title>
</title>
<meta http-equiv="Content-Type" content="text/html;charset=utf-8" />
  <meta name='ocr-system' content='tesseract 3.04.00' />
  <meta name='ocr-capabilities' content='ocr_page ocr_carea ocr_par ocr_line ocrx_word'/>
</head>
<body>
  <div class='ocr_page' id='page_1' title='image "./mnemosyne06servgoog_0114.png"; bbox 0 0 3150 5000; ppageno 0'>
   <div class='ocr_carea' id='block_1_1' title="bbox 454 157 1878 224">
    <p class='ocr_par' dir='ltr' id='par_1_1' title="bbox 454 157 1878 224">
     <span class='ocr_line' id='line_1_1' title="bbox 454 157 1878 224; baseline 0.001 -4"><span class='ocrx_word' id='word_1_1' title='bbox 454 157 583 221; x_wconf 88' lang='lat'><strong>104</strong></span> <span class='ocrx_word' id='word_1_2' title='bbox 1398 175 1485 223; x_wconf 68' lang='lat' dir='ltr'><strong>An</strong></span> <span class='ocrx_word' id='word_1_3' title='bbox 1530 175 1878 224; x_wconf 60' lang='lat' dir='ltr'><strong>tuomum.</strong></span> 
     </span>
    </p>
   </div>
   <div class='ocr_carea' id='block_1_2' title="bbox 448 335 2826 744">
    <p class='ocr_par' dir='ltr' id='par_1_2' title="bbox 448 335 2826 744">
     <span class='ocr_line' id='line_1_2' title="bbox 450 335 2824 424; baseline -0.001 -19"><span class='ocrx_word' id='word_1_4' title='bbox 450 335 548 406; x_wconf 74' lang='grc' dir='ltr'><strong>ἵνα</strong></span> <span class='ocrx_word' id='word_1_5' title='bbox 612 340 701 417; x_wconf 69' lang='grc' dir='ltr'><strong>μὴ</strong></span> <span class='ocrx_word' id='word_1_6' title='bbox 760 337 968 416; x_wconf 78' lang='grc' dir='ltr'><strong><em>μοὶτην</em></strong></span> <span class='ocrx_word' id='word_1_7' title='bbox 1022 335 1155 424; x_wconf 73' lang='grc' dir='ltr'><strong>[ἂν]</strong></span> <span class='ocrx_word' id='word_1_8' title='bbox 1204 337 1390 411; x_wconf 78' lang='grc' dir='ltr'><strong><em>ἐνίους</em></strong></span> <span class='ocrx_word' id='word_1_9' title='bbox 1438 336 1958 420; x_wconf 70' lang='grc' dir='ltr'><strong><em>ἐθεράπευον.</em></strong></span> <span class='ocrx_word' id='word_1_10' title='bbox 2029 338 2414 406; x_wconf 69' lang='lat' dir='ltr'><strong>Rectissime</strong></span> <span class='ocrx_word' id='word_1_11' title='bbox 2457 335 2824 420; x_wconf 71' lang='lat' dir='ltr'><strong>Herwerde-</strong></span> 
     </span>
     <span class='ocr_line' id='line_1_3' title="bbox 448 443 2822 532; baseline -0.001 -22"><span class='ocrx_word' id='word_1_12' title='bbox 448 466 571 510; x_wconf 90' lang='lat' dir='ltr'><strong>nus</strong></span> <span class='ocrx_word' id='word_1_13' title='bbox 628 444 1010 532; x_wconf 77' lang='lat' dir='ltr'>particulam</span> <span class='ocrx_word' id='word_1_14' title='bbox 1074 448 1402 530; x_wconf 75' lang='lat' dir='ltr'><strong>expunxit.</strong></span> <span class='ocrx_word' id='word_1_15' title='bbox 1514 445 1638 511; x_wconf 82' lang='lat' dir='ltr'><strong>Sed</strong></span> <span class='ocrx_word' id='word_1_16' title='bbox 1701 451 2024 531; x_wconf 75' lang='lat' dir='ltr'><strong>praeterea</strong></span> <span class='ocrx_word' id='word_1_17' title='bbox 2087 445 2292 510; x_wconf 87' lang='lat' dir='ltr'><strong>scribe</strong></span> <span class='ocrx_word' id='word_1_18' title='bbox 2355 443 2822 526; x_wconf 77' lang='grc' dir='ltr'><strong><em>ἐθεραπεύο-</em></strong></span> 
     </span>
     <span class='ocr_line' id='line_1_4' title="bbox 450 541 2826 644; baseline -0 -29"><span class='ocrx_word' id='word_1_19' title='bbox 450 574 612 626; x_wconf 84' lang='grc' dir='ltr'><strong><em>μεν.</em></strong></span> <span class='ocrx_word' id='word_1_20' title='bbox 706 550 949 638; x_wconf 81' lang='lat' dir='ltr'><strong>Relege</strong></span> <span class='ocrx_word' id='word_1_21' title='bbox 1010 549 1222 616; x_wconf 90' lang='lat' dir='ltr'><strong>locum</strong></span> <span class='ocrx_word' id='word_1_22' title='bbox 1278 557 1351 616; x_wconf 89' lang='lat' dir='ltr'><strong>et.</strong></span> <span class='ocrx_word' id='word_1_23' title='bbox 1404 541 1653 617; x_wconf 81' lang='lat' dir='ltr'><strong>videbis</strong></span> <span class='ocrx_word' id='word_1_24' title='bbox 1713 572 1838 616; x_wconf 89' lang='lat' dir='ltr'><strong>non</strong></span> <span class='ocrx_word' id='word_1_25' title='bbox 1887 551 1963 617; x_wconf 91' lang='lat' dir='ltr'><strong>de</strong></span> <span class='ocrx_word' id='word_1_26' title='bbox 2013 571 2078 616; x_wconf 89' lang='lat' dir='ltr'><strong>se</strong></span> <span class='ocrx_word' id='word_1_27' title='bbox 2125 551 2262 637; x_wconf 89' lang='lat' dir='ltr'><strong>ipso</strong></span> <span class='ocrx_word' id='word_1_28' title='bbox 2309 549 2559 636; x_wconf 80' lang='lat' dir='ltr'><strong>solum,</strong></span> <span class='ocrx_word' id='word_1_29' title='bbox 2605 549 2733 620; x_wconf 13' lang='lat' dir='ltr'><strong>sod.</strong></span> <span class='ocrx_word' id='word_1_30' title='bbox 2756 549 2826 644; x_wconf 81' lang='lat' dir='ltr'><strong>de</strong></span> 
     </span>
     <span class='ocr_line' id='line_1_5' title="bbox 450 657 2161 744; baseline -0.001 -21"><span class='ocrx_word' id='word_1_31' title='bbox 450 658 747 724; x_wconf 87' lang='lat' dir='ltr'><strong>omnibus</strong></span> <span class='ocrx_word' id='word_1_32' title='bbox 794 658 1221 743; x_wconf 78' lang='lat' dir='ltr'><strong>captatoribus</strong></span> <span class='ocrx_word' id='word_1_33' title='bbox 1268 657 1424 723; x_wconf 82' lang='lat' dir='ltr'><strong>haec</strong></span> <span class='ocrx_word' id='word_1_34' title='bbox 1473 657 1680 724; x_wconf 89' lang='lat' dir='ltr'><strong>dicere</strong></span> <span class='ocrx_word' id='word_1_35' title='bbox 1727 657 2161 744; x_wconf 81' lang='lat' dir='ltr'><strong>Terpsionem.</strong></span> 
     </span>
    </p>
   </div>
   <div class='ocr_carea' id='block_1_3' title="bbox 446 857 2830 1174">
    <p class='ocr_par' dir='ltr' id='par_1_3' title="bbox 446 857 2830 1174">
     <span class='ocr_line' id='line_1_6' title="bbox 542 857 2828 954; baseline -0.001 -16"><span class='ocrx_word' id='word_1_36' title='bbox 542 870 602 938; x_wconf 80' lang='grc'><strong>3.</strong></span> <span class='ocrx_word' id='word_1_37' title='bbox 654 872 719 937; x_wconf 87' lang='grc' dir='ltr'><strong>τί</strong></span> <span class='ocrx_word' id='word_1_38' title='bbox 764 870 1059 954; x_wconf 79' lang='grc' dir='ltr'><strong><em>παθόντες</em></strong></span> <span class='ocrx_word' id='word_1_39' title='bbox 1107 871 1449 951; x_wconf 69' lang='grc' dir='ltr'><strong><em>ἀλλοτρίοις</em></strong></span> <span class='ocrx_word' id='word_1_40' title='bbox 1500 871 2038 954; x_wconf 72' lang='grc' dir='ltr'><strong><em>ἕπιχαίνετες</em></strong></span> <span class='ocrx_word' id='word_1_41' title='bbox 2089 857 2438 938; x_wconf 51' lang='grc' dir='ltr'><strong>Ἦίοτοᾱο</strong></span> <span class='ocrx_word' id='word_1_42' title='bbox 2478 870 2828 954; x_wconf 64' lang='lat' dir='ltr'><strong>Lucienum</strong></span> 
     </span>
     <span class='ocr_line' id='line_1_7' title="bbox 447 976 2830 1059; baseline -0.001 -15"><span class='ocrx_word' id='word_1_43' title='bbox 447 977 756 1045; x_wconf 79' lang='lat' dir='ltr'><strong>vocabulo</strong></span> <span class='ocrx_word' id='word_1_44' title='bbox 804 983 940 1044; x_wconf 79' lang='lat' dir='ltr'><strong>tam</strong></span> <span class='ocrx_word' id='word_1_45' title='bbox 986 977 1257 1057; x_wconf 71' lang='grc' dir='ltr'><strong><em>ἅδοκίμῳ</em></strong></span> <span class='ocrx_word' id='word_1_46' title='bbox 1306 998 1497 1042; x_wconf 91' lang='lat' dir='ltr'><strong>usum</strong></span> <span class='ocrx_word' id='word_1_47' title='bbox 1545 999 1698 1045; x_wconf 86' lang='lat' dir='ltr'><strong>esse.</strong></span> <span class='ocrx_word' id='word_1_48' title='bbox 1771 977 1956 1058; x_wconf 81' lang='lat' dir='ltr'><strong>Quod</strong></span> <span class='ocrx_word' id='word_1_49' title='bbox 1994 977 2047 1044; x_wconf 93' lang='lat' dir='ltr'><strong>B</strong></span> <span class='ocrx_word' id='word_1_50' title='bbox 2073 977 2125 1044; x_wconf 95' lang='grc' dir='ltr'>Ο</span> <span class='ocrx_word' id='word_1_51' title='bbox 2169 977 2471 1044; x_wconf 79' lang='lat' dir='ltr'><strong>exhibent</strong></span> <span class='ocrx_word' id='word_1_52' title='bbox 2511 976 2830 1059; x_wconf 75' lang='grc' dir='ltr'><strong><em>ἐπιχαί-</em></strong></span> 
     </span>
     <span class='ocr_line' id='line_1_8' title="bbox 446 1083 1823 1174; baseline 0 -25"><span class='ocrx_word' id='word_1_53' title='bbox 446 1108 629 1174; x_wconf 87' lang='grc' dir='ltr'><strong><em>ρετε</em></strong></span> <span class='ocrx_word' id='word_1_54' title='bbox 677 1103 877 1150; x_wconf 72' lang='lat' dir='ltr'><strong>manu</strong></span> <span class='ocrx_word' id='word_1_55' title='bbox 922 1083 1099 1150; x_wconf 80' lang='lat' dir='ltr'><strong>ducit</strong></span> <span class='ocrx_word' id='word_1_56' title='bbox 1150 1083 1232 1148; x_wconf 76' lang='lat' dir='ltr'><strong>ad</strong></span> <span class='ocrx_word' id='word_1_57' title='bbox 1270 1086 1823 1164; x_wconf 77' lang='grc' dir='ltr'><strong><em>ἐπιχειρεῖτε.</em></strong></span> 
     </span>
    </p>
   </div>
   <div class='ocr_carea' id='block_1_4' title="bbox 542 1265 2175 1364">
    <p class='ocr_par' dir='ltr' id='par_1_4' title="bbox 542 1265 2175 1364">
     <span class='ocr_line' id='line_1_9' title="bbox 542 1265 2175 1364; baseline -0.002 -15"><span class='ocrx_word' id='word_1_58' title='bbox 542 1282 603 1348; x_wconf 88' lang='lat'><strong>4.</strong></span> <span class='ocrx_word' id='word_1_59' title='bbox 646 1281 805 1349; x_wconf 89' lang='lat' dir='ltr'><strong>Dele</strong></span> <span class='ocrx_word' id='word_1_60' title='bbox 850 1281 1307 1360; x_wconf 69' lang='grc' dir='ltr'><strong><em>ἀγρυπνίαι</em></strong></span> <span class='ocrx_word' id='word_1_61' title='bbox 1358 1280 1500 1346; x_wconf 68' lang='grc' dir='ltr'><strong>καὶ</strong></span> <span class='ocrx_word' id='word_1_62' title='bbox 1548 1279 2006 1364; x_wconf 77' lang='grc' dir='ltr'><strong><em>Φροντίδες.</em></strong></span> <span class='ocrx_word' id='word_1_63' title='bbox 2117 1265 2175 1278; x_wconf 48' lang='lat'><strong>‘⁰</strong></span> 
     </span>
    </p>
   </div>
   <div class='ocr_carea' id='block_1_5' title="bbox 448 1449 2838 1704">
    <p class='ocr_par' dir='ltr' id='par_1_5' title="bbox 451 1449 2838 1669">
     <span class='ocr_line' id='line_1_10' title="bbox 544 1449 2838 1562; baseline 0 -16"><span class='ocrx_word' id='word_1_64' title='bbox 544 1479 605 1547; x_wconf 90' lang='lat'><strong>5.</strong></span> <span class='ocrx_word' id='word_1_65' title='bbox 671 1449 948 1555; x_wconf 73' lang='grc' dir='ltr'><strong><em>ἅπαντες</em></strong></span> <span class='ocrx_word' id='word_1_66' title='bbox 1014 1479 1666 1562; x_wconf 71' lang='grc' dir='ltr'><strong><em>προελεύσονται</em></strong></span> <span class='ocrx_word' id='word_1_67' title='bbox 1716 1482 1927 1548; x_wconf 78' lang='grc' dir='ltr'><strong><em>αὐτοῦ.</em></strong></span> <span class='ocrx_word' id='word_1_68' title='bbox 1996 1479 2286 1547; x_wconf 75' lang='lat' dir='ltr'><strong>Emenda</strong></span> <span class='ocrx_word' id='word_1_69' title='bbox 2333 1479 2838 1561; x_wconf 81' lang='grc' dir='ltr'><strong><em>προαπελεύ·</em></strong></span> 
     </span>
     <span class='ocr_line' id='line_1_11' title="bbox 448 1583 2832 1704; baseline -0.001 -50.996"><span class='ocrx_word' id='word_1_70' title='bbox 448 1599 755 1653; x_wconf 83' lang='grc' dir='ltr'><strong><em>ὀ-ονται.</em></strong></span> <span class='ocrx_word' id='word_1_71' title='bbox 802 1583 900 1654; x_wconf 84' lang='lat' dir='ltr'><strong>Of.</strong></span> <span class='ocrx_word' id='word_1_72' title='bbox 948 1587 1147 1654; x_wconf 87' lang='lat' dir='ltr'><strong>D.M.</strong></span> <span class='ocrx_word' id='word_1_73' title='bbox 1197 1585 1275 1652; x_wconf 88' lang='lat' dir='ltr'><strong>V.</strong></span> <span class='ocrx_word' id='word_1_74' title='bbox 1330 1588 1365 1652; x_wconf 92' lang='grc'>1</span> <span class='ocrx_word' id='word_1_75' title='bbox 1416 1589 1467 1652; x_wconf 79' lang='grc' dir='ltr'><strong>οἱ</strong></span> <span class='ocrx_word' id='word_1_76' title='bbox 1513 1587 1575 1653; x_wconf 75' lang='grc' dir='ltr'><strong>δὲ</strong></span> <span class='ocrx_word' id='word_1_77' title='bbox 1626 1586 2218 1704; x_wconf 68' lang='grc' dir='ltr'><strong><em>προαπίτωσαν</em></strong></span> <span class='ocrx_word' id='word_1_78' title='bbox 2273 1589 2462 1654; x_wconf 79' lang='grc' dir='ltr'><strong><em>αὐτοῦ</em></strong></span> <span class='ocrx_word' id='word_1_79' title='bbox 2519 1588 2583 1653; x_wconf 72' lang='lat' dir='ltr'><strong>et</strong></span> <span class='ocrx_word' id='word_1_80' title='bbox 2629 1585 2750 1654; x_wconf 89' lang='lat' dir='ltr'><strong>XI.</strong></span> <span class='ocrx_word' id='word_1_81' title='bbox 2799 1585 2832 1650; x_wconf 95' lang='grc'>1</span> 
     </span>
    </p>
   </div>
   <div class='ocr_carea' id='block_1_6' title="bbox 451 1680 1375 1777">
    <p class='ocr_par' dir='ltr' id='par_1_6' title="bbox 451 1680 1375 1777">
     <span class='ocr_line' id='line_1_12' title="bbox 451 1680 1375 1777; baseline -0.001 -17"><span class='ocrx_word' id='word_1_82' title='bbox 451 1695 504 1760; x_wconf 78' lang='grc' dir='ltr'><strong>εἰ</strong></span> <span class='ocrx_word' id='word_1_83' title='bbox 552 1680 1059 1777; x_wconf 77' lang='grc' dir='ltr'><strong><em>προαπέλθοι</em></strong></span> <span class='ocrx_word' id='word_1_84' title='bbox 1105 1694 1375 1759; x_wconf 76' lang='grc' dir='ltr'><strong><em>αὑτοῦ.</em></strong></span> 
     </span>
    </p>
   </div>
   <div class='ocr_carea' id='block_1_7' title="bbox 398 1884 2846 2724">
    <p class='ocr_par' dir='ltr' id='par_1_7' title="bbox 398 1884 2846 2724">
     <span class='ocr_line' id='line_1_13' title="bbox 541 1884 2837 1973; baseline -0.002 -14"><span class='ocrx_word' id='word_1_85' title='bbox 541 1892 662 1959; x_wconf 86' lang='lat' dir='ltr'><strong>IX.</strong></span> <span class='ocrx_word' id='word_1_86' title='bbox 725 1891 785 1958; x_wconf 83' lang='lat'><strong>2.</strong></span> <span class='ocrx_word' id='word_1_87' title='bbox 847 1893 916 1957; x_wconf 82' lang='grc' dir='ltr'><strong>τὸ</strong></span> <span class='ocrx_word' id='word_1_88' title='bbox 980 1886 1094 1970; x_wconf 73' lang='grc' dir='ltr'><strong>μὲν</strong></span> <span class='ocrx_word' id='word_1_89' title='bbox 1150 1897 1379 1973; x_wconf 81' lang='grc' dir='ltr'><strong><em>πρῶτον</em></strong></span> <span class='ocrx_word' id='word_1_90' title='bbox 1439 1884 1702 1957; x_wconf 75' lang='grc' dir='ltr'><strong><em>απαντα</em></strong></span> <span class='ocrx_word' id='word_1_91' title='bbox 1759 1889 2196 1970; x_wconf 70' lang='grc' dir='ltr'><strong><em>ἐδυνάμην·</em></strong></span> <span class='ocrx_word' id='word_1_92' title='bbox 2273 1890 2394 1957; x_wconf 76' lang='grc' dir='ltr'><strong>ἔτι</strong></span> <span class='ocrx_word' id='word_1_93' title='bbox 2464 1891 2569 1956; x_wconf 79' lang='grc' dir='ltr'><strong>καὶ</strong></span> <span class='ocrx_word' id='word_1_94' title='bbox 2620 1890 2837 1964; x_wconf 76' lang='grc' dir='ltr'><strong><em>παῖδες</em></strong></span> 
     </span>
     <span class='ocr_line' id='line_1_14' title="bbox 451 1993 2840 2083; baseline -0.001 -18"><span class='ocrx_word' id='word_1_95' title='bbox 451 1999 729 2080; x_wconf 74' lang='grc' dir='ltr'><strong><em>ὡραῖοι</em></strong></span> <span class='ocrx_word' id='word_1_96' title='bbox 792 1993 946 2071; x_wconf 79' lang='grc' dir='ltr'><strong><em>ἦσαν</em></strong></span> <span class='ocrx_word' id='word_1_97' title='bbox 1006 1999 1246 2064; x_wconf 81' lang='grc' dir='ltr'><strong><em>πολλοί.</em></strong></span> <span class='ocrx_word' id='word_1_98' title='bbox 1345 1997 1605 2064; x_wconf 78' lang='lat' dir='ltr'><strong>Mutata</strong></span> <span class='ocrx_word' id='word_1_99' title='bbox 1667 2000 2176 2083; x_wconf 79' lang='lat' dir='ltr'><strong>interpunctione</strong></span> <span class='ocrx_word' id='word_1_100' title='bbox 2236 1998 2438 2064; x_wconf 79' lang='lat' dir='ltr'><strong>scribe</strong></span> <span class='ocrx_word' id='word_1_101' title='bbox 2501 1994 2840 2064; x_wconf 70' lang='grc' dir='ltr'><strong><em>ἅπαντα</em></strong></span> 
     </span>
     <span class='ocr_line' id='line_1_15' title="bbox 455 2100 2842 2190; baseline -0.001 -19"><span class='ocrx_word' id='word_1_102' title='bbox 455 2104 871 2182; x_wconf 69' lang='grc' dir='ltr'><strong><em>ἐδυνάμην</em></strong></span> <span class='ocrx_word' id='word_1_103' title='bbox 920 2101 1075 2170; x_wconf 79' lang='grc' dir='ltr'><strong><em>ἔτι·</em></strong></span> <span class='ocrx_word' id='word_1_104' title='bbox 1126 2103 1230 2169; x_wconf 75' lang='grc' dir='ltr'><strong>καὶ</strong></span> <span class='ocrx_word' id='word_1_105' title='bbox 1280 2105 1502 2174; x_wconf 77' lang='grc' dir='ltr'><strong><em>παῖδες</em></strong></span> <span class='ocrx_word' id='word_1_106' title='bbox 1549 2104 1830 2184; x_wconf 82' lang='grc' dir='ltr'><strong><em>ὦραῖοί</em></strong></span> <span class='ocrx_word' id='word_1_107' title='bbox 1873 2104 2031 2190; x_wconf 85' lang='grc' dir='ltr'><strong><em>(μοι)</em></strong></span> <span class='ocrx_word' id='word_1_108' title='bbox 2080 2101 2138 2179; x_wconf 70' lang='grc' dir='ltr'><strong>ἦ.</strong></span> <span class='ocrx_word' id='word_1_109' title='bbox 2186 2128 2256 2169; x_wconf 83' lang='grc' dir='ltr'><strong><em>π.</em></strong></span> <span class='ocrx_word' id='word_1_110' title='bbox 2319 2100 2556 2170; x_wconf 74' lang='lat' dir='ltr'><strong>Vitam</strong></span> <span class='ocrx_word' id='word_1_111' title='bbox 2597 2107 2842 2189; x_wconf 75' lang='lat' dir='ltr'><strong>oportet</strong></span> 
     </span>
     <span class='ocr_line' id='line_1_16' title="bbox 398 2207 2844 2298; baseline -0 -21"><span class='ocrx_word' id='word_1_112' title='bbox 398 2207 403 2212; x_wconf 44' lang='lat'>⁸</span> <span class='ocrx_word' id='word_1_113' title='bbox 454 2211 649 2277; x_wconf 84' lang='lat' dir='ltr'><strong>fuisse</strong></span> <span class='ocrx_word' id='word_1_114' title='bbox 688 2230 834 2277; x_wconf 85' lang='lat' dir='ltr'><strong>vere</strong></span> <span class='ocrx_word' id='word_1_115' title='bbox 876 2209 1096 2276; x_wconf 73' lang='grc' dir='ltr'><strong><em>ἰσόθεον</em></strong></span> <span class='ocrx_word' id='word_1_116' title='bbox 1132 2209 1606 2298; x_wconf 76' lang='lat' dir='ltr'><strong>Polystratum,</strong></span> <span class='ocrx_word' id='word_1_117' title='bbox 1653 2213 1764 2295; x_wconf 89' lang='lat' dir='ltr'><strong>qui</strong></span> <span class='ocrx_word' id='word_1_118' title='bbox 1789 2211 1984 2274; x_wconf 81' lang='lat' dir='ltr'><strong>omnia</strong></span> <span class='ocrx_word' id='word_1_119' title='bbox 1998 2217 2272 2294; x_wconf 76' lang='lat' dir='ltr'><strong>poterat,</strong></span> <span class='ocrx_word' id='word_1_120' title='bbox 2302 2210 2415 2275; x_wconf 75' lang='grc' dir='ltr'><strong><em>θεοὶ</em></strong></span> <span class='ocrx_word' id='word_1_121' title='bbox 2446 2209 2510 2276; x_wconf 76' lang='grc' dir='ltr'><strong>δέ</strong></span> <span class='ocrx_word' id='word_1_122' title='bbox 2533 2235 2603 2276; x_wconf 89' lang='grc' dir='ltr'><strong>τε</strong></span> <span class='ocrx_word' id='word_1_123' title='bbox 2631 2210 2844 2276; x_wconf 72' lang='grc' dir='ltr'><strong><em>πάντα</em></strong></span> 
     </span>
     <span class='ocr_line' id='line_1_17' title="bbox 456 2303 2842 2403; baseline 0 -22"><span class='ocrx_word' id='word_1_124' title='bbox 456 2316 773 2382; x_wconf 74' lang='grc' dir='ltr'><strong><em>δύνανται.</em></strong></span> <span class='ocrx_word' id='word_1_125' title='bbox 843 2315 1070 2382; x_wconf 88' lang='lat' dir='ltr'><strong>Potius</strong></span> <span class='ocrx_word' id='word_1_126' title='bbox 1128 2316 1311 2382; x_wconf 87' lang='lat' dir='ltr'><strong>credo</strong></span> <span class='ocrx_word' id='word_1_127' title='bbox 1362 2319 1423 2381; x_wconf 91' lang='lat' dir='ltr'><strong>ei</strong></span> <span class='ocrx_word' id='word_1_128' title='bbox 1462 2322 1766 2403; x_wconf 73' lang='lat' dir='ltr'><strong>vegetam</strong></span> <span class='ocrx_word' id='word_1_129' title='bbox 1817 2303 2028 2382; x_wconf 83' lang='lat' dir='ltr'><strong>fuisse</strong></span> <span class='ocrx_word' id='word_1_130' title='bbox 2057 2323 2376 2382; x_wconf 75' lang='lat' dir='ltr'><strong>senectam</strong></span> <span class='ocrx_word' id='word_1_131' title='bbox 2423 2321 2497 2381; x_wconf 88' lang='lat' dir='ltr'><strong>ut</strong></span> <span class='ocrx_word' id='word_1_132' title='bbox 2543 2318 2842 2382; x_wconf 85' lang='lat' dir='ltr'><strong>omnibus</strong></span> 
     </span>
     <span class='ocr_line' id='line_1_18' title="bbox 453 2420 2843 2509; baseline 0 -21"><span class='ocrx_word' id='word_1_133' title='bbox 453 2425 627 2489; x_wconf 82' lang='lat' dir='ltr'><strong>vitae</strong></span> <span class='ocrx_word' id='word_1_134' title='bbox 690 2422 1042 2488; x_wconf 87' lang='lat' dir='ltr'><strong>commodis</strong></span> <span class='ocrx_word' id='word_1_135' title='bbox 1104 2423 1231 2486; x_wconf 85' lang='lat' dir='ltr'><strong>frui</strong></span> <span class='ocrx_word' id='word_1_136' title='bbox 1294 2424 1351 2486; x_wconf 87' lang='lat' dir='ltr'><strong>ei</strong></span> <span class='ocrx_word' id='word_1_137' title='bbox 1414 2420 1670 2501; x_wconf 87' lang='lat' dir='ltr'><strong>liceret,</strong></span> <span class='ocrx_word' id='word_1_138' title='bbox 1734 2423 2023 2488; x_wconf 77' lang='lat' dir='ltr'><strong>sensibus</strong></span> <span class='ocrx_word' id='word_1_139' title='bbox 2077 2423 2358 2487; x_wconf 87' lang='lat' dir='ltr'><strong>nondum</strong></span> <span class='ocrx_word' id='word_1_140' title='bbox 2409 2443 2520 2509; x_wconf 84' lang='lat' dir='ltr'><strong>per</strong></span> <span class='ocrx_word' id='word_1_141' title='bbox 2568 2429 2843 2489; x_wconf 75' lang='lat' dir='ltr'><strong>aetutem</strong></span> 
     </span>
     <span class='ocr_line' id='line_1_19' title="bbox 448 2529 2846 2617; baseline 0 -22"><span class='ocrx_word' id='word_1_142' title='bbox 448 2530 967 2614; x_wconf 75' lang='lat' dir='ltr'><strong>hebescentibus3</strong></span> <span class='ocrx_word' id='word_1_143' title='bbox 1034 2529 1201 2614; x_wconf 92' lang='lat' dir='ltr'><strong>quod</strong></span> <span class='ocrx_word' id='word_1_144' title='bbox 1266 2549 1380 2594; x_wconf 90' lang='lat' dir='ltr'><strong>nos</strong></span> <span class='ocrx_word' id='word_1_145' title='bbox 1442 2529 1783 2596; x_wconf 83' lang='lat' dir='ltr'><strong>vernaculo</strong></span> <span class='ocrx_word' id='word_1_146' title='bbox 1847 2550 2134 2595; x_wconf 86' lang='lat' dir='ltr'><strong>sermone</strong></span> <span class='ocrx_word' id='word_1_147' title='bbox 2190 2530 2499 2596; x_wconf 81' lang='lat' dir='ltr'><strong>dicimus:</strong></span> <span class='ocrx_word' id='word_1_148' title='bbox 2548 2530 2639 2617; x_wconf 65' lang='lat' dir='ltr'><strong>hy·</strong></span> <span class='ocrx_word' id='word_1_149' title='bbox 2680 2530 2846 2616; x_wconf 58' lang='lat' dir='ltr'><strong>hefft</strong></span> 
     </span>
     <span class='ocr_line' id='line_1_20' title="bbox 453 2634 2508 2724; baseline -0 -23"><span class='ocrx_word' id='word_1_150' title='bbox 453 2639 522 2701; x_wconf 80' lang='lat' dir='ltr'><strong>al</strong></span> <span class='ocrx_word' id='word_1_151' title='bbox 564 2638 685 2724; x_wconf 67' lang='grc' dir='ltr'><strong>εῇιι</strong></span> <span class='ocrx_word' id='word_1_152' title='bbox 729 2658 1064 2718; x_wconf 73' lang='lat' dir='ltr'><strong>vermoqens</strong></span> <span class='ocrx_word' id='word_1_153' title='bbox 1108 2658 1241 2717; x_wconf 72' lang='lat' dir='ltr'><strong>noy.</strong></span> <span class='ocrx_word' id='word_1_154' title='bbox 1312 2634 1649 2701; x_wconf 78' lang='lat' dir='ltr'><strong>Praeterea</strong></span> <span class='ocrx_word' id='word_1_155' title='bbox 1693 2658 1796 2714; x_wconf 89' lang='grc' dir='ltr'><strong>μοι</strong></span> <span class='ocrx_word' id='word_1_156' title='bbox 1852 2636 2066 2701; x_wconf 80' lang='lat' dir='ltr'><strong>abesse</strong></span> <span class='ocrx_word' id='word_1_157' title='bbox 2112 2656 2236 2702; x_wconf 88' lang='lat' dir='ltr'><strong>non</strong></span> <span class='ocrx_word' id='word_1_158' title='bbox 2285 2640 2508 2722; x_wconf 74' lang='lat' dir='ltr'><strong>potest.</strong></span> 
     </span>
    </p>
   </div>
   <div class='ocr_carea' id='block_1_8' title="bbox 450 2826 2847 3025">
    <p class='ocr_par' dir='ltr' id='par_1_8' title="bbox 450 2826 2847 3025">
     <span class='ocr_line' id='line_1_21' title="bbox 450 2826 2847 2927; baseline 0 -27"><span class='ocrx_word' id='word_1_159' title='bbox 450 2860 477 2867; x_wconf 77' lang='grc'><strong>·“</strong></span> <span class='ocrx_word' id='word_1_160' title='bbox 545 2834 632 2900; x_wconf 89' lang='lat' dir='ltr'><strong>X.</strong></span> <span class='ocrx_word' id='word_1_161' title='bbox 678 2826 809 2900; x_wconf 91' lang='lat'><strong>1.</strong></span> <span class='ocrx_word' id='word_1_162' title='bbox 780 2857 844 2908; x_wconf 85' lang='grc' dir='ltr'><strong>ος</strong></span> <span class='ocrx_word' id='word_1_163' title='bbox 893 2832 968 2898; x_wconf 69' lang='grc' dir='ltr'><strong>ἂν</strong></span> <span class='ocrx_word' id='word_1_164' title='bbox 1015 2834 1104 2911; x_wconf 88' lang='grc' dir='ltr'><strong>μη</strong></span> <span class='ocrx_word' id='word_1_165' title='bbox 1150 2831 1333 2912; x_wconf 80' lang='grc' dir='ltr'><strong><em>ψιλὸς</em></strong></span> <span class='ocrx_word' id='word_1_166' title='bbox 1383 2828 1419 2914; x_wconf 66' lang='grc' dir='ltr'><em>ᾖ</em></span> <span class='ocrx_word' id='word_1_167' title='bbox 1468 2832 1606 2896; x_wconf 82' lang='grc' dir='ltr'><strong>και</strong></span> <span class='ocrx_word' id='word_1_168' title='bbox 1655 2832 1740 2897; x_wconf 91' lang='grc' dir='ltr'><strong>τα</strong></span> <span class='ocrx_word' id='word_1_169' title='bbox 1789 2828 2064 2920; x_wconf 75' lang='grc' dir='ltr'><strong><em>ἔπιπλα,</em></strong></span> <span class='ocrx_word' id='word_1_170' title='bbox 2117 2830 2552 2927; x_wconf 75' lang='grc' dir='ltr'><strong><em>ὥσπερέφην,</em></strong></span> <span class='ocrx_word' id='word_1_171' title='bbox 2596 2834 2847 2913; x_wconf 59' lang='lat' dir='ltr'><strong>&amp;rofia—</strong></span> 
     </span>
     <span class='ocr_line' id='line_1_22' title="bbox 456 2937 2297 3025; baseline -0.001 -18"><span class='ocrx_word' id='word_1_172' title='bbox 456 2944 594 3008; x_wconf 74' lang='grc' dir='ltr'><strong><em>λών.</em></strong></span> <span class='ocrx_word' id='word_1_173' title='bbox 667 2942 915 3007; x_wconf 89' lang='lat' dir='ltr'><strong>Iterum</strong></span> <span class='ocrx_word' id='word_1_174' title='bbox 962 2964 999 3004; x_wconf 78' lang='grc' dir='ltr'><strong>ιι</strong></span> <span class='ocrx_word' id='word_1_175' title='bbox 1018 2940 1100 3007; x_wconf 83' lang='grc' dir='ltr'><strong>αι’</strong></span> <span class='ocrx_word' id='word_1_176' title='bbox 1147 2944 1363 3005; x_wconf 77' lang='lat' dir='ltr'><strong>contre</strong></span> <span class='ocrx_word' id='word_1_177' title='bbox 1406 2937 1532 3005; x_wconf 90' lang='lat' dir='ltr'><strong>loci</strong></span> <span class='ocrx_word' id='word_1_178' title='bbox 1578 2941 1959 3005; x_wconf 84' lang='lat' dir='ltr'><strong>sententiam</strong></span> <span class='ocrx_word' id='word_1_179' title='bbox 2021 2942 2297 3025; x_wconf 86' lang='lat' dir='ltr'><strong>irrepsit.</strong></span> 
     </span>
    </p>
   </div>
   <div class='ocr_carea' id='block_1_9' title="bbox 372 3119 2850 3437">
    <p class='ocr_par' dir='ltr' id='par_1_9' title="bbox 372 3119 2850 3437">
     <span class='ocr_line' id='line_1_23' title="bbox 550 3119 2846 3219; baseline -0 -15"><span class='ocrx_word' id='word_1_180' title='bbox 550 3138 613 3204; x_wconf 88' lang='lat'><strong>6.</strong></span> <span class='ocrx_word' id='word_1_181' title='bbox 660 3137 711 3216; x_wconf 87' lang='grc' dir='ltr'><strong><em>β</em></strong></span> <span class='ocrx_word' id='word_1_182' title='bbox 730 3162 771 3202; x_wconf 92' lang='grc' dir='ltr'><strong><em>α</em></strong></span> <span class='ocrx_word' id='word_1_183' title='bbox 790 3162 819 3219; x_wconf 91' lang='grc' dir='ltr'><strong><em>ρ</em></strong></span> <span class='ocrx_word' id='word_1_184' title='bbox 838 3138 870 3203; x_wconf 83' lang='grc' dir='ltr'><strong><em>ύ</em></strong></span> <span class='ocrx_word' id='word_1_185' title='bbox 892 3162 921 3201; x_wconf 92' lang='grc' dir='ltr'><strong><em>ν</em></strong></span> <span class='ocrx_word' id='word_1_186' title='bbox 936 3159 1001 3202; x_wconf 91' lang='grc' dir='ltr'><strong>ει</strong></span> <span class='ocrx_word' id='word_1_187' title='bbox 1051 3138 1175 3217; x_wconf 72' lang='grc' dir='ltr'><strong>γὰρ</strong></span> <span class='ocrx_word' id='word_1_188' title='bbox 1227 3137 1328 3201; x_wconf 81' lang='grc' dir='ltr'><strong>καὶ</strong></span> <span class='ocrx_word' id='word_1_189' title='bbox 1376 3140 1588 3202; x_wconf 82' lang='grc' dir='ltr'><strong><em>ταῦτα</em></strong></span> <span class='ocrx_word' id='word_1_190' title='bbox 1636 3136 2161 3216; x_wconf 80' lang='grc' dir='ltr'><strong><em>μνημονευόμενα.</em></strong></span> <span class='ocrx_word' id='word_1_191' title='bbox 2225 3119 2436 3204; x_wconf 86' lang='lat' dir='ltr'><strong>Immo</strong></span> <span class='ocrx_word' id='word_1_192' title='bbox 2475 3139 2526 3218; x_wconf 88' lang='grc' dir='ltr'><em>β</em></span> <span class='ocrx_word' id='word_1_193' title='bbox 2545 3162 2590 3203; x_wconf 89' lang='grc' dir='ltr'><strong><em>α</em></strong></span> <span class='ocrx_word' id='word_1_194' title='bbox 2609 3163 2640 3219; x_wconf 91' lang='grc' dir='ltr'><strong><em>ρ</em></strong></span> <span class='ocrx_word' id='word_1_195' title='bbox 2659 3160 2692 3203; x_wconf 93' lang='grc' dir='ltr'><strong><em>υ</em></strong></span> <span class='ocrx_word' id='word_1_196' title='bbox 2711 3163 2742 3203; x_wconf 95' lang='grc' dir='ltr'><strong><em>ν</em></strong></span> <span class='ocrx_word' id='word_1_197' title='bbox 2758 3162 2786 3204; x_wconf 87' lang='grc' dir='ltr'><strong><em>ε</em></strong></span> <span class='ocrx_word' id='word_1_198' title='bbox 2801 3147 2846 3204; x_wconf 74' lang='grc' dir='ltr'><strong>ἲ.</strong></span> 
     </span>
     <span class='ocr_line' id='line_1_24' title="bbox 458 3242 2850 3331; baseline 0 -21"><span class='ocrx_word' id='word_1_199' title='bbox 458 3244 555 3313; x_wconf 82' lang='lat' dir='ltr'><strong>Cf.</strong></span> <span class='ocrx_word' id='word_1_200' title='bbox 616 3264 807 3329; x_wconf 76' lang='lat' dir='ltr'><strong>supra</strong></span> <span class='ocrx_word' id='word_1_201' title='bbox 868 3243 916 3321; x_wconf 85' lang='grc' dir='ltr'>β</span> <span class='ocrx_word' id='word_1_202' title='bbox 936 3266 979 3307; x_wconf 89' lang='grc' dir='ltr'><strong><em>α</em></strong></span> <span class='ocrx_word' id='word_1_203' title='bbox 994 3267 1023 3323; x_wconf 97' lang='grc' dir='ltr'><strong><em>ρ</em></strong></span> <span class='ocrx_word' id='word_1_204' title='bbox 1044 3244 1077 3319; x_wconf 72' lang='grc' dir='ltr'><em>ἠ</em></span> <span class='ocrx_word' id='word_1_205' title='bbox 1097 3265 1135 3306; x_wconf 83' lang='grc' dir='ltr'><strong><em>σ</em></strong></span> <span class='ocrx_word' id='word_1_206' title='bbox 1151 3267 1180 3308; x_wconf 90' lang='grc' dir='ltr'><strong><em>ε</em></strong></span> <span class='ocrx_word' id='word_1_207' title='bbox 1202 3266 1244 3307; x_wconf 85' lang='grc' dir='ltr'><strong>ι.</strong></span> <span class='ocrx_word' id='word_1_208' title='bbox 1327 3242 1569 3307; x_wconf 85' lang='lat' dir='ltr'><strong>Eodem</strong></span> <span class='ocrx_word' id='word_1_209' title='bbox 1633 3242 1822 3310; x_wconf 88' lang='lat' dir='ltr'><strong>modo</strong></span> <span class='ocrx_word' id='word_1_210' title='bbox 1879 3250 2212 3331; x_wconf 80' lang='lat' dir='ltr'><strong>peccatum</strong></span> <span class='ocrx_word' id='word_1_211' title='bbox 2259 3250 2356 3311; x_wconf 86' lang='lat' dir='ltr'><strong>est</strong></span> <span class='ocrx_word' id='word_1_212' title='bbox 2403 3266 2453 3310; x_wconf 89' lang='lat' dir='ltr'><strong>c.</strong></span> <span class='ocrx_word' id='word_1_213' title='bbox 2508 3243 2548 3309; x_wconf 88' lang='lat'>9</span> <span class='ocrx_word' id='word_1_214' title='bbox 2599 3244 2705 3311; x_wconf 76' lang='grc' dir='ltr'><strong>καὶ</strong></span> <span class='ocrx_word' id='word_1_215' title='bbox 2751 3248 2850 3317; x_wconf 77' lang='grc' dir='ltr'><strong>τίς</strong></span> 
     </span>
     <span class='ocr_line' id='line_1_25' title="bbox 372 3347 2030 3437; baseline -0.001 -20"><span class='ocrx_word' id='word_1_216' title='bbox 372 3386 379 3392; x_wconf 88' lang='grc'><strong>-</strong></span> <span class='ocrx_word' id='word_1_217' title='bbox 458 3352 487 3417; x_wconf 80' lang='grc' dir='ltr'><em>ὃ</em></span> <span class='ocrx_word' id='word_1_218' title='bbox 536 3349 981 3432; x_wconf 69' lang='grc' dir='ltr'><strong><em>ἀποκείρων</em></strong></span> <span class='ocrx_word' id='word_1_219' title='bbox 1030 3348 1246 3425; x_wconf 57' lang='lat' dir='ltr'><strong>&amp;crau</strong></span> <span class='ocrx_word' id='word_1_220' title='bbox 1298 3347 1471 3437; x_wconf 79' lang='lat' dir='ltr'><strong>Lege</strong></span> <span class='ocrx_word' id='word_1_221' title='bbox 1518 3349 1545 3414; x_wconf 83' lang='grc' dir='ltr'><em>ὃ</em></span> <span class='ocrx_word' id='word_1_222' title='bbox 1592 3349 1957 3431; x_wconf 71' lang='grc' dir='ltr'><strong><em>ὦποκερῶ</em></strong></span> <span class='ocrx_word' id='word_1_223' title='bbox 1977 3373 2030 3415; x_wconf 93' lang='grc' dir='ltr'><strong>ν.</strong></span> 
     </span>
    </p>
   </div>
   <div class='ocr_carea' id='block_1_10' title="bbox 408 3544 2854 4059">
    <p class='ocr_par' dir='ltr' id='par_1_10' title="bbox 408 3544 2854 4059">
     <span class='ocr_line' id='line_1_26' title="bbox 408 3544 2848 3627; baseline 0 -12"><span class='ocrx_word' id='word_1_224' title='bbox 408 3596 471 3627; x_wconf 54' lang='grc'><strong>-,</strong></span> <span class='ocrx_word' id='word_1_225' title='bbox 547 3548 671 3615; x_wconf 82' lang='grc' dir='ltr'><strong>ΧΙ.</strong></span> <span class='ocrx_word' id='word_1_226' title='bbox 738 3549 796 3613; x_wconf 93' lang='grc'><strong>1.</strong></span> <span class='ocrx_word' id='word_1_227' title='bbox 858 3546 943 3613; x_wconf 70' lang='grc' dir='ltr'><strong>τὰ</strong></span> <span class='ocrx_word' id='word_1_228' title='bbox 1004 3544 1299 3612; x_wconf 75' lang='grc' dir='ltr'><strong><em>τάλαντα</em></strong></span> <span class='ocrx_word' id='word_1_229' title='bbox 1361 3545 1559 3612; x_wconf 68' lang='grc' dir='ltr'><strong><em>ποτε</em></strong></span> <span class='ocrx_word' id='word_1_230' title='bbox 1619 3546 1768 3624; x_wconf 75' lang='grc' dir='ltr'><strong>μὲν</strong></span> <span class='ocrx_word' id='word_1_231' title='bbox 1834 3547 1947 3611; x_wconf 75' lang='grc' dir='ltr'><strong>ἐπ’</strong></span> <span class='ocrx_word' id='word_1_232' title='bbox 2010 3546 2342 3624; x_wconf 77' lang='grc' dir='ltr'><strong><em>ἐκεῖνον,</em></strong></span> <span class='ocrx_word' id='word_1_233' title='bbox 2415 3548 2552 3613; x_wconf 79' lang='grc' dir='ltr'><strong>νῦν</strong></span> <span class='ocrx_word' id='word_1_234' title='bbox 2615 3547 2668 3614; x_wconf 75' lang='grc' dir='ltr'><strong>δ’</strong></span> <span class='ocrx_word' id='word_1_235' title='bbox 2715 3548 2848 3615; x_wconf 76' lang='grc' dir='ltr'><strong><em>ἐπὶ</em></strong></span> 
     </span>
     <span class='ocr_line' id='line_1_27' title="bbox 457 3650 2849 3737; baseline -0.001 -16"><span class='ocrx_word' id='word_1_236' title='bbox 457 3680 540 3721; x_wconf 83' lang='grc' dir='ltr'><strong>το</strong></span> <span class='ocrx_word' id='word_1_237' title='bbox 561 3660 740 3720; x_wconf 84' lang='grc' dir='ltr'><strong><em>ῦτον</em></strong></span> <span class='ocrx_word' id='word_1_238' title='bbox 790 3650 1014 3732; x_wconf 79' lang='grc' dir='ltr'><strong><em>ἔρρεπε.</em></strong></span> <span class='ocrx_word' id='word_1_239' title='bbox 1091 3652 1311 3721; x_wconf 84' lang='lat' dir='ltr'><strong>Multo·</strong></span> <span class='ocrx_word' id='word_1_240' title='bbox 1350 3653 1655 3718; x_wconf 81' lang='lat' dir='ltr'><strong>usitatius</strong></span> <span class='ocrx_word' id='word_1_241' title='bbox 1695 3656 1790 3719; x_wconf 88' lang='lat' dir='ltr'><strong>est</strong></span> <span class='ocrx_word' id='word_1_242' title='bbox 1831 3651 1998 3737; x_wconf 88' lang='lat' dir='ltr'><strong>quod</strong></span> <span class='ocrx_word' id='word_1_243' title='bbox 2039 3673 2118 3719; x_wconf 88' lang='lat' dir='ltr'><strong>ex</strong></span> <span class='ocrx_word' id='word_1_244' title='bbox 2154 3652 2494 3725; x_wconf 74' lang='lat' dir='ltr'><strong>Marciano·</strong></span> <span class='ocrx_word' id='word_1_245' title='bbox 2521 3652 2849 3721; x_wconf 84' lang='lat' dir='ltr'><strong>Sommer-</strong></span> 
     </span>
     <span class='ocr_line' id='line_1_28' title="bbox 453 3759 2854 3837; baseline -0.001 -8"><span class='ocrx_word' id='word_1_246' title='bbox 453 3763 747 3829; x_wconf 79' lang='lat' dir='ltr'><strong>hrodtius</strong></span> <span class='ocrx_word' id='word_1_247' title='bbox 774 3762 1134 3829; x_wconf 78' lang='lat' dir='ltr'><strong>adnotavit:</strong></span> <span class='ocrx_word' id='word_1_248' title='bbox 1184 3760 1384 3825; x_wconf 79' lang='grc' dir='ltr'><strong><em>ποτὲ</em></strong></span> <span class='ocrx_word' id='word_1_249' title='bbox 1428 3762 1576 3836; x_wconf 76' lang='grc' dir='ltr'><strong>μὲν</strong></span> <span class='ocrx_word' id='word_1_250' title='bbox 1623 3760 1753 3825; x_wconf 76' lang='grc' dir='ltr'><strong>ἐπὶ</strong></span> <span class='ocrx_word' id='word_1_251' title='bbox 1797 3765 2116 3837; x_wconf 82' lang='grc' dir='ltr'><strong><em>τοῦτον,</em></strong></span> <span class='ocrx_word' id='word_1_252' title='bbox 2157 3760 2350 3825; x_wconf 79' lang='grc' dir='ltr'><strong><em>ποτὲ</em></strong></span> <span class='ocrx_word' id='word_1_253' title='bbox 2393 3761 2447 3824; x_wconf 78' lang='grc' dir='ltr'><strong>δ’</strong></span> <span class='ocrx_word' id='word_1_254' title='bbox 2490 3759 2608 3824; x_wconf 80' lang='grc' dir='ltr'><strong>ἐπ’</strong></span> <span class='ocrx_word' id='word_1_255' title='bbox 2653 3760 2854 3827; x_wconf 73' lang='grc' dir='ltr'><strong><em>ἐκεῖ·</em></strong></span> 
     </span>
     <span class='ocr_line' id='line_1_29' title="bbox 458 3862 2848 3955; baseline 0 -22"><span class='ocrx_word' id='word_1_256' title='bbox 458 3892 533 3934; x_wconf 87' lang='grc' dir='ltr'><strong>νο</strong></span> <span class='ocrx_word' id='word_1_257' title='bbox 553 3894 602 3933; x_wconf 95' lang='grc' dir='ltr'><strong>ν.</strong></span> <span class='ocrx_word' id='word_1_258' title='bbox 674 3866 825 3933; x_wconf 80' lang='lat' dir='ltr'><strong>Mox</strong></span> <span class='ocrx_word' id='word_1_259' title='bbox 872 3887 950 3933; x_wconf 86' lang='lat' dir='ltr'><strong>ex</strong></span> <span class='ocrx_word' id='word_1_260' title='bbox 995 3865 1217 3931; x_wconf 89' lang='lat' dir='ltr'><strong>eodem</strong></span> <span class='ocrx_word' id='word_1_261' title='bbox 1276 3868 1482 3950; x_wconf 84' lang='lat' dir='ltr'><strong>recipe</strong></span> <span class='ocrx_word' id='word_1_262' title='bbox 1529 3862 1571 3929; x_wconf 83' lang='grc' dir='ltr'><em>ὦ</em></span> <span class='ocrx_word' id='word_1_263' title='bbox 1621 3864 1862 3946; x_wconf 73' lang='grc' dir='ltr'><strong><em>Κράτης</em></strong></span> <span class='ocrx_word' id='word_1_264' title='bbox 1913 3886 2025 3951; x_wconf 85' lang='lat' dir='ltr'><strong>pro</strong></span> <span class='ocrx_word' id='word_1_265' title='bbox 2071 3866 2099 3931; x_wconf 81' lang='grc' dir='ltr'><em>ὃ</em></span> <span class='ocrx_word' id='word_1_266' title='bbox 2149 3865 2390 3949; x_wconf 68' lang='grc' dir='ltr'><strong><em>Κράτης</em></strong></span> <span class='ocrx_word' id='word_1_267' title='bbox 2440 3872 2507 3934; x_wconf 85' lang='lat' dir='ltr'><strong>et</strong></span> <span class='ocrx_word' id='word_1_268' title='bbox 2553 3888 2848 3955; x_wconf 80' lang='lat' dir='ltr'><strong>expungo</strong></span> 
     </span>
     <span class='ocr_line' id='line_1_30' title="bbox 448 3970 1660 4059; baseline -0.002 -22"><span class='ocrx_word' id='word_1_269' title='bbox 448 3973 601 4042; x_wconf 78' lang='grc' dir='ltr'><strong><em>,καί</em></strong></span> <span class='ocrx_word' id='word_1_270' title='bbox 645 3978 789 4059; x_wconf 84' lang='lat' dir='ltr'><strong>post</strong></span> <span class='ocrx_word' id='word_1_271' title='bbox 836 3974 1136 4049; x_wconf 72' lang='grc' dir='ltr'><strong><em>κτήματα</em></strong></span> <span class='ocrx_word' id='word_1_272' title='bbox 1186 3993 1333 4038; x_wconf 90' lang='lat' dir='ltr'><strong>cum</strong></span> <span class='ocrx_word' id='word_1_273' title='bbox 1380 3970 1660 4038; x_wconf 81' lang='lat' dir='ltr'><strong>StruviO.</strong></span> 
     </span>
    </p>
   </div>
   <div class='ocr_carea' id='block_1_11' title="bbox 460 4146 2843 4365">
    <p class='ocr_par' dir='ltr' id='par_1_11' title="bbox 460 4146 2843 4365">
     <span class='ocr_line' id='line_1_31' title="bbox 550 4146 2843 4259; baseline 0 -21"><span class='ocrx_word' id='word_1_274' title='bbox 550 4172 699 4240; x_wconf 88' lang='lat' dir='ltr'><strong>XII.</strong></span> <span class='ocrx_word' id='word_1_275' title='bbox 735 4172 795 4237; x_wconf 92' lang='lat'><strong>1.</strong></span> <span class='ocrx_word' id='word_1_276' title='bbox 846 4173 921 4237; x_wconf 84' lang='grc' dir='ltr'><strong>σὺ</strong></span> <span class='ocrx_word' id='word_1_277' title='bbox 969 4170 1032 4237; x_wconf 75' lang='grc' dir='ltr'><strong>δὲ</strong></span> <span class='ocrx_word' id='word_1_278' title='bbox 1076 4195 1169 4251; x_wconf 86' lang='grc' dir='ltr'><strong>πρ</strong></span> <span class='ocrx_word' id='word_1_279' title='bbox 1188 4176 1229 4235; x_wconf 78' lang='grc' dir='ltr'><strong><em>ὦ</em></strong></span> <span class='ocrx_word' id='word_1_280' title='bbox 1248 4195 1330 4236; x_wconf 90' lang='grc' dir='ltr'><strong>το</strong></span> <span class='ocrx_word' id='word_1_281' title='bbox 1352 4196 1381 4243; x_wconf 74' lang='grc' dir='ltr'><em>ς</em></span> <span class='ocrx_word' id='word_1_282' title='bbox 1429 4169 1458 4234; x_wconf 80' lang='grc' dir='ltr'><strong><em>ὅ</em></strong></span> <span class='ocrx_word' id='word_1_283' title='bbox 1504 4168 1706 4248; x_wconf 75' lang='grc' dir='ltr'><strong><em>Λίβυς</em></strong></span> <span class='ocrx_word' id='word_1_284' title='bbox 1748 4168 1924 4247; x_wconf 72' lang='grc' dir='ltr'><strong><em>λέγε.</em></strong></span> <span class='ocrx_word' id='word_1_285' title='bbox 1950 4169 2253 4238; x_wconf 87' lang='lat' dir='ltr'><strong>Mendose</strong></span> <span class='ocrx_word' id='word_1_286' title='bbox 2276 4192 2390 4259; x_wconf 88' lang='lat' dir='ltr'><strong>pro</strong></span> <span class='ocrx_word' id='word_1_287' title='bbox 2431 4198 2526 4256; x_wconf 83' lang='grc' dir='ltr'><strong>πρ</strong></span> <span class='ocrx_word' id='word_1_288' title='bbox 2545 4146 2679 4239; x_wconf 64' lang='grc' dir='ltr'><strong>ότέ</strong></span> <span class='ocrx_word' id='word_1_289' title='bbox 2698 4196 2728 4255; x_wconf 92' lang='grc' dir='ltr'><strong><em>ρ</em></strong></span> <span class='ocrx_word' id='word_1_290' title='bbox 2746 4196 2774 4239; x_wconf 93' lang='grc' dir='ltr'><strong><em>ο</em></strong></span> <span class='ocrx_word' id='word_1_291' title='bbox 2792 4197 2843 4247; x_wconf 78' lang='grc' dir='ltr'><strong>ς.</strong></span> 
     </span>
     <span class='ocr_line' id='line_1_32' title="bbox 460 4275 2145 4365; baseline -0.002 -18"><span class='ocrx_word' id='word_1_292' title='bbox 460 4282 535 4347; x_wconf 87' lang='lat' dir='ltr'><strong>cf.</strong></span> <span class='ocrx_word' id='word_1_293' title='bbox 586 4278 828 4365; x_wconf 76' lang='lat' dir='ltr'><strong>Gatapl.</strong></span> <span class='ocrx_word' id='word_1_294' title='bbox 874 4278 960 4349; x_wconf 80' lang='grc'><strong>27</strong></span> <span class='ocrx_word' id='word_1_295' title='bbox 1015 4303 1064 4344; x_wconf 88' lang='grc' dir='ltr'><strong><em>π</em></strong></span> <span class='ocrx_word' id='word_1_296' title='bbox 1080 4303 1109 4360; x_wconf 92' lang='grc' dir='ltr'><strong><em>ρ</em></strong></span> <span class='ocrx_word' id='word_1_297' title='bbox 1128 4301 1157 4344; x_wconf 89' lang='grc' dir='ltr'><strong><em>ο</em></strong></span> <span class='ocrx_word' id='word_1_298' title='bbox 1175 4278 1303 4360; x_wconf 82' lang='grc' dir='ltr'><strong><em>τέρ</em></strong></span> <span class='ocrx_word' id='word_1_299' title='bbox 1322 4302 1365 4342; x_wconf 86' lang='grc' dir='ltr'><strong><em>α</em></strong></span> <span class='ocrx_word' id='word_1_300' title='bbox 1408 4276 1472 4343; x_wconf 77' lang='grc' dir='ltr'><strong>δὲ</strong></span> <span class='ocrx_word' id='word_1_301' title='bbox 1520 4277 1596 4344; x_wconf 80' lang='grc' dir='ltr'><strong>σὺ</strong></span> <span class='ocrx_word' id='word_1_302' title='bbox 1649 4278 1683 4355; x_wconf 80' lang='grc' dir='ltr'><em>ἦ</em></span> <span class='ocrx_word' id='word_1_303' title='bbox 1731 4277 1921 4352; x_wconf 86' lang='grc' dir='ltr'><strong><em>Κλίνη</em></strong></span> <span class='ocrx_word' id='word_1_304' title='bbox 1970 4275 2145 4357; x_wconf 72' lang='grc' dir='ltr'><strong><em>λέγε.</em></strong></span> 
     </span>
    </p>
   </div>
  </div>
 </body>
</html>
