<?xml version="1.0" encoding="UTF-8"?>
<!DOCTYPE html PUBLIC "-//W3C//DTD XHTML 1.0 Transitional//EN"
    "http://www.w3.org/TR/xhtml1/DTD/xhtml1-transitional.dtd">
<html xmlns="http://www.w3.org/1999/xhtml" xml:lang="en" lang="en">
 <head>
  <title>
</title>
<meta http-equiv="Content-Type" content="text/html;charset=utf-8" />
  <meta name='ocr-system' content='tesseract 3.04.00' />
  <meta name='ocr-capabilities' content='ocr_page ocr_carea ocr_par ocr_line ocrx_word'/>
</head>
<body>
  <div class='ocr_page' id='page_1' title='image "./mnemosyne06servgoog_0285.png"; bbox 0 0 3150 5000; ppageno 0'>
   <div class='ocr_carea' id='block_1_1' title="bbox 1077 309 2603 380">
    <p class='ocr_par' dir='ltr' id='par_1_1' title="bbox 1077 309 2603 380">
     <span class='ocr_line' id='line_1_1' title="bbox 1077 309 2603 380; baseline 0.002 -3"><span class='ocrx_word' id='word_1_1' title='bbox 1077 327 1354 378; x_wconf 62' lang='lat' dir='ltr'><strong>smnus</strong></span> <span class='ocrx_word' id='word_1_2' title='bbox 1397 327 1731 378; x_wconf 75' lang='lat' dir='ltr'><strong>sosarnus.</strong></span> <span class='ocrx_word' id='word_1_3' title='bbox 2467 309 2603 380; x_wconf 77' lang='lat'><strong>2¹73</strong></span> 
     </span>
    </p>
   </div>
   <div class='ocr_carea' id='block_1_2' title="bbox 224 490 2606 4502">
    <p class='ocr_par' dir='ltr' id='par_1_2' title="bbox 224 490 2606 4184">
     <span class='ocr_line' id='line_1_2' title="bbox 313 490 2603 579; baseline 0 -19"><span class='ocrx_word' id='word_1_4' title='bbox 313 492 773 560; x_wconf 74' lang='lat' dir='ltr'><strong>Testimonium</strong></span> <span class='ocrx_word' id='word_1_5' title='bbox 834 499 932 559; x_wconf 89' lang='lat' dir='ltr'><strong>est</strong></span> <span class='ocrx_word' id='word_1_6' title='bbox 993 493 1032 560; x_wconf 86' lang='lat' dir='ltr'><strong>J</strong></span> <span class='ocrx_word' id='word_1_7' title='bbox 1035 494 1254 579; x_wconf 91' lang='lat' dir='ltr'><strong>osephi</strong></span> <span class='ocrx_word' id='word_1_8' title='bbox 1318 494 1396 560; x_wconf 88' lang='lat' dir='ltr'><strong>de</strong></span> <span class='ocrx_word' id='word_1_9' title='bbox 1450 492 1489 559; x_wconf 87' lang='lat' dir='ltr'><strong>J</strong></span> <span class='ocrx_word' id='word_1_10' title='bbox 1494 514 1607 558; x_wconf 90' lang='lat' dir='ltr'><strong>esu</strong></span> <span class='ocrx_word' id='word_1_11' title='bbox 1657 490 1911 559; x_wconf 89' lang='lat' dir='ltr'><strong>Christo</strong></span> <span class='ocrx_word' id='word_1_12' title='bbox 1929 541 1945 569; x_wconf 86' lang='lat'><strong>.</strong></span> <span class='ocrx_word' id='word_1_13' title='bbox 1998 494 2165 579; x_wconf 88' lang='lat' dir='ltr'><strong>quod</strong></span> <span class='ocrx_word' id='word_1_14' title='bbox 2214 515 2433 562; x_wconf 89' lang='lat' dir='ltr'><strong>omnes</strong></span> <span class='ocrx_word' id='word_1_15' title='bbox 2477 497 2603 562; x_wconf 88' lang='lat' dir='ltr'><strong>nisi</strong></span> 
     </span>
     <span class='ocr_line' id='line_1_3' title="bbox 231 599 2602 686; baseline 0.001 -22"><span class='ocrx_word' id='word_1_16' title='bbox 231 599 402 665; x_wconf 79' lang='lat' dir='ltr'><strong>fallor</strong></span> <span class='ocrx_word' id='word_1_17' title='bbox 445 600 634 665; x_wconf 89' lang='lat' dir='ltr'><strong>hodie</strong></span> <span class='ocrx_word' id='word_1_18' title='bbox 681 600 1134 666; x_wconf 86' lang='lat' dir='ltr'><strong>intellexerunt</strong></span> <span class='ocrx_word' id='word_1_19' title='bbox 1181 621 1316 666; x_wconf 86' lang='lat' dir='ltr'><strong>esse</strong></span> <span class='ocrx_word' id='word_1_20' title='bbox 1363 602 1655 684; x_wconf 86' lang='lat' dir='ltr'><strong>spurium</strong></span> <span class='ocrx_word' id='word_1_21' title='bbox 1678 646 1695 677; x_wconf 84' lang='lat'>‚</span> <span class='ocrx_word' id='word_1_22' title='bbox 1752 621 1900 664; x_wconf 89' lang='lat' dir='ltr'><strong>cum</strong></span> <span class='ocrx_word' id='word_1_23' title='bbox 1950 621 2024 664; x_wconf 90' lang='lat' dir='ltr'><strong>ea</strong></span> <span class='ocrx_word' id='word_1_24' title='bbox 2068 603 2359 686; x_wconf 87' lang='lat' dir='ltr'><strong>pericope</strong></span> <span class='ocrx_word' id='word_1_25' title='bbox 2402 604 2602 667; x_wconf 89' lang='lat' dir='ltr'><strong>inter-</strong></span> 
     </span>
     <span class='ocr_line' id='line_1_4' title="bbox 228 703 2603 791; baseline 0 -20"><span class='ocrx_word' id='word_1_26' title='bbox 228 703 426 789; x_wconf 87' lang='lat' dir='ltr'><strong>polata</strong></span> <span class='ocrx_word' id='word_1_27' title='bbox 487 708 608 784; x_wconf 89' lang='lat' dir='ltr'><strong>sit,</strong></span> <span class='ocrx_word' id='word_1_28' title='bbox 653 704 834 772; x_wconf 88' lang='lat' dir='ltr'><strong>locus</strong></span> <span class='ocrx_word' id='word_1_29' title='bbox 881 712 978 770; x_wconf 88' lang='lat' dir='ltr'><strong>est</strong></span> <span class='ocrx_word' id='word_1_30' title='bbox 1023 707 1240 789; x_wconf 88' lang='lat' dir='ltr'><strong>Antiq.</strong></span> <span class='ocrx_word' id='word_1_31' title='bbox 1297 705 1402 769; x_wconf 87' lang='lat'><strong>18.</strong></span> <span class='ocrx_word' id='word_1_32' title='bbox 1455 707 1516 768; x_wconf 90' lang='lat'><strong>3.</strong></span> <span class='ocrx_word' id='word_1_33' title='bbox 1567 705 1645 780; x_wconf 84' lang='lat'><strong>3,</strong></span> <span class='ocrx_word' id='word_1_34' title='bbox 1694 707 1777 768; x_wconf 86' lang='lat' dir='ltr'><strong>iis</strong></span> <span class='ocrx_word' id='word_1_35' title='bbox 1826 705 2217 790; x_wconf 78' lang='lat' dir='ltr'><strong>temporibus</strong></span> <span class='ocrx_word' id='word_1_36' title='bbox 2260 727 2422 791; x_wconf 89' lang='lat' dir='ltr'><strong>quae</strong></span> <span class='ocrx_word' id='word_1_37' title='bbox 2467 706 2603 772; x_wconf 89' lang='lat' dir='ltr'><strong>fue-</strong></span> 
     </span>
     <span class='ocr_line' id='line_1_5' title="bbox 227 809 2601 898; baseline 0 -22"><span class='ocrx_word' id='word_1_38' title='bbox 227 817 364 876; x_wconf 87' lang='lat' dir='ltr'><strong>runt</strong></span> <span class='ocrx_word' id='word_1_39' title='bbox 406 813 578 877; x_wconf 85' lang='lat' dir='ltr'><strong>inter</strong></span> <span class='ocrx_word' id='word_1_40' title='bbox 623 810 964 898; x_wconf 84' lang='lat' dir='ltr'><strong>Origenem</strong></span> <span class='ocrx_word' id='word_1_41' title='bbox 1015 817 1079 876; x_wconf 87' lang='lat' dir='ltr'><strong>et</strong></span> <span class='ocrx_word' id='word_1_42' title='bbox 1125 811 1511 888; x_wconf 80' lang='lat' dir='ltr'><strong>Eusebium3</strong></span> <span class='ocrx_word' id='word_1_43' title='bbox 1563 811 1673 876; x_wconf 88' lang='lat' dir='ltr'><strong>sed</strong></span> <span class='ocrx_word' id='word_1_44' title='bbox 1720 809 1964 894; x_wconf 88' lang='lat' dir='ltr'><strong>aliquid</strong></span> <span class='ocrx_word' id='word_1_45' title='bbox 2012 810 2158 876; x_wconf 89' lang='lat' dir='ltr'><strong>addi</strong></span> <span class='ocrx_word' id='word_1_46' title='bbox 2200 833 2379 896; x_wconf 86' lang='lat' dir='ltr'><strong>posse</strong></span> <span class='ocrx_word' id='word_1_47' title='bbox 2420 812 2601 878; x_wconf 88' lang='lat' dir='ltr'><strong>vide—</strong></span> 
     </span>
     <span class='ocr_line' id='line_1_6' title="bbox 229 916 2605 1003; baseline 0.001 -22"><span class='ocrx_word' id='word_1_48' title='bbox 229 925 324 982; x_wconf 88' lang='lat' dir='ltr'><strong>tur</strong></span> <span class='ocrx_word' id='word_1_49' title='bbox 354 938 478 1002; x_wconf 86' lang='lat' dir='ltr'><strong>quo</strong></span> <span class='ocrx_word' id='word_1_50' title='bbox 521 925 658 984; x_wconf 88' lang='lat' dir='ltr'><strong>tota</strong></span> <span class='ocrx_word' id='word_1_51' title='bbox 692 921 978 1003; x_wconf 81' lang='lat' dir='ltr'>quaestio</span> <span class='ocrx_word' id='word_1_52' title='bbox 1019 917 1254 982; x_wconf 86' lang='lat' dir='ltr'><strong>melius</strong></span> <span class='ocrx_word' id='word_1_53' title='bbox 1291 916 1685 993; x_wconf 75' lang='lat' dir='ltr'><strong>illustretur,</strong></span> <span class='ocrx_word' id='word_1_54' title='bbox 1719 939 1868 981; x_wconf 88' lang='lat' dir='ltr'><strong>nam</strong></span> <span class='ocrx_word' id='word_1_55' title='bbox 1895 917 1961 982; x_wconf 88' lang='lat' dir='ltr'><strong>id</strong></span> <span class='ocrx_word' id='word_1_56' title='bbox 1986 920 2196 1002; x_wconf 89' lang='lat' dir='ltr'><strong>ipsum</strong></span> <span class='ocrx_word' id='word_1_57' title='bbox 2226 919 2605 984; x_wconf 72' lang='lat' dir='ltr'><strong>admirabile</strong></span> 
     </span>
     <span class='ocr_line' id='line_1_7' title="bbox 227 1020 2605 1110; baseline 0 -22"><span class='ocrx_word' id='word_1_58' title='bbox 227 1028 340 1100; x_wconf 84' lang='lat' dir='ltr'><strong>est,</strong></span> <span class='ocrx_word' id='word_1_59' title='bbox 390 1025 710 1108; x_wconf 88' lang='lat' dir='ltr'><strong>quomodo</strong></span> <span class='ocrx_word' id='word_1_60' title='bbox 755 1023 1074 1110; x_wconf 87' lang='lat' dir='ltr'><strong>Josephus</strong></span> <span class='ocrx_word' id='word_1_61' title='bbox 1121 1024 1198 1088; x_wconf 93' lang='lat' dir='ltr'><strong>de</strong></span> <span class='ocrx_word' id='word_1_62' title='bbox 1248 1020 1506 1089; x_wconf 85' lang='lat' dir='ltr'><strong>Christo</strong></span> <span class='ocrx_word' id='word_1_63' title='bbox 1553 1029 1759 1088; x_wconf 82' lang='lat' dir='ltr'><strong>tacere</strong></span> <span class='ocrx_word' id='word_1_64' title='bbox 1806 1025 2125 1107; x_wconf 86' lang='lat' dir='ltr'><strong>potuerit,</strong></span> <span class='ocrx_word' id='word_1_65' title='bbox 2176 1045 2322 1089; x_wconf 89' lang='lat' dir='ltr'><strong>cum</strong></span> <span class='ocrx_word' id='word_1_66' title='bbox 2370 1025 2605 1089; x_wconf 86' lang='lat' dir='ltr'><strong>scribat</strong></span> 
     </span>
     <span class='ocr_line' id='line_1_8' title="bbox 231 1126 2605 1226; baseline 0.001 -32"><span class='ocrx_word' id='word_1_67' title='bbox 231 1131 426 1215; x_wconf 82' lang='lat' dir='ltr'><strong>Antiq.</strong></span> <span class='ocrx_word' id='word_1_68' title='bbox 494 1129 608 1194; x_wconf 83' lang='lat'><strong>20.</strong></span> <span class='ocrx_word' id='word_1_69' title='bbox 675 1129 738 1195; x_wconf 87' lang='grc'><strong>9.</strong></span> <span class='ocrx_word' id='word_1_70' title='bbox 794 1131 827 1195; x_wconf 92' lang='grc'>1</span> <span class='ocrx_word' id='word_1_71' title='bbox 881 1131 957 1195; x_wconf 92' lang='lat' dir='ltr'><strong>de</strong></span> <span class='ocrx_word' id='word_1_72' title='bbox 1005 1126 1301 1214; x_wconf 89' lang='lat' dir='ltr'><strong>pontifice</strong></span> <span class='ocrx_word' id='word_1_73' title='bbox 1345 1131 1609 1211; x_wconf 75' lang='lat' dir='ltr'><strong>Anam,</strong></span> <span class='ocrx_word' id='word_1_74' title='bbox 1655 1132 1767 1213; x_wconf 91' lang='lat' dir='ltr'><strong>qui</strong></span> <span class='ocrx_word' id='word_1_75' title='bbox 1812 1131 1977 1226; x_wconf 79' lang='lat' dir='ltr'><strong>circa</strong></span> <span class='ocrx_word' id='word_1_76' title='bbox 2022 1149 2259 1194; x_wconf 87' lang='lat' dir='ltr'><strong>annum</strong></span> <span class='ocrx_word' id='word_1_77' title='bbox 2312 1128 2391 1193; x_wconf 86' lang='lat'><strong>61</strong></span> <span class='ocrx_word' id='word_1_78' title='bbox 2458 1135 2605 1196; x_wconf 88' lang='lat' dir='ltr'><strong>ante</strong></span> 
     </span>
     <span class='ocr_line' id='line_1_9' title="bbox 229 1234 2604 1315; baseline 0 -15"><span class='ocrx_word' id='word_1_79' title='bbox 229 1235 432 1301; x_wconf 84' lang='lat' dir='ltr'><strong>Albini</strong></span> <span class='ocrx_word' id='word_1_80' title='bbox 495 1237 851 1303; x_wconf 83' lang='lat' dir='ltr'><strong>adventum</strong></span> <span class='ocrx_word' id='word_1_81' title='bbox 911 1236 988 1301; x_wconf 88' lang='lat' dir='ltr'><strong>de</strong></span> <span class='ocrx_word' id='word_1_82' title='bbox 1051 1234 1300 1300; x_wconf 88' lang='lat' dir='ltr'><strong>consilii</strong></span> <span class='ocrx_word' id='word_1_83' title='bbox 1348 1237 1662 1300; x_wconf 85' lang='lat' dir='ltr'><strong>sententia</strong></span> <span class='ocrx_word' id='word_1_84' title='bbox 1709 1238 1813 1298; x_wconf 80' lang='grc' dir='ltr'><strong>τὸν</strong></span> <span class='ocrx_word' id='word_1_85' title='bbox 1859 1235 2133 1315; x_wconf 69' lang='grc' dir='ltr'><strong><em>ἀδελφὸν</em></strong></span> <span class='ocrx_word' id='word_1_86' title='bbox 2182 1243 2447 1300; x_wconf 76' lang='grc' dir='ltr'>ΙΗΣΟΥ</span> <span class='ocrx_word' id='word_1_87' title='bbox 2496 1239 2604 1301; x_wconf 75' lang='grc' dir='ltr'><strong>τοῦ</strong></span> 
     </span>
     <span class='ocr_line' id='line_1_10' title="bbox 229 1339 2604 1422; baseline 0 -17"><span class='ocrx_word' id='word_1_88' title='bbox 229 1343 554 1419; x_wconf 73' lang='grc' dir='ltr'><strong><em>λεγομένου</em></strong></span> <span class='ocrx_word' id='word_1_89' title='bbox 621 1350 992 1408; x_wconf 77' lang='grc' dir='ltr'><strong>ΧΡΙΣΤΟΥ</strong></span> <span class='ocrx_word' id='word_1_90' title='bbox 1015 1389 1032 1419; x_wconf 89' lang='grc'>,</span> <span class='ocrx_word' id='word_1_91' title='bbox 1097 1340 1396 1418; x_wconf 70' lang='grc' dir='ltr'><strong>Ἰάκωβος</strong></span> <span class='ocrx_word' id='word_1_92' title='bbox 1459 1339 1649 1416; x_wconf 72' lang='grc' dir='ltr'><strong><em>ὄνομα</em></strong></span> <span class='ocrx_word' id='word_1_93' title='bbox 1712 1342 1915 1422; x_wconf 67' lang='grc' dir='ltr'><em>αὐτῷ,</em></span> <span class='ocrx_word' id='word_1_94' title='bbox 1982 1341 2092 1406; x_wconf 73' lang='grc' dir='ltr'><strong>καί</strong></span> <span class='ocrx_word' id='word_1_95' title='bbox 2154 1365 2326 1414; x_wconf 72' lang='grc' dir='ltr'><strong><em>τινας</em></strong></span> <span class='ocrx_word' id='word_1_96' title='bbox 2373 1340 2604 1422; x_wconf 79' lang='grc' dir='ltr'><strong><em>ἑτέρους</em></strong></span> 
     </span>
     <span class='ocr_line' id='line_1_11' title="bbox 229 1445 2606 1530; baseline 0 -18"><span class='ocrx_word' id='word_1_97' title='bbox 229 1449 294 1518; x_wconf 76' lang='grc' dir='ltr'><strong>ὦς</strong></span> <span class='ocrx_word' id='word_1_98' title='bbox 351 1450 928 1530; x_wconf 68' lang='grc' dir='ltr'><strong><em>παρανομησάντων</em></strong></span> <span class='ocrx_word' id='word_1_99' title='bbox 995 1448 1373 1526; x_wconf 70' lang='grc' dir='ltr'><strong><em>κατηγορίαν</em></strong></span> <span class='ocrx_word' id='word_1_100' title='bbox 1425 1445 1869 1525; x_wconf 72' lang='grc' dir='ltr'><strong>ποιησάμενος,</strong></span> <span class='ocrx_word' id='word_1_101' title='bbox 1916 1446 2231 1528; x_wconf 71' lang='grc' dir='ltr'><strong>παρέδωκε</strong></span> <span class='ocrx_word' id='word_1_102' title='bbox 2277 1451 2606 1522; x_wconf 76' lang='grc' dir='ltr'><strong><em>λευσθησο-</em></strong></span> 
     </span>
     <span class='ocr_line' id='line_1_12' title="bbox 227 1552 2605 1641; baseline 0.002 -25"><span class='ocrx_word' id='word_1_103' title='bbox 227 1553 444 1630; x_wconf 73' lang='grc' dir='ltr'><strong><em>μένους.</em></strong></span> <span class='ocrx_word' id='word_1_104' title='bbox 521 1556 719 1621; x_wconf 87' lang='lat' dir='ltr'><strong>Hunc</strong></span> <span class='ocrx_word' id='word_1_105' title='bbox 777 1561 946 1620; x_wconf 88' lang='lat' dir='ltr'><strong>certe</strong></span> <span class='ocrx_word' id='word_1_106' title='bbox 999 1553 1213 1620; x_wconf 89' lang='lat' dir='ltr'><strong>locum</strong></span> <span class='ocrx_word' id='word_1_107' title='bbox 1262 1553 1432 1618; x_wconf 89' lang='lat' dir='ltr'><strong>haud</strong></span> <span class='ocrx_word' id='word_1_108' title='bbox 1482 1552 1669 1617; x_wconf 74' lang='lat' dir='ltr'><strong>facile</strong></span> <span class='ocrx_word' id='word_1_109' title='bbox 1716 1556 1859 1638; x_wconf 87' lang='lat' dir='ltr'><strong>quis</strong></span> <span class='ocrx_word' id='word_1_110' title='bbox 1906 1560 2230 1641; x_wconf 84' lang='lat' dir='ltr'>expunget</span> <span class='ocrx_word' id='word_1_111' title='bbox 2275 1555 2605 1620; x_wconf 82' lang='lat' dir='ltr'><strong>videmus-</strong></span> 
     </span>
     <span class='ocr_line' id='line_1_13' title="bbox 227 1659 2605 1750; baseline 0 -25"><span class='ocrx_word' id='word_1_112' title='bbox 227 1681 334 1744; x_wconf 89' lang='lat' dir='ltr'><strong>que</strong></span> <span class='ocrx_word' id='word_1_113' title='bbox 383 1665 524 1747; x_wconf 89' lang='lat' dir='ltr'><strong>jam</strong></span> <span class='ocrx_word' id='word_1_114' title='bbox 590 1660 936 1750; x_wconf 81' lang='lat' dir='ltr'><strong>Origenem</strong></span> <span class='ocrx_word' id='word_1_115' title='bbox 1001 1666 1363 1746; x_wconf 87' lang='lat' dir='ltr'><strong>ceterosque</strong></span> <span class='ocrx_word' id='word_1_116' title='bbox 1428 1665 1571 1744; x_wconf 87' lang='lat' dir='ltr'><strong>post</strong></span> <span class='ocrx_word' id='word_1_117' title='bbox 1636 1680 1785 1724; x_wconf 89' lang='lat' dir='ltr'><strong>eum</strong></span> <span class='ocrx_word' id='word_1_118' title='bbox 1850 1660 2007 1724; x_wconf 90' lang='lat' dir='ltr'><strong>bene</strong></span> <span class='ocrx_word' id='word_1_119' title='bbox 2072 1659 2313 1726; x_wconf 86' lang='lat' dir='ltr'><strong>multos</strong></span> <span class='ocrx_word' id='word_1_120' title='bbox 2381 1660 2605 1726; x_wconf 88' lang='lat' dir='ltr'><strong>eadem</strong></span> 
     </span>
     <span class='ocr_line' id='line_1_14' title="bbox 225 1765 2605 1853; baseline 0.001 -24"><span class='ocrx_word' id='word_1_121' title='bbox 225 1765 438 1852; x_wconf 80' lang='lat' dir='ltr'><strong>legisse</strong></span> <span class='ocrx_word' id='word_1_122' title='bbox 457 1817 476 1852; x_wconf 88' lang='lat'>‚</span> <span class='ocrx_word' id='word_1_123' title='bbox 545 1788 710 1853; x_wconf 88' lang='lat' dir='ltr'><strong>quae</strong></span> <span class='ocrx_word' id='word_1_124' title='bbox 770 1768 958 1833; x_wconf 91' lang='lat' dir='ltr'><strong>hodie</strong></span> <span class='ocrx_word' id='word_1_125' title='bbox 1014 1769 1083 1831; x_wconf 92' lang='lat' dir='ltr'><strong>in</strong></span> <span class='ocrx_word' id='word_1_126' title='bbox 1142 1769 1375 1832; x_wconf 88' lang='lat' dir='ltr'><strong>nostris</strong></span> <span class='ocrx_word' id='word_1_127' title='bbox 1435 1765 1619 1830; x_wconf 87' lang='lat' dir='ltr'><strong>libris</strong></span> <span class='ocrx_word' id='word_1_128' title='bbox 1678 1771 1859 1843; x_wconf 88' lang='lat' dir='ltr'><strong>sunt,</strong></span> <span class='ocrx_word' id='word_1_129' title='bbox 1920 1786 2067 1830; x_wconf 87' lang='lat' dir='ltr'><strong>nam</strong></span> <span class='ocrx_word' id='word_1_130' title='bbox 2118 1786 2268 1830; x_wconf 87' lang='lat' dir='ltr'><strong>cum</strong></span> <span class='ocrx_word' id='word_1_131' title='bbox 2316 1767 2605 1832; x_wconf 87' lang='lat' dir='ltr'><strong>scribunt</strong></span> 
     </span>
     <span class='ocr_line' id='line_1_15' title="bbox 225 1870 2605 1958; baseline 0.001 -22"><span class='ocrx_word' id='word_1_132' title='bbox 225 1879 458 1956; x_wconf 85' lang='lat' dir='ltr'><strong>captam</strong></span> <span class='ocrx_word' id='word_1_133' title='bbox 507 1874 736 1940; x_wconf 89' lang='lat' dir='ltr'><strong>urbem</strong></span> <span class='ocrx_word' id='word_1_134' title='bbox 787 1874 964 1939; x_wconf 82' lang='lat' dir='ltr'><strong>brevi</strong></span> <span class='ocrx_word' id='word_1_135' title='bbox 1001 1880 1144 1958; x_wconf 88' lang='lat' dir='ltr'><strong>post</strong></span> <span class='ocrx_word' id='word_1_136' title='bbox 1184 1873 1408 1950; x_wconf 82' lang='lat' dir='ltr'><strong>fuisse,</strong></span> <span class='ocrx_word' id='word_1_137' title='bbox 1453 1892 1603 1937; x_wconf 87' lang='lat' dir='ltr'><strong>cum</strong></span> <span class='ocrx_word' id='word_1_138' title='bbox 1646 1871 1817 1937; x_wconf 89' lang='lat' dir='ltr'><strong>Deus</strong></span> <span class='ocrx_word' id='word_1_139' title='bbox 1856 1870 1894 1936; x_wconf 89' lang='lat' dir='ltr'>J</span> <span class='ocrx_word' id='word_1_140' title='bbox 1899 1873 2078 1938; x_wconf 89' lang='lat' dir='ltr'><strong>acobi</strong></span> <span class='ocrx_word' id='word_1_141' title='bbox 2118 1893 2339 1939; x_wconf 88' lang='lat' dir='ltr'><strong>necem</strong></span> <span class='ocrx_word' id='word_1_142' title='bbox 2379 1873 2605 1940; x_wconf 87' lang='lat' dir='ltr'><strong>ulcisci</strong></span> 
     </span>
     <span class='ocr_line' id='line_1_16' title="bbox 225 1963 2604 2064; baseline 0.003 -24"><span class='ocrx_word' id='word_1_143' title='bbox 225 1977 404 2044; x_wconf 83' lang='lat' dir='ltr'><strong>vellet</strong></span> <span class='ocrx_word' id='word_1_144' title='bbox 423 2026 440 2057; x_wconf 90' lang='lat'>,</span> <span class='ocrx_word' id='word_1_145' title='bbox 480 1979 718 2048; x_wconf 85' lang='lat' dir='ltr'><strong>leviter</strong></span> <span class='ocrx_word' id='word_1_146' title='bbox 755 1991 966 2046; x_wconf 83' lang='lat' dir='ltr'><strong>errant</strong></span> <span class='ocrx_word' id='word_1_147' title='bbox 1001 1985 1069 2045; x_wconf 89' lang='lat' dir='ltr'><strong>et</strong></span> <span class='ocrx_word' id='word_1_148' title='bbox 1104 1978 1143 2044; x_wconf 84' lang='lat' dir='ltr'><strong>J</strong></span> <span class='ocrx_word' id='word_1_149' title='bbox 1147 1979 1451 2064; x_wconf 89' lang='lat' dir='ltr'><strong>osephum</strong></span> <span class='ocrx_word' id='word_1_150' title='bbox 1497 1963 1871 2043; x_wconf 85' lang='lat' dir='ltr'><strong>memoriter</strong></span> <span class='ocrx_word' id='word_1_151' title='bbox 1906 1976 2243 2045; x_wconf 73' lang='lat' dir='ltr'><strong>laudantes</strong></span> <span class='ocrx_word' id='word_1_152' title='bbox 2279 1980 2400 2046; x_wconf 88' lang='lat' dir='ltr'><strong>Dei</strong></span> <span class='ocrx_word' id='word_1_153' title='bbox 2435 1982 2604 2046; x_wconf 91' lang='lat' dir='ltr'><strong>iram</strong></span> 
     </span>
     <span class='ocr_line' id='line_1_17' title="bbox 224 2082 2604 2169; baseline 0.002 -21"><span class='ocrx_word' id='word_1_154' title='bbox 224 2091 504 2168; x_wconf 87' lang='lat' dir='ltr'><strong>repetunt</strong></span> <span class='ocrx_word' id='word_1_155' title='bbox 554 2107 594 2152; x_wconf 90' lang='lat' dir='ltr'><strong>a</strong></span> <span class='ocrx_word' id='word_1_156' title='bbox 641 2087 831 2152; x_wconf 89' lang='lat' dir='ltr'><strong>caede</strong></span> <span class='ocrx_word' id='word_1_157' title='bbox 875 2084 1132 2161; x_wconf 87' lang='lat' dir='ltr'><strong>Jacobi‚</strong></span> <span class='ocrx_word' id='word_1_158' title='bbox 1187 2106 1338 2151; x_wconf 89' lang='lat' dir='ltr'><strong>cum</strong></span> <span class='ocrx_word' id='word_1_159' title='bbox 1387 2085 1606 2168; x_wconf 84' lang='lat' dir='ltr'><strong>Antiq.</strong></span> <span class='ocrx_word' id='word_1_160' title='bbox 1645 2083 1754 2148; x_wconf 82' lang='lat'><strong>20.</strong></span> <span class='ocrx_word' id='word_1_161' title='bbox 1796 2082 1857 2148; x_wconf 87' lang='grc'><strong>8.</strong></span> <span class='ocrx_word' id='word_1_162' title='bbox 1906 2083 1945 2147; x_wconf 85' lang='grc'>5</span> <span class='ocrx_word' id='word_1_163' title='bbox 1988 2089 2309 2169; x_wconf 88' lang='lat' dir='ltr'><strong>repetatur</strong></span> <span class='ocrx_word' id='word_1_164' title='bbox 2345 2106 2381 2151; x_wconf 92' lang='lat' dir='ltr'><strong>a</strong></span> <span class='ocrx_word' id='word_1_165' title='bbox 2416 2087 2604 2153; x_wconf 88' lang='lat' dir='ltr'><strong>caede</strong></span> 
     </span>
     <span class='ocr_line' id='line_1_18' title="bbox 225 2187 2601 2277; baseline 0.001 -23"><span class='ocrx_word' id='word_1_166' title='bbox 225 2190 522 2274; x_wconf 88' lang='lat' dir='ltr'><strong>pontificis</strong></span> <span class='ocrx_word' id='word_1_167' title='bbox 577 2191 616 2258; x_wconf 86' lang='lat' dir='ltr'><strong>J</strong></span> <span class='ocrx_word' id='word_1_168' title='bbox 619 2192 905 2276; x_wconf 88' lang='lat' dir='ltr'><strong>onathis,</strong></span> <span class='ocrx_word' id='word_1_169' title='bbox 954 2211 1145 2277; x_wconf 88' lang='lat' dir='ltr'><strong>quem</strong></span> <span class='ocrx_word' id='word_1_170' title='bbox 1191 2190 1377 2256; x_wconf 81' lang='lat' dir='ltr'>Felix</span> <span class='ocrx_word' id='word_1_171' title='bbox 1426 2190 1763 2254; x_wconf 81' lang='lat' dir='ltr'><strong>interfecit.</strong></span> <span class='ocrx_word' id='word_1_172' title='bbox 1838 2187 2043 2274; x_wconf 87' lang='lat' dir='ltr'><strong>Cupio</strong></span> <span class='ocrx_word' id='word_1_173' title='bbox 2092 2190 2311 2257; x_wconf 88' lang='lat' dir='ltr'><strong>audire</strong></span> <span class='ocrx_word' id='word_1_174' title='bbox 2368 2194 2601 2277; x_wconf 87' lang='lat' dir='ltr'><strong>quibus</strong></span> 
     </span>
     <span class='ocr_line' id='line_1_19' title="bbox 225 2294 2602 2383; baseline 0.002 -23"><span class='ocrx_word' id='word_1_175' title='bbox 225 2297 522 2364; x_wconf 87' lang='lat' dir='ltr'><strong>machinis</strong></span> <span class='ocrx_word' id='word_1_176' title='bbox 585 2297 807 2364; x_wconf 88' lang='lat' dir='ltr'><strong>Jacobi</strong></span> <span class='ocrx_word' id='word_1_177' title='bbox 853 2299 1095 2362; x_wconf 87' lang='lat' dir='ltr'><strong>mentio</strong></span> <span class='ocrx_word' id='word_1_178' title='bbox 1143 2316 1219 2360; x_wconf 91' lang='lat' dir='ltr'><strong>ex</strong></span> <span class='ocrx_word' id='word_1_179' title='bbox 1266 2294 1306 2360; x_wconf 89' lang='lat' dir='ltr'>J</span> <span class='ocrx_word' id='word_1_180' title='bbox 1309 2296 1522 2380; x_wconf 88' lang='lat' dir='ltr'><strong>osephi</strong></span> <span class='ocrx_word' id='word_1_181' title='bbox 1575 2294 2045 2379; x_wconf 73' lang='lat' dir='ltr'><strong>exemplaribus</strong></span> <span class='ocrx_word' id='word_1_182' title='bbox 2091 2294 2413 2362; x_wconf 88' lang='lat' dir='ltr'><strong>eliminari</strong></span> <span class='ocrx_word' id='word_1_183' title='bbox 2460 2317 2602 2383; x_wconf 91' lang='lat' dir='ltr'><strong>pos-</strong></span> 
     </span>
     <span class='ocr_line' id='line_1_20' title="bbox 225 2400 2601 2488; baseline 0.001 -22"><span class='ocrx_word' id='word_1_184' title='bbox 225 2403 328 2488; x_wconf 82' lang='lat' dir='ltr'><strong>sit3</strong></span> <span class='ocrx_word' id='word_1_185' title='bbox 389 2403 624 2469; x_wconf 88' lang='lat' dir='ltr'><strong>deinde</strong></span> <span class='ocrx_word' id='word_1_186' title='bbox 686 2405 743 2468; x_wconf 90' lang='lat' dir='ltr'><strong>si</strong></span> <span class='ocrx_word' id='word_1_187' title='bbox 802 2403 871 2468; x_wconf 91' lang='lat' dir='ltr'><strong>id</strong></span> <span class='ocrx_word' id='word_1_188' title='bbox 931 2400 1066 2468; x_wconf 84' lang='lat' dir='ltr'><strong>fieri</strong></span> <span class='ocrx_word' id='word_1_189' title='bbox 1123 2400 1304 2467; x_wconf 88' lang='lat' dir='ltr'><strong>nullo</strong></span> <span class='ocrx_word' id='word_1_190' title='bbox 1365 2403 1623 2488; x_wconf 79' lang='lat' dir='ltr'><strong>negotio</strong></span> <span class='ocrx_word' id='word_1_191' title='bbox 1685 2406 1928 2486; x_wconf 89' lang='lat' dir='ltr'><strong>potest,</strong></span> <span class='ocrx_word' id='word_1_192' title='bbox 1989 2401 2181 2466; x_wconf 85' lang='lat' dir='ltr'><strong>sicuti</strong></span> <span class='ocrx_word' id='word_1_193' title='bbox 2228 2421 2601 2486; x_wconf 89' lang='lat' dir='ltr'><strong>persuasum</strong></span> 
     </span>
     <span class='ocr_line' id='line_1_21' title="bbox 227 2506 2603 2595; baseline 0.003 -26"><span class='ocrx_word' id='word_1_194' title='bbox 227 2506 406 2575; x_wconf 87' lang='lat' dir='ltr'><strong>habeo</strong></span> <span class='ocrx_word' id='word_1_195' title='bbox 424 2558 442 2587; x_wconf 88' lang='lat'><strong><em>,</em></strong></span> <span class='ocrx_word' id='word_1_196' title='bbox 503 2528 743 2594; x_wconf 91' lang='lat' dir='ltr'><strong>quaero</strong></span> <span class='ocrx_word' id='word_1_197' title='bbox 790 2509 1105 2594; x_wconf 87' lang='lat' dir='ltr'><strong>quomodo</strong></span> <span class='ocrx_word' id='word_1_198' title='bbox 1151 2508 1188 2573; x_wconf 85' lang='lat' dir='ltr'>J</span> <span class='ocrx_word' id='word_1_199' title='bbox 1195 2507 1468 2593; x_wconf 89' lang='lat' dir='ltr'><strong>osephus</strong></span> <span class='ocrx_word' id='word_1_200' title='bbox 1515 2508 1788 2572; x_wconf 88' lang='lat' dir='ltr'><strong>scribere</strong></span> <span class='ocrx_word' id='word_1_201' title='bbox 1836 2509 2117 2592; x_wconf 89' lang='lat' dir='ltr'><strong>potuerit</strong></span> <span class='ocrx_word' id='word_1_202' title='bbox 2164 2508 2355 2574; x_wconf 83' lang='lat' dir='ltr'><strong>verba</strong></span> <span class='ocrx_word' id='word_1_203' title='bbox 2374 2557 2391 2588; x_wconf 90' lang='lat'>,</span> <span class='ocrx_word' id='word_1_204' title='bbox 2441 2531 2603 2595; x_wconf 89' lang='lat' dir='ltr'><strong>quae</strong></span> 
     </span>
     <span class='ocr_line' id='line_1_22' title="bbox 227 2612 2601 2699; baseline 0.003 -24"><span class='ocrx_word' id='word_1_205' title='bbox 227 2632 398 2699; x_wconf 80' lang='lat' dir='ltr'><strong>supra</strong></span> <span class='ocrx_word' id='word_1_206' title='bbox 441 2614 682 2698; x_wconf 88' lang='lat' dir='ltr'><strong>attuli,</strong></span> <span class='ocrx_word' id='word_1_207' title='bbox 731 2616 854 2679; x_wconf 91' lang='lat' dir='ltr'><strong>nisi</strong></span> <span class='ocrx_word' id='word_1_208' title='bbox 903 2615 981 2681; x_wconf 92' lang='lat' dir='ltr'><strong>de</strong></span> <span class='ocrx_word' id='word_1_209' title='bbox 1025 2613 1064 2680; x_wconf 87' lang='lat' dir='ltr'><strong>J</strong></span> <span class='ocrx_word' id='word_1_210' title='bbox 1069 2636 1180 2680; x_wconf 90' lang='lat' dir='ltr'><strong>esu</strong></span> <span class='ocrx_word' id='word_1_211' title='bbox 1229 2612 1486 2681; x_wconf 89' lang='lat' dir='ltr'><strong>Christo</strong></span> <span class='ocrx_word' id='word_1_212' title='bbox 1529 2616 1947 2698; x_wconf 78' lang='lat' dir='ltr'><strong>quantumvis</strong></span> <span class='ocrx_word' id='word_1_213' title='bbox 1993 2632 2195 2697; x_wconf 88' lang='lat' dir='ltr'><strong>pauca</strong></span> <span class='ocrx_word' id='word_1_214' title='bbox 2242 2622 2389 2681; x_wconf 87' lang='lat' dir='ltr'><strong>ante</strong></span> <span class='ocrx_word' id='word_1_215' title='bbox 2433 2621 2601 2681; x_wconf 87' lang='lat' dir='ltr'><strong>retu-</strong></span> 
     </span>
     <span class='ocr_line' id='line_1_23' title="bbox 225 2714 2598 2806; baseline 0.003 -25"><span class='ocrx_word' id='word_1_216' title='bbox 225 2714 373 2783; x_wconf 88' lang='lat' dir='ltr'><strong>lerit.</strong></span> <span class='ocrx_word' id='word_1_217' title='bbox 443 2722 552 2787; x_wconf 89' lang='lat' dir='ltr'><strong>Ne</strong></span> <span class='ocrx_word' id='word_1_218' title='bbox 611 2721 732 2786; x_wconf 90' lang='lat' dir='ltr'><strong>hoc</strong></span> <span class='ocrx_word' id='word_1_219' title='bbox 793 2721 1045 2806; x_wconf 89' lang='lat' dir='ltr'><strong>quidem</strong></span> <span class='ocrx_word' id='word_1_220' title='bbox 1103 2722 1259 2787; x_wconf 88' lang='lat' dir='ltr'><strong>satis</strong></span> <span class='ocrx_word' id='word_1_221' title='bbox 1318 2720 1709 2805; x_wconf 85' lang='lat' dir='ltr'><strong>explicatum</strong></span> <span class='ocrx_word' id='word_1_222' title='bbox 1764 2719 1931 2803; x_wconf 82' lang='lat' dir='ltr'><strong>vidi,</strong></span> <span class='ocrx_word' id='word_1_223' title='bbox 1997 2740 2103 2783; x_wconf 81' lang='lat' dir='ltr'><strong>cur</strong></span> <span class='ocrx_word' id='word_1_224' title='bbox 2159 2718 2196 2784; x_wconf 85' lang='lat' dir='ltr'>J</span> <span class='ocrx_word' id='word_1_225' title='bbox 2202 2721 2475 2805; x_wconf 90' lang='lat' dir='ltr'><strong>osephus</strong></span> <span class='ocrx_word' id='word_1_226' title='bbox 2519 2723 2598 2788; x_wconf 94' lang='lat' dir='ltr'><strong>de</strong></span> 
     </span>
     <span class='ocr_line' id='line_1_24' title="bbox 229 2819 2597 2911; baseline 0.002 -24"><span class='ocrx_word' id='word_1_227' title='bbox 229 2819 464 2893; x_wconf 87' lang='lat' dir='ltr'><strong>Christo</strong></span> <span class='ocrx_word' id='word_1_228' title='bbox 513 2828 780 2892; x_wconf 89' lang='lat' dir='ltr'><strong>omnino</strong></span> <span class='ocrx_word' id='word_1_229' title='bbox 821 2828 1140 2892; x_wconf 76' lang='lat' dir='ltr'><strong>tacuisset.</strong></span> <span class='ocrx_word' id='word_1_230' title='bbox 1205 2824 1472 2891; x_wconf 78' lang='lat' dir='ltr'><strong>Messias</strong></span> <span class='ocrx_word' id='word_1_231' title='bbox 1510 2827 1569 2890; x_wconf 89' lang='lat' dir='ltr'><strong>ei</strong></span> <span class='ocrx_word' id='word_1_232' title='bbox 1608 2830 1703 2890; x_wconf 88' lang='lat' dir='ltr'><strong>est</strong></span> <span class='ocrx_word' id='word_1_233' title='bbox 1740 2822 2093 2909; x_wconf 80' lang='lat' dir='ltr'><strong>Imperator</strong></span> <span class='ocrx_word' id='word_1_234' title='bbox 2132 2824 2560 2911; x_wconf 78' lang='lat' dir='ltr'><strong>Vespasianus</strong></span> <span class='ocrx_word' id='word_1_235' title='bbox 2579 2874 2597 2905; x_wconf 88' lang='lat'>‚</span> 
     </span>
     <span class='ocr_line' id='line_1_25' title="bbox 227 2926 2603 3014; baseline 0.001 -20"><span class='ocrx_word' id='word_1_236' title='bbox 227 2926 370 2995; x_wconf 88' lang='lat' dir='ltr'><strong>Bell.</strong></span> <span class='ocrx_word' id='word_1_237' title='bbox 417 2931 576 2997; x_wconf 86' lang='lat' dir='ltr'><strong>Jud.</strong></span> <span class='ocrx_word' id='word_1_238' title='bbox 627 2930 692 2997; x_wconf 88' lang='lat'><strong>6.</strong></span> <span class='ocrx_word' id='word_1_239' title='bbox 743 2932 806 2997; x_wconf 85' lang='lat'><strong>5.</strong></span> <span class='ocrx_word' id='word_1_240' title='bbox 854 2933 930 3001; x_wconf 86' lang='lat'><strong>4:</strong></span> <span class='ocrx_word' id='word_1_241' title='bbox 981 2938 1156 2999; x_wconf 87' lang='lat' dir='ltr'><strong>estne</strong></span> <span class='ocrx_word' id='word_1_242' title='bbox 1194 2930 1315 2997; x_wconf 87' lang='lat' dir='ltr'><strong>hoc</strong></span> <span class='ocrx_word' id='word_1_243' title='bbox 1354 2934 1510 2996; x_wconf 88' lang='lat' dir='ltr'><strong>satis</strong></span> <span class='ocrx_word' id='word_1_244' title='bbox 1550 2950 1812 3014; x_wconf 87' lang='lat' dir='ltr'><strong>causae,</strong></span> <span class='ocrx_word' id='word_1_245' title='bbox 1854 2950 1968 2995; x_wconf 90' lang='lat' dir='ltr'><strong>cur</strong></span> <span class='ocrx_word' id='word_1_246' title='bbox 2006 2930 2084 2995; x_wconf 89' lang='lat' dir='ltr'><strong>de</strong></span> <span class='ocrx_word' id='word_1_247' title='bbox 2132 2930 2286 2997; x_wconf 84' lang='lat' dir='ltr'><strong>Jesu</strong></span> <span class='ocrx_word' id='word_1_248' title='bbox 2354 2929 2603 2998; x_wconf 81' lang='lat' dir='ltr'><strong>taceat?</strong></span> 
     </span>
     <span class='ocr_line' id='line_1_26' title="bbox 227 3031 2603 3125; baseline 0.003 -28"><span class='ocrx_word' id='word_1_249' title='bbox 227 3031 286 3097; x_wconf 81' lang='lat' dir='ltr'><strong>Si</strong></span> <span class='ocrx_word' id='word_1_250' title='bbox 343 3038 719 3103; x_wconf 84' lang='lat' dir='ltr'><strong>credidisset</strong></span> <span class='ocrx_word' id='word_1_251' title='bbox 778 3038 1145 3125; x_wconf 87' lang='lat' dir='ltr'><strong>propediem</strong></span> <span class='ocrx_word' id='word_1_252' title='bbox 1202 3035 1510 3103; x_wconf 76' lang='lat' dir='ltr'><strong>Messium</strong></span> <span class='ocrx_word' id='word_1_253' title='bbox 1560 3056 1696 3101; x_wconf 87' lang='lat' dir='ltr'><strong>esse</strong></span> <span class='ocrx_word' id='word_1_254' title='bbox 1744 3042 2085 3103; x_wconf 85' lang='lat' dir='ltr'><strong>venturum</strong></span> <span class='ocrx_word' id='word_1_255' title='bbox 2101 3085 2119 3120; x_wconf 87' lang='lat'>,</span> <span class='ocrx_word' id='word_1_256' title='bbox 2168 3036 2603 3125; x_wconf 81' lang='lat' dir='ltr'><strong>intelligerem</strong></span> 
     </span>
     <span class='ocr_line' id='line_1_27' title="bbox 228 3142 2601 3229; baseline 0.003 -26"><span class='ocrx_word' id='word_1_257' title='bbox 228 3160 325 3205; x_wconf 87' lang='lat' dir='ltr'><strong>cur</strong></span> <span class='ocrx_word' id='word_1_258' title='bbox 379 3144 826 3210; x_wconf 87' lang='lat' dir='ltr'><strong>Romanorum</strong></span> <span class='ocrx_word' id='word_1_259' title='bbox 888 3144 1150 3210; x_wconf 79' lang='lat' dir='ltr'><strong>auribus</strong></span> <span class='ocrx_word' id='word_1_260' title='bbox 1209 3146 1591 3229; x_wconf 87' lang='lat' dir='ltr'><strong>pepercisset</strong></span> <span class='ocrx_word' id='word_1_261' title='bbox 1648 3162 1763 3207; x_wconf 91' lang='lat' dir='ltr'><strong>nec</strong></span> <span class='ocrx_word' id='word_1_262' title='bbox 1823 3142 2172 3227; x_wconf 88' lang='lat' dir='ltr'><strong>quidquam</strong></span> <span class='ocrx_word' id='word_1_263' title='bbox 2239 3143 2315 3208; x_wconf 91' lang='lat' dir='ltr'><strong>de</strong></span> <span class='ocrx_word' id='word_1_264' title='bbox 2384 3150 2601 3211; x_wconf 82' lang='lat' dir='ltr'><strong>vetere</strong></span> 
     </span>
     <span class='ocr_line' id='line_1_28' title="bbox 229 3248 2596 3339; baseline 0.004 -29"><span class='ocrx_word' id='word_1_265' title='bbox 229 3250 518 3317; x_wconf 77' lang='lat' dir='ltr'><strong>vaticinio</strong></span> <span class='ocrx_word' id='word_1_266' title='bbox 581 3250 824 3317; x_wconf 85' lang='lat' dir='ltr'><strong>hiscere</strong></span> <span class='ocrx_word' id='word_1_267' title='bbox 884 3272 1076 3317; x_wconf 87' lang='lat' dir='ltr'><strong>ausus</strong></span> <span class='ocrx_word' id='word_1_268' title='bbox 1135 3250 1360 3316; x_wconf 84' lang='lat' dir='ltr'><strong>fuisset</strong></span> <span class='ocrx_word' id='word_1_269' title='bbox 1375 3270 1393 3328; x_wconf 88' lang='lat'>;</span> <span class='ocrx_word' id='word_1_270' title='bbox 1458 3250 1567 3315; x_wconf 90' lang='lat' dir='ltr'><strong>sed</strong></span> <span class='ocrx_word' id='word_1_271' title='bbox 1626 3249 1975 3316; x_wconf 87' lang='lat' dir='ltr'><strong>secundum</strong></span> <span class='ocrx_word' id='word_1_272' title='bbox 2046 3248 2086 3314; x_wconf 89' lang='lat' dir='ltr'>J</span> <span class='ocrx_word' id='word_1_273' title='bbox 2089 3251 2395 3336; x_wconf 90' lang='lat' dir='ltr'><strong>osephum</strong></span> <span class='ocrx_word' id='word_1_274' title='bbox 2458 3255 2596 3339; x_wconf 89' lang='lat' dir='ltr'><strong>jam</strong></span> 
     </span>
     <span class='ocr_line' id='line_1_29' title="bbox 230 3350 2599 3442; baseline 0.003 -25"><span class='ocrx_word' id='word_1_275' title='bbox 230 3350 542 3421; x_wconf 87' lang='lat' dir='ltr'><strong>descendit</strong></span> <span class='ocrx_word' id='word_1_276' title='bbox 579 3356 657 3421; x_wconf 92' lang='lat' dir='ltr'><strong>de</strong></span> <span class='ocrx_word' id='word_1_277' title='bbox 693 3356 867 3423; x_wconf 91' lang='lat' dir='ltr'><strong>coelo</strong></span> <span class='ocrx_word' id='word_1_278' title='bbox 905 3359 971 3422; x_wconf 88' lang='lat' dir='ltr'><strong>in</strong></span> <span class='ocrx_word' id='word_1_279' title='bbox 1011 3356 1440 3422; x_wconf 79' lang='lat' dir='ltr'><strong>Palaestinam</strong></span> <span class='ocrx_word' id='word_1_280' title='bbox 1482 3355 1755 3421; x_wconf 87' lang='lat' dir='ltr'><strong>Messias</strong></span> <span class='ocrx_word' id='word_1_281' title='bbox 1793 3361 2012 3440; x_wconf 88' lang='lat' dir='ltr'><strong>estque</strong></span> <span class='ocrx_word' id='word_1_282' title='bbox 2050 3359 2107 3421; x_wconf 91' lang='lat' dir='ltr'><strong>is</strong></span> <span class='ocrx_word' id='word_1_283' title='bbox 2149 3378 2338 3442; x_wconf 90' lang='lat' dir='ltr'><strong>quem</strong></span> <span class='ocrx_word' id='word_1_284' title='bbox 2379 3379 2599 3425; x_wconf 89' lang='lat' dir='ltr'><strong>omnes</strong></span> 
     </span>
     <span class='ocr_line' id='line_1_30' title="bbox 231 3459 2601 3548; baseline 0.003 -25"><span class='ocrx_word' id='word_1_285' title='bbox 231 3459 432 3527; x_wconf 85' lang='lat' dir='ltr'><strong>colunt</strong></span> <span class='ocrx_word' id='word_1_286' title='bbox 477 3462 808 3529; x_wconf 88' lang='lat' dir='ltr'><strong>Romanus</strong></span> <span class='ocrx_word' id='word_1_287' title='bbox 853 3462 1219 3547; x_wconf 88' lang='lat' dir='ltr'><strong>Imperator.</strong></span> <span class='ocrx_word' id='word_1_288' title='bbox 1267 3460 1399 3527; x_wconf 82' lang='lat' dir='ltr'><strong>Gur</strong></span> <span class='ocrx_word' id='word_1_289' title='bbox 1445 3463 1657 3548; x_wconf 81' lang='lat' dir='ltr'><strong>magis</strong></span> <span class='ocrx_word' id='word_1_290' title='bbox 1702 3464 2035 3527; x_wconf 87' lang='lat' dir='ltr'><strong>metuisset</strong></span> <span class='ocrx_word' id='word_1_291' title='bbox 2081 3462 2158 3527; x_wconf 93' lang='lat' dir='ltr'><strong>de</strong></span> <span class='ocrx_word' id='word_1_292' title='bbox 2204 3462 2359 3529; x_wconf 88' lang='lat' dir='ltr'><strong>Jesu</strong></span> <span class='ocrx_word' id='word_1_293' title='bbox 2393 3464 2601 3529; x_wconf 88' lang='lat' dir='ltr'><strong>dicere</strong></span> 
     </span>
     <span class='ocr_line' id='line_1_31' title="bbox 229 3566 2600 3652; baseline 0.003 -23"><span class='ocrx_word' id='word_1_294' title='bbox 229 3584 406 3647; x_wconf 85' lang='lat' dir='ltr'><strong>quam</strong></span> <span class='ocrx_word' id='word_1_295' title='bbox 468 3569 549 3634; x_wconf 90' lang='lat' dir='ltr'><strong>de</strong></span> <span class='ocrx_word' id='word_1_296' title='bbox 591 3566 630 3633; x_wconf 88' lang='lat' dir='ltr'><strong>J</strong></span> <span class='ocrx_word' id='word_1_297' title='bbox 636 3570 759 3635; x_wconf 89' lang='lat' dir='ltr'><strong>uda</strong></span> <span class='ocrx_word' id='word_1_298' title='bbox 805 3566 1146 3636; x_wconf 83' lang='lat' dir='ltr'><strong>Gaulonita</strong></span> <span class='ocrx_word' id='word_1_299' title='bbox 1195 3567 1302 3634; x_wconf 83' lang='lat' dir='ltr'><strong>vel</strong></span> <span class='ocrx_word' id='word_1_300' title='bbox 1349 3570 1575 3652; x_wconf 80' lang='lat' dir='ltr'><strong>quovis</strong></span> <span class='ocrx_word' id='word_1_301' title='bbox 1620 3566 2029 3633; x_wconf 81' lang='lat' dir='ltr'><strong>Zelotarum?</strong></span> <span class='ocrx_word' id='word_1_302' title='bbox 2098 3568 2387 3635; x_wconf 89' lang='lat' dir='ltr'><strong>Dixerim</strong></span> <span class='ocrx_word' id='word_1_303' title='bbox 2434 3569 2600 3636; x_wconf 90' lang='lat' dir='ltr'><strong>nihil</strong></span> 
     </span>
     <span class='ocr_line' id='line_1_32' title="bbox 229 3672 2599 3760; baseline 0.003 -27"><span class='ocrx_word' id='word_1_304' title='bbox 229 3672 280 3733; x_wconf 91' lang='lat' dir='ltr'><strong>ei</strong></span> <span class='ocrx_word' id='word_1_305' title='bbox 321 3674 737 3757; x_wconf 86' lang='lat' dir='ltr'><strong>periculosius</strong></span> <span class='ocrx_word' id='word_1_306' title='bbox 783 3675 1078 3740; x_wconf 85' lang='lat' dir='ltr'><strong>debuisse</strong></span> <span class='ocrx_word' id='word_1_307' title='bbox 1123 3674 1329 3739; x_wconf 84' lang='lat' dir='ltr'><strong>videri</strong></span> <span class='ocrx_word' id='word_1_308' title='bbox 1376 3694 1569 3758; x_wconf 89' lang='lat' dir='ltr'><strong>quam</strong></span> <span class='ocrx_word' id='word_1_309' title='bbox 1620 3672 1949 3738; x_wconf 90' lang='lat' dir='ltr'><strong>silentium</strong></span> <span class='ocrx_word' id='word_1_310' title='bbox 1990 3673 2254 3759; x_wconf 89' lang='lat' dir='ltr'><strong>plenum</strong></span> <span class='ocrx_word' id='word_1_311' title='bbox 2292 3676 2599 3760; x_wconf 89' lang='lat' dir='ltr'><strong>suspicio-</strong></span> 
     </span>
     <span class='ocr_line' id='line_1_33' title="bbox 231 3778 2599 3862; baseline 0.004 -24"><span class='ocrx_word' id='word_1_312' title='bbox 231 3779 334 3842; x_wconf 87' lang='lat' dir='ltr'><strong>nis.</strong></span> <span class='ocrx_word' id='word_1_313' title='bbox 383 3780 657 3846; x_wconf 81' lang='lat' dir='ltr'><strong>Accedit</strong></span> <span class='ocrx_word' id='word_1_314' title='bbox 695 3800 770 3845; x_wconf 92' lang='lat' dir='ltr'><strong>ea</strong></span> <span class='ocrx_word' id='word_1_315' title='bbox 803 3778 1024 3846; x_wconf 87' lang='lat' dir='ltr'><strong>Jacobi</strong></span> <span class='ocrx_word' id='word_1_316' title='bbox 1061 3780 1281 3846; x_wconf 87' lang='lat' dir='ltr'><strong>caedes</strong></span> <span class='ocrx_word' id='word_1_317' title='bbox 1319 3787 1384 3844; x_wconf 88' lang='lat' dir='ltr'><strong>et</strong></span> <span class='ocrx_word' id='word_1_318' title='bbox 1421 3780 1657 3845; x_wconf 87' lang='lat' dir='ltr'><strong>frustra</strong></span> <span class='ocrx_word' id='word_1_319' title='bbox 1700 3780 1971 3857; x_wconf 87' lang='lat' dir='ltr'><strong>erimus,</strong></span> <span class='ocrx_word' id='word_1_320' title='bbox 2016 3782 2071 3844; x_wconf 88' lang='lat' dir='ltr'><strong>si</strong></span> <span class='ocrx_word' id='word_1_321' title='bbox 2111 3785 2327 3862; x_wconf 72' lang='grc' dir='ltr'><strong><em>Χριςοῦ</em></strong></span> <span class='ocrx_word' id='word_1_322' title='bbox 2368 3801 2599 3857; x_wconf 83' lang='lat' dir='ltr'><strong>nomen</strong></span> 
     </span>
     <span class='ocr_line' id='line_1_34' title="bbox 229 3882 2601 3973; baseline 0.003 -30"><span class='ocrx_word' id='word_1_323' title='bbox 229 3882 312 3946; x_wconf 88' lang='lat' dir='ltr'><strong>ibi</strong></span> <span class='ocrx_word' id='word_1_324' title='bbox 373 3906 734 3973; x_wconf 82' lang='lat' dir='ltr'><strong>expungere</strong></span> <span class='ocrx_word' id='word_1_325' title='bbox 796 3884 1102 3952; x_wconf 84' lang='lat' dir='ltr'><strong>velimus:</strong></span> <span class='ocrx_word' id='word_1_326' title='bbox 1165 3885 1317 3971; x_wconf 90' lang='lat' dir='ltr'><strong>quid</strong></span> <span class='ocrx_word' id='word_1_327' title='bbox 1375 3888 1548 3949; x_wconf 88' lang='lat' dir='ltr'><strong>enim</strong></span> <span class='ocrx_word' id='word_1_328' title='bbox 1609 3886 1728 3950; x_wconf 90' lang='lat' dir='ltr'><strong>hoc</strong></span> <span class='ocrx_word' id='word_1_329' title='bbox 1790 3893 1885 3950; x_wconf 88' lang='lat' dir='ltr'><strong>est·</strong></span> <span class='ocrx_word' id='word_1_330' title='bbox 1948 3885 2327 3972; x_wconf 89' lang='lat' dir='ltr'><strong>simpliciter</strong></span> <span class='ocrx_word' id='word_1_331' title='bbox 2393 3887 2601 3953; x_wconf 90' lang='lat' dir='ltr'><strong>dicere</strong></span> 
     </span>
     <span class='ocr_line' id='line_1_35' title="bbox 233 3989 2599 4079; baseline 0.002 -25"><span class='ocrx_word' id='word_1_332' title='bbox 233 4006 470 4055; x_wconf 81' lang='lat' dir='ltr'><strong>caesum</strong></span> <span class='ocrx_word' id='word_1_333' title='bbox 535 3991 732 4057; x_wconf 82' lang='lat' dir='ltr'><strong>fuisse</strong></span> <span class='ocrx_word' id='word_1_334' title='bbox 791 3989 1100 4058; x_wconf 85' lang='lat' dir='ltr'><strong>Jacobum</strong></span> <span class='ocrx_word' id='word_1_335' title='bbox 1164 3989 1318 4057; x_wconf 87' lang='lat' dir='ltr'><strong>Jesu</strong></span> <span class='ocrx_word' id='word_1_336' title='bbox 1381 3991 1645 4055; x_wconf 86' lang='lat' dir='ltr'><strong>fratrem</strong></span> <span class='ocrx_word' id='word_1_337' title='bbox 1665 4038 1683 4069; x_wconf 86' lang='lat'><em>,</em></span> <span class='ocrx_word' id='word_1_338' title='bbox 1750 4012 1896 4056; x_wconf 88' lang='lat' dir='ltr'><strong>cum</strong></span> <span class='ocrx_word' id='word_1_339' title='bbox 1966 3998 2311 4079; x_wconf 88' lang='lat' dir='ltr'><strong>utrumque</strong></span> <span class='ocrx_word' id='word_1_340' title='bbox 2367 4014 2599 4061; x_wconf 88' lang='lat' dir='ltr'><strong>nomen</strong></span> 
     </span>
     <span class='ocr_line' id='line_1_36' title="bbox 233 4095 2350 4184; baseline 0.005 -29"><span class='ocrx_word' id='word_1_341' title='bbox 233 4096 388 4177; x_wconf 87' lang='lat' dir='ltr'><strong>apud</strong></span> <span class='ocrx_word' id='word_1_342' title='bbox 432 4097 708 4163; x_wconf 86' lang='lat' dir='ltr'><strong>Judaeos</strong></span> <span class='ocrx_word' id='word_1_343' title='bbox 757 4104 889 4162; x_wconf 87' lang='lat' dir='ltr'><strong>tam</strong></span> <span class='ocrx_word' id='word_1_344' title='bbox 939 4104 1101 4163; x_wconf 88' lang='lat' dir='ltr'><strong>esset</strong></span> <span class='ocrx_word' id='word_1_345' title='bbox 1147 4096 1416 4184; x_wconf 77' lang='lat' dir='ltr'><strong>vulgare</strong></span> <span class='ocrx_word' id='word_1_346' title='bbox 1463 4118 1656 4183; x_wconf 90' lang='lat' dir='ltr'><strong>quam</strong></span> <span class='ocrx_word' id='word_1_347' title='bbox 1703 4095 1861 4161; x_wconf 78' lang='lat' dir='ltr'><strong>Titii</strong></span> <span class='ocrx_word' id='word_1_348' title='bbox 1910 4098 2016 4164; x_wconf 82' lang='lat' dir='ltr'><strong>vel</strong></span> <span class='ocrx_word' id='word_1_349' title='bbox 2064 4098 2350 4168; x_wconf 80' lang='lat' dir='ltr'><strong>Maevii?</strong></span> 
     </span>
    </p>

    <p class='ocr_par' dir='ltr' id='par_1_3' title="bbox 237 4200 2599 4502">
     <span class='ocr_line' id='line_1_37' title="bbox 317 4200 2599 4291; baseline 0.004 -26"><span class='ocrx_word' id='word_1_350' title='bbox 317 4200 732 4287; x_wconf 83' lang='lat' dir='ltr'><strong>Inspiciamus</strong></span> <span class='ocrx_word' id='word_1_351' title='bbox 785 4202 1005 4269; x_wconf 90' lang='lat' dir='ltr'><strong>Photii</strong></span> <span class='ocrx_word' id='word_1_352' title='bbox 1052 4202 1541 4268; x_wconf 88' lang='lat' dir='ltr'><strong>Bibliothecam.</strong></span> <span class='ocrx_word' id='word_1_353' title='bbox 1612 4202 1741 4268; x_wconf 88' lang='lat' dir='ltr'><strong>Hic</strong></span> <span class='ocrx_word' id='word_1_354' title='bbox 1786 4208 1883 4267; x_wconf 91' lang='lat' dir='ltr'><strong>ter</strong></span> <span class='ocrx_word' id='word_1_355' title='bbox 1930 4204 2009 4268; x_wconf 93' lang='lat' dir='ltr'><strong>de</strong></span> <span class='ocrx_word' id='word_1_356' title='bbox 2054 4204 2328 4291; x_wconf 88' lang='lat' dir='ltr'><strong>Josepho</strong></span> <span class='ocrx_word' id='word_1_357' title='bbox 2374 4207 2599 4273; x_wconf 88' lang='lat' dir='ltr'><strong>retulit</strong></span> 
     </span>
     <span class='ocr_line' id='line_1_38' title="bbox 237 4307 2597 4395; baseline 0.003 -26"><span class='ocrx_word' id='word_1_358' title='bbox 237 4310 296 4369; x_wconf 89' lang='lat' dir='ltr'><strong>et</strong></span> <span class='ocrx_word' id='word_1_359' title='bbox 350 4310 543 4376; x_wconf 86' lang='lat' dir='ltr'><strong>semel</strong></span> <span class='ocrx_word' id='word_1_360' title='bbox 603 4310 680 4375; x_wconf 92' lang='lat' dir='ltr'><strong>de</strong></span> <span class='ocrx_word' id='word_1_361' title='bbox 735 4312 870 4395; x_wconf 89' lang='lat' dir='ltr'><strong>ejus</strong></span> <span class='ocrx_word' id='word_1_362' title='bbox 935 4309 1290 4375; x_wconf 77' lang='lat' dir='ltr'><strong>adversario</strong></span> <span class='ocrx_word' id='word_1_363' title='bbox 1350 4309 1386 4374; x_wconf 87' lang='lat' dir='ltr'>J</span> <span class='ocrx_word' id='word_1_364' title='bbox 1394 4318 1552 4375; x_wconf 90' lang='lat' dir='ltr'><strong>usto.</strong></span> <span class='ocrx_word' id='word_1_365' title='bbox 1641 4307 1971 4374; x_wconf 87' lang='lat' dir='ltr'><strong>Recitatus</strong></span> <span class='ocrx_word' id='word_1_366' title='bbox 2017 4309 2177 4395; x_wconf 89' lang='lat' dir='ltr'><strong>fuit,</strong></span> <span class='ocrx_word' id='word_1_367' title='bbox 2224 4311 2597 4379; x_wconf 88' lang='lat' dir='ltr'><strong>Patriarcha</strong></span> 
     </span>
     <span class='ocr_line' id='line_1_39' title="bbox 237 4410 2589 4502; baseline 0.003 -27"><span class='ocrx_word' id='word_1_368' title='bbox 237 4410 462 4499; x_wconf 87' lang='lat' dir='ltr'><strong>inquit,</strong></span> <span class='ocrx_word' id='word_1_369' title='bbox 509 4413 721 4481; x_wconf 83' lang='lat' dir='ltr'><strong>Codex</strong></span> <span class='ocrx_word' id='word_1_370' title='bbox 763 4414 848 4483; x_wconf 82' lang='lat'><strong>76</strong></span> <span class='ocrx_word' id='word_1_371' title='bbox 869 4464 887 4498; x_wconf 92' lang='lat'>‚</span> <span class='ocrx_word' id='word_1_372' title='bbox 928 4434 1052 4499; x_wconf 89' lang='lat' dir='ltr'><strong>quo</strong></span> <span class='ocrx_word' id='word_1_373' title='bbox 1092 4415 1574 4481; x_wconf 85' lang='lat' dir='ltr'><strong>continebantur</strong></span> <span class='ocrx_word' id='word_1_374' title='bbox 1613 4415 1851 4501; x_wconf 81' lang='lat' dir='ltr'><strong>viginti</strong></span> <span class='ocrx_word' id='word_1_375' title='bbox 1886 4414 2039 4481; x_wconf 89' lang='lat' dir='ltr'><strong>libri</strong></span> <span class='ocrx_word' id='word_1_376' title='bbox 2076 4418 2554 4502; x_wconf 86' lang='lat' dir='ltr'><strong>Antiquitatum</strong></span> <span class='ocrx_word' id='word_1_377' title='bbox 2568 4437 2589 4499; x_wconf 76' lang='lat'><em>3</em></span> 
     </span>
    </p>
   </div>
  </div>
 </body>
</html>
