3150 5000
1217 233 1557 286 runnu.
2457 215 2590 285 373

477 507 551 572 Εἰ
599 506 769 582 τοίην
812 505 1000 588 χάριν
1045 503 1185 588 εἶχε
1232 511 1439 586 γυνη
1484 515 1657 588 μετ-οὶ
1703 506 2001 589 Κύπριδος
2048 511 2251 588 εὖνήν,

566 615 675 679 οὐκ
720 611 795 678 ἄν
842 638 934 682 τοι
982 615 1144 695 κόρον
1192 612 1377 695 ἔσχεν
1426 618 1571 697 ἀνὴρ
1619 616 1939 696 ἀλόχοισιν
1987 618 2250 694 ὁμιλῶν·

476 723 683 785 ποῖσοιι
728 721 855 803 γὰρ
902 723 1072 799 μετὰ
1120 723 1351 803 Κύπριν
1397 723 1694 803 οὶτερπέες
1740 724 1854 788 εἶσὶ
1904 732 2218 803 γυναῖκες.

190 823 369 891 Cum
415 827 573 905 γυνη
620 827 787 898 nude
833 828 1078 894 dictum
1126 831 1212 894 sit
1255 849 1382 895 non
1427 829 1645 896 addito
1691 827 1860 904 ἄλλη
1909 830 2015 897 vel
2057 828 2266 913 ἑτέρη,
2305 830 2592 916 sequitur

188 940 267 999 ut
331 933 456 1000 hoe
516 954 770 1000 carmen
826 937 1140 1020 pertineat
1202 935 1282 1001 sd
1330 958 1551 1000 musam
1585 937 1881 1020 puerilem
1899 985 1916 1015 ,
1969 957 2224 1022 prorsus
2270 939 2346 1001 ut
2395 935 2589 1000 huius

188 1043 457 1126 eapitis,
524 1041 691 1127 quod
756 1039 1106 1108 mulierum
1167 1045 1369 1108 amori
1430 1049 1864 1109 consecratum
1931 1049 2056 1129 est,
2125 1045 2592 1130 epigrammata

193 1145 367 1225 117,
427 1145 588 1225 122,
645 1145 773 1212 145
821 1153 886 1214 et
938 1146 1085 1213 167.
1160 1147 1260 1214 Ad
1309 1149 1473 1222 τοίην
1522 1170 1616 1217 vs.
1670 1149 1706 1215 1
1758 1156 1974 1216 mente
2020 1149 2442 1235 supplendum
2494 1155 2591 1214 est

187 1255 431 1340 qualem
488 1253 587 1318 hic
638 1254 847 1340 habet,
910 1254 1018 1320 sed
1079 1253 1343 1322 fortasse
1405 1255 1862 1323 brevissimum
1926 1258 2320 1342 poematium
2382 1257 2590 1341 eapite

186 1363 567 1426 truncatum
617 1366 737 1426 est.

562 1685 776 1758 ’Τετὸς
834 1684 901 1762 ἦν
950 1686 1055 1751 καὶ
1104 1684 1213 1763 νὺξ
1259 1687 1365 1753 καὶ
1412 1686 1483 1751 τὸ
1532 1666 1730 1768 τρίτον
1778 1683 1979 1765 ἄλγος
2030 1684 2269 1768 ἔρωτι

580 1788 755 1875 [οἶνος
804 1792 939 1876 καὶ]
988 1793 1199 1873 βορέης
1250 1792 1529 1874 ψυχρός,
1581 1793 1700 1872 ἐγὼ
1753 1792 1816 1858 δὲ
1863 1791 2062 1871 μόνος.

190 1894 627 1964 Probabiliter
684 1903 1036 1965 correctum
1092 1905 1189 1966 est
1250 1899 1486 1980 ἐρῶντι,
1544 1904 1868 1984 praeterea
1920 1919 2069 1966 vero
2116 1899 2334 1965 futuro
2365 1899 2596 1965 editori

196 2009 423 2070 auctor
470 2025 613 2070 sum
664 2011 737 2070 ut
781 2005 1238 2089 perabsurdum
1290 2008 1523 2072 veteris
1570 2006 1832 2071 lacunae
1880 2004 2398 2090 supplementum
2447 2001 2593 2076 οἶνος

196 2111 299 2174 καὶ
354 2112 611 2176 uncinis
656 2111 963 2177 includet.
1012 2111 1273 2177 Frustra
1322 2115 1493 2177 enim
1537 2133 1615 2177 ex
1650 2111 1886 2176 litteris
1928 2119 2342 2177 OINOCKAI
2379 2111 2596 2177 elicias

196 2217 367 2302 quod
410 2219 761 2283 sententiae
792 2223 1014 2302 aptum
1044 2220 1149 2283 sit.
1188 2216 1322 2284 Neo
1346 2217 1582 2284 suffieit
1607 2217 1772 2302 quod
1797 2219 2123 2302 proposuit
2149 2217 2302 2282 olim
2331 2215 2594 2283 Geelius

196 2323 523 2390 αἰνότατον
546 2370 561 2401 ,
608 2343 757 2388 nam
807 2345 956 2388 eum
1004 2323 1227 2408 pluvie
1276 2331 1341 2391 et
1386 2325 1682 2389 tenebrae
1728 2327 1792 2388 et
1839 2328 2068 2389 ventus
2111 2323 2383 2410 frigidus
2421 2321 2594 2389 mala

194 2431 330 2493 sint
396 2427 844 2494 tantummodo
906 2431 987 2494 iis
1051 2432 1160 2515 qui
1211 2430 1364 2494 foris
1412 2436 1744 2496 versentur
1790 2429 2214 2507 amatoribus,
2266 2437 2593 2496 consenta-

192 2556 389 2600 neum
441 2540 537 2601 est
584 2542 656 2599 ut
706 2538 1153 2602 Ascmss’unns
1200 2540 1618 2603 necessariam
1669 2535 1854 2600 illam
1899 2538 2220 2601 notionem
2271 2537 2590 2603 addidisse

195 2644 663 2707 existimemus.
716 2640 895 2721 Quod
942 2644 999 2707 si
1038 2648 1207 2708 reete
1247 2648 1459 2709 statuo
1481 2693 1497 2717 ,
1540 2643 1804 2707 fortasse
1842 2640 2056 2707 locum
2103 2644 2402 2710 concedes
2441 2644 2593 2709 huie

194 2750 627 2815 coniecturae:

514 2855 723 2927 ’Τετὸς
774 2850 841 2928 ἦν
888 2854 993 2919 κοιὶ
1044 2840 1153 2933 νῖιξ
1197 2855 1299 2920 καὶ
1348 2853 1418 2920 τὸ
1466 2854 1669 2933 τρίτον
1716 2852 1916 2932 ἄλγος
1967 2856 2248 2936 ἐρῶντι

512 2961 813 3043 <ἐνδίῳ>
863 2960 1077 3040 βορέης
1126 2961 1408 3045 ψυχρός,
1457 2961 1577 3039 ἐγὼ
1631 2959 1694 3024 δὲ
1739 2959 1941 3038 μόνος.

197 3067 467 3131 Amatori
514 3071 622 3130 sub
667 3068 799 3132 iove
847 3068 1080 3151 friqido
1127 3069 1409 3133 versanti.

288 3171 541 3238 Similis
590 3175 771 3239 crisis
815 3174 1159 3239 exercenda
1206 3173 1461 3246 videtur
1507 3175 1573 3238 in
1620 3172 1951 3239 Posum’m
1985 3173 2126 3239 loeo
2165 3174 2330 3239 infre
2358 3172 2431 3253 V,
2456 3173 2585 3239 211

200 3278 289 3341 sie
335 3282 609 3363 scripto:

429 3384 748 3469 [Δάκρυοι]
800 3385 903 3452 καὶ
952 3394 1177 3471 κῶμοι,
1228 3386 1292 3450 τί
1337 3386 1411 3463 μ’
1462 3386 1767 3466 ἐγείρετε,
1816 3385 1955 3466 πρὶν
1996 3384 2192 3460 πόδας
2241 3382 2384 3468 ἆραι

429 3492 496 3556 ἐκ
547 3492 766 3572 πυρός,
815 3494 899 3563 εἷς
949 3494 1152 3573 ἑτέρην
1202 3492 1497 3572 Κύπριδος
1548 3493 1910 3574 οἶνθρακιήνς

203 3592 326 3662 Ubi
375 3596 583 3664 deleto
632 3599 1037 3664 librariorum
1085 3597 1528 3683 supplemento
1576 3606 1724 3685 apte
1771 3596 2158 3683 expleveris:

634 3707 1010 3785 <ψαλμοὶ>
1059 3704 1161 3770 καὶ
1212 3712 1439 3783 κῶμοι,
1490 3705 1556 3769 τί
1600 3704 1676 3783 μ’
1730 3704 2002 3785 ἐγείρετε
2049 3705 2179 3771 κτὲ.

203 3812 275 3873 ut
319 3815 415 3877 est
464 3810 587 3889 XI,
644 3812 752 3889 41,
804 3810 842 3876 5
891 3810 1059 3897 apud
1108 3812 1584 3878 Pmonnmm:

383 3920 567 3983 Ἀλλ’
616 3916 703 3983 ἔτι
753 3942 854 3995 μοι
906 3918 1243 3997 ψοιλμός
1292 3942 1379 3984 τε
1425 3917 1620 3990 λάλος
1667 3917 1926 3997 κῶμοί
1970 3941 2057 3983 τε
2104 3917 2403 3996 μέλοντοιι

205 4026 345 4098 aut,
395 4025 452 4089 si
500 4026 744 4091 mavis:

294 4130 743 4213 <ψοὶλμοιτοι>
793 4130 898 4195 καὶ
950 4136 1173 4209 κῶμοι,
1223 4131 1303 4196 cl.
1358 4129 1455 4213 XI
1503 4129 1609 4207 34,
1666 4130 1734 4196 1.

296 4232 415 4302 His
460 4239 711 4323 scriptis
755 4236 943 4302 video
982 4235 1284 4302 similiter
1313 4235 1528 4303 locum
1587 4240 1903 4321 temptare
1955 4235 2302 4303 Polakium
2341 4235 2586 4304 Mnem.

216 4334 319 4402 V1²
368 4342 498 4407 415
546 4340 981 4429 supplentem:
