3150 5000
475 251 562 318 48
1539 269 1777 323 menno.

470 437 806 502 strabatur.
881 432 1068 500 Certe
1112 433 1181 499 id
1221 453 1327 498 me
1365 436 1599 499 retinet
1638 456 1715 501 ne
1754 435 2102 520 quidquam
2142 439 2413 500 mutem.
2480 434 2651 500 Eum
2696 433 2867 500 colo-

471 561 610 606 rem
671 559 940 627 agnosco
1002 559 1250 624 quoque
1301 541 1364 603 in
1414 542 1757 625 proximis:
1815 541 2167 624 „praecipue
2211 539 2439 606 multis
2486 539 2701 605 multa
2752 542 2871 605 tri·

472 645 724 713 buunt’'
784 647 896 711 ubi
957 645 1300 712 formulam
1366 644 1801 712 adverbialem
1866 648 2026 731 (καθ’
2088 646 2433 725 ὑπερβολὴν
2503 647 2611 725 vel
2684 645 2865 732 sim.)

473 753 773 820 adverbio
809 752 1119 832 reddidit;
1169 751 1429 828 melius,
1485 756 1706 840 opinor
1726 801 1743 831 ‚
1794 759 1995 819 esset:
2043 756 2423 840 „praecipua
2456 753 2669 818 multa
2692 752 2869 818 mul-

471 863 559 925 tis
607 859 877 925 tribuit”
896 881 914 938 ;
964 880 1148 945 saepe
1193 881 1394 925 unum
1441 881 1592 945 prae
1640 858 1904 945 reliquis
1950 859 2239 944 extollit,
2300 863 2485 945 eique
2524 861 2715 946 quasi
2755 881 2871 946 per

325 983 334 992 ·
472 969 908 1055 exceptionem
954 966 1258 1032 concedit.
1329 966 1473 1051 Ipse
1518 964 1733 1051 Scipio
1781 987 1849 1032 se
1895 970 2277 1054 argumenta
2327 967 2537 1034 aliena
2584 966 2871 1053 proferre

469 1073 710 1139 ibidem
757 1070 1114 1160 significat:
1161 1071 1318 1139 haec
1362 1072 1490 1138 fere
1511 1121 1526 1150 ,
1582 1071 1722 1138 rell.

567 1286 671 1352 54.
709 1284 1016 1352 Halmius
1052 1307 1166 1373 pro
1203 1284 1494 1352 lectione'
1515 1286 1750 1353 codicis
1792 1287 1941 1371 quid
1979 1286 2153 1353 dedit
2189 1288 2349 1373 quod
2366 1289 2437 1352 in
2463 1286 2600 1352 his:
2651 1285 2873 1364 „Tum

475 1391 770 1459 Laelius:
833 1391 1004 1473 Quid
1059 1398 1158 1471 tu,
1223 1395 1463 1477 inquit,
1529 1391 1779 1478 Scipio,·
1840 1413 1876 1458 e
1937 1393 2144 1458 tribus
2187 1395 2329 1458 istis
2376 1395 2535 1479 quod
2576 1396 2878 1460 maxime

475 1495 746 1586 probas?
791 1515 846 1565 s.
917 1498 1118 1564 Recte
1162 1501 1446 1583 quaeris,
1495 1500 1655 1584 quod
1702 1499 1875 1584 (quid
1919 1498 1991 1564 2⁸
2015 1500 2135 1587 m.)
2178 1502 2464 1566 maxime
2506 1521 2541 1566 e
2581 1501 2798 1566 tribus
2819 1500 2879 1585 ,‘'

475 1605 616 1671 rell.
689 1604 957 1671 Videtur
999 1603 1291 1689 suppleto
1339 1603 1552 1689 aliquo
1600 1605 2003 1670 substantivo
2048 1610 2168 1670 icta
2218 1611 2283 1670 et
2314 1607 2476 1691 quod
2512 1626 2627 1690 pro
2666 1605 2876 1672 adiec-

478 1713 635 1776 tivis
679 1711 1010 1786 habuisse,
1059 1729 1209 1774 nam
1247 1711 1405 1793 quod
1441 1711 1979 1797 interrogativum
2016 1730 2142 1775 non
2182 1715 2391 1795 potest
2432 1711 2875 1790 substantive,

479 1822 554 1882 ut
613 1819 832 1890 aiunt,
894 1817 1063 1900 poni.
1145 1813 1420 1880 Nullum
1471 1820 1687 1880 tamen
1732 1816 2208 1882 substantivum
2258 1821 2355 1883 est
2398 1817 2467 1882 in
2512 1819 2837 1903 proximis
2857 1863 2875 1896 ‚

479 1923 648 2010 quod
693 1921 1098 2008 suppleatur3
1135 1921 1285 2007 quid
1327 1921 1753 1988 scribendum.

571 2134 820 2201 Ibidem
880 2135 1160 2199 tentavi:
1217 2136 1526 2217 „occurrit
1571 2153 1802 2200 nomen
1849 2137 2031 2221 quasi
2078 2138 2358 2222 patrium
2408 2137 2615 2222 regis,
2668 2141 2747 2202 ut
2794 2157 2875 2203 ex

481 2263 548 2308 se
591 2242 759 2306 natis
775 2289 794 2326 ,
841 2243 934 2306 ita
979 2239 1364 2306 consulentis
1409 2242 1544 2306 suis
1594 2255 2125 2308 omnusnmsosco

1592 2364 2065 2415 snavm'rffisw

1594 2453 1965 2532 diosmsoui

1590 2562 1964 2645 poeninnrm

1598 2670 1949 2753 egestarlm

1595 2792 1657 2856 q.
1703 2770 1979 2839 levantrs

1592 2880 2041 2965 suissump'rts.

1590 2985 2009 3071 itaquereliou

1590 3106 2064 3160 ossus'rnnmm

476 3204 669 3269 unius
723 3197 952 3285 optimi
1011 3201 1076 3263 et
1127 3196 1372 3262 summi
1415 3196 1542 3262 viri
1590 3194 1927 3283 diligentia
1942 3194 1996 3275 ,”
2042 3200 2086 3261 i.
2114 3219 2169 3264 e.
2224 3203 2289 3264 et
2340 3217 2446 3264 eos
2492 3218 2873 3265 conservan-

477 3308 562 3374 tis
613 3306 956 3373 studiosius
1001 3323 1195 3388 quam
1240 3303 1563 3387 punientis
1581 3349 1599 3380 ,
1646 3308 2126 3391 egestatemque
2172 3303 2447 3372 levantis
2493 3307 2629 3371 suis
2679 3326 2869 3373 sum-

477 3413 686 3497 tibus3
748 3413 963 3496 itaque
1025 3408 1301 3493 reliquos
1357 3410 1699 3473 sustentari
1761 3412 1953 3475 unius
2014 3413 2243 3498 optimi
2304 3416 2369 3478 et
2428 3414 2675 3478 summi
2740 3414 2870 3479 viri

479 3516 849 3606 diligentia”
901 3515 1013 3601 (sc.
1061 3515 1381 3602 occurrit).
1458 3512 1861 3590 „Studiosius
1908 3535 2102 3600 quam
2148 3518 2499 3603 redigentis
2546 3519 2616 3582 in
2656 3520 2869 3583 servi·-

479 3624 734 3690 tutem'’
799 3620 986 3707 (Mai)
1037 3622 1144 3698 „in
1188 3619 1625 3705 paucitatem”
1674 3618 1999 3706 (Creuzer)
2047 3641 2119 3686 eo
2166 3621 2503 3707 displicent
2554 3625 2724 3709 quod
2772 3627 2868 3692 sie

480 3730 880 3815 aliquatenus
917 3728 1119 3793 bonus
1157 3746 1268 3792 rex
1298 3725 1414 3791 illa
1448 3724 1688 3791 nefaria
1722 3724 1927 3791 facere
1950 3725 2347 3814 significatur
2369 3775 2385 3806 ,
2410 3731 2581 3814 quod
2606 3730 2869 3798 Halmii

482 3855 730 3922 quoque
787 3833 1231 3919 supplemento
1291 3836 1357 3895 in
1418 3838 1725 3912 eye-statem
1784 3834 2019 3917 opponi
2080 3838 2305 3917 potest.
2392 3833 2499 3899 Du
2565 3834 2733 3902 Rieu
2796 3840 2870 3903 in

481 3940 840 4028 penultimo
902 3959 1090 4007 versu
1151 3942 1298 4003 ante
1359 3956 1402 4003 u
1458 3933 1758 4001 ultimam
1824 3940 2091 4023 agnovit
2134 3954 2212 4021 o,
2260 3939 2427 4023 quod
2473 3961 2600 4006 non
2648 3942 2869 4008 redar-

482 4049 711 4137 guitur
767 4044 1115 4112 Detlefseni
1173 4045 1541 4109 testimonio
1558 4090 1576 4125 ,
1639 4044 1753 4126 qui
1811 4040 2047 4107 lineam
2096 4062 2169 4110 eo
2216 4041 2356 4109 loco
2402 4046 2605 4113 vidit:
2657 4068 2781 4135 ego
2830 4066 2870 4115 ο

485 4154 792 4221 substitui
837 4151 1137 4238 quoniam
1187 4149 1398 4229 „idem
1449 4148 1801 4235 vestigium
1850 4147 2015 4233 quod
2062 4148 2415 4217 leviusculs
2452 4156 2695 4239 passim
2734 4177 2874 4225 cer-

483 4262 662 4328 nitur
707 4258 787 4325 ad
831 4274 900 4342 0,
946 4276 988 4325 B
1032 4261 1098 4322 et
1143 4270 1186 4323 a
1215 4254 1498 4325 'ducere”
1549 4273 1737 4340 saepe
1782 4258 2047 4320 constat.
2099 4254 2196 4322 Of.
2246 4256 2333 4322 du
2378 4256 2548 4325 Rieu
2594 4281 2659 4345 p.
2708 4257 2775 4326 8.
