3150 5000
1211 339 1612 392 mono-rus.
2524 317 2612 388 59

267 509 429 577 verba
466 509 758 588 Φαμένων
802 507 954 577 εἶναι
1000 510 1295 588 ἀνάθημα
1343 518 1408 576 ct
1453 509 1769 575 scribam:
1830 506 2301 585 ἐπιγέγραπται
2350 513 2608 572 ΛΛΚΕ-

268 611 787 697 ΔΛΙΜΟΝΙΩΝ,
851 619 960 683 οὐκ
1019 618 1192 695 ὀρθῶς
1260 615 1290 681 ἔ
1305 637 1467 696 χον.
1561 613 1671 680 Sic
1731 613 1977 699 reliqua
2040 614 2395 679 rectissime
2458 610 2608 677 addi

265 731 586 808 potuerunt.

335 903 478 992 Agit
520 903 883 972 Herodotus
928 906 964 970 1
1014 902 1096 970 57
1146 905 1224 970 de
1269 903 1570 988 dialecto,
1628 923 1753 988 qua
1799 899 2058 990 Pelasgi
2100 903 2459 987 antiquitus
2505 902 2607 968 usi

265 1017 416 1074 sunt:
474 1012 526 1076 εἱ
589 1012 856 1077 τούτοισι
913 1009 1388 1090 τεκμαιρόμενον
1453 1009 1554 1076 δεῖ
1605 1009 1854 1092 λέγειν,
1911 1003 2003 1082 ἦσ
2025 1030 2070 1071 α
2090 1032 2119 1074 ν
2178 1009 2231 1072 οἱ
2280 1006 2605 1086 Πελασγοὶ

261 1116 541 1196 βάρβαρον
603 1125 899 1195 γλῶσσαν
947 1117 1160 1192 ἱέντες.
1231 1117 1414 1182 Facit
1467 1118 1892 1201 conjecturam
1912 1161 1929 1190 ‚
1996 1115 2096 1178 uti
2154 1113 2333 1180 vides
2352 1159 2369 1188 ‚
2426 1119 2493 1179 et
2536 1115 2607 1178 in

263 1220 358 1286 tali
407 1229 782 1311 arg-umento
843 1229 938 1290 est
997 1226 1196 1290 moris
1241 1225 1335 1288 ita
1380 1224 1620 1289 dicere:
1665 1219 1955 1294 εἴησαν
2003 1217 2113 1284 ἄν.
2190 1219 2317 1306 Egi
2363 1219 2439 1284 de
2487 1219 2607 1285 hoc

263 1325 376 1394 loco
415 1331 634 1394 Mum.
684 1329 778 1394 IV
825 1330 866 1395 9
913 1337 978 1396 et
1023 1329 1194 1396 locos
1240 1329 1482 1405 addidi,
1535 1328 1769 1412 quibus
1814 1326 2035 1392 eodem
2080 1326 2271 1392 modo
2322 1324 2605 1392 Herodo-

263 1439 350 1500 tus
386 1434 628 1502 locutus
671 1442 803 1512 est,
849 1437 958 1503 sed
1005 1456 1172 1500 nunc
1218 1454 1465 1520 quoque
1510 1433 1744 1500 accidit
1788 1431 1957 1518 quod
2002 1451 2188 1516 saepe
2224 1430 2417 1511 alias,
2455 1451 2607 1498 nam

261 1539 400 1605 nihil
446 1541 674 1608 horum
723 1540 968 1608 Steinio
1015 1542 1277 1627 probare
1321 1542 1524 1626 potui.

337 1735 422 1802 De
471 1737 771 1825 Lycurgo
833 1737 1134 1804 scribitur
1191 1737 1224 1802 I
1286 1735 1405 1803 65:
1463 1737 1773 1824 μετέςησε
1818 1737 1903 1801 τὰ
1951 1734 2185 1812 νόμιμα
2237 1732 2451 1798 πάντα
2500 1733 2607 1799 καὶ

262 1841 601 1920 ἐφύλαξε
648 1847 858 1908 ταῦτα
907 1843 994 1920 μὴ
1041 1842 1475 1922 παραβαίνειν.
1546 1839 1891 1908 Contendit
1927 1840 2208 1906 Steinins
2244 1838 2386 1905 coll.
2426 1839 2481 1904 V
2520 1838 2608 1905 92

259 1948 630 2014 scribendum
680 1969 814 2016 esse
860 1949 1380 2028 παραβαίνεσθαι.
1452 1947 1522 2014 Si
1570 1947 1726 2033 quid
1776 1953 1871 2012 est
1914 1945 2333 2028 mutandum,
2378 1946 2604 2012 viden-

259 2051 392 2116 dum
449 2060 542 2120 est
601 2077 758 2120 num
824 2055 986 2122 forte
1043 2060 1356 2141 praestet:
1423 2053 1506 2119 ἔτ
1527 2052 1673 2130 αξε
1734 2057 1946 2120 ταῦτα
2010 2053 2099 2131 μὴ
2170 2052 2601 2134 παραβαίνειν.

259 2155 362 2224 Sed
404 2160 562 2226 nihil
608 2158 858 2228 definio·

331 2340 464 2406 Non
505 2363 654 2408 sane
702 2345 1056 2430 exagitavit
1103 2341 1296 2411 Solon
1341 2345 1480 2415 τοὺς
1529 2367 1639 2408 πα
1658 2343 1745 2421 ρα
1786 2342 1968 2423 σφίσι
2007 2343 2247 2408 αὑτοῖσι
2288 2339 2607 2411 δοκέοντας

257 2445 474 2525 ὀλβίους
519 2444 694 2515 εἶναι.
765 2447 1172 2536 scripsissem
1218 2449 1550 2538 equidem:
1601 2474 1638 2517 κ
1657 2450 1805 2531 dar
1827 2474 1891 2516 α.

331 2645 658 2715 Contendit
716 2646 1001 2713 Steinius
1061 2648 1096 2713 Ι
1158 2647 1246 2714 98
1307 2654 1370 2714 et
1417 2650 1572 2715 alibi
1618 2653 1956 2735 perpetuo,
2008 2650 2333 2714 ἑσσοῦσθαι
2380 2648 2605 2715 Ionum

257 2770 399 2829 csse,
457 2755 564 2820 sed
625 2754 1014 2839 adjectivum
1077 2752 1268 2829 ἥσσων
1331 2774 1464 2819 esse
1523 2755 1925 2820 scribendum
1952 2804 1966 2829 ,
2032 2776 2231 2839 quum
2292 2753 2481 2819 ἐ’σσων
2542 2756 2611 2819 in

256 2858 546 2926 codicibus
605 2880 921 2945 nusquam
985 2864 1368 2946 compareat.
1447 2861 1618 2927 Fieri
1677 2866 1885 2946 potest
1930 2867 2004 2926 ut
2050 2868 2265 2927 contra
2311 2862 2603 2927 omnium

255 2964 514 3031 codicum
565 2986 939 3032 consensum
987 2965 1152 3031 nihil
1199 2967 1581 3032 mutandum
1629 2969 1749 3050 sit,
1804 2988 2192 3053 quamquam
2232 2970 2474 3034 mirum
2520 2967 2605 3034 sit

257 3068 426 3143 ἥσσων
485 3076 568 3138 iis
627 3074 910 3158 potuisse
967 3071 1242 3157 placere,
1296 3073 1406 3157 qui
1451 3080 1670 3139 tamen
1720 3077 2208 3159 pronunciarent
2254 3074 2605 3151 ἑσσοῦσθαι,

257 3176 348 3240 sed
404 3176 698 3244 confiteor
757 3177 969 3243 multa
1031 3198 1164 3243 esse
1227 3178 1574 3262 ejusmodi,
1623 3198 1891 3263 quorum
1940 3180 2249 3245 rationem
2299 3179 2471 3244 haud
2516 3182 2611 3245 ita

255 3282 416 3349 facile
471 3287 823 3369 perspicere
878 3286 1100 3369 poesie.
1191 3282 1476 3349 Velimus
1535 3284 1817 3351 nolimus
1875 3286 2195 3351 interdum
2247 3285 2608 3373 analogiam

257 3384 424 3453 fidam
473 3390 696 3455 ducem
749 3389 1102 3455 deserimus
1150 3396 1214 3454 et
1260 3392 1452 3454 inviti
1497 3411 1795 3475 paremus
1835 3411 2016 3456 caeco
2054 3392 2451 3458 auctoritatis
2489 3395 2610 3455 im·

255 3497 424 3575 perio.
493 3494 850 3561 Scribimus
922 3501 1136 3559 tamen
1216 3496 1478 3574 κρέσσων
1549 3504 1616 3561 et
1680 3494 1908 3575 μέζων,
1981 3500 2131 3582 quia
2200 3500 2291 3561 sic
2354 3496 2611 3564 voluere

253 3596 492 3665 librarii.
564 3600 734 3681 Quid
785 3607 998 3667 autem
1051 3604 1273 3667 θᾶσσον
1318 3601 1378 3686 (1
1431 3602 1597 3686 159,
1648 3602 1753 3668 III
1806 3603 1967 3679 155,
2020 3602 2169 3668 VIII
2218 3602 2366 3689 98),
2418 3600 2609 3669 οἶσσον

257 3702 358 3783 (ΙΙΙ
403 3706 522 3783 52,
573 3706 664 3771 IV
719 3706 796 3789 3,
842 3706 978 3771 VII
1023 3706 1184 3792 233)
1233 3713 1296 3772 et
1341 3706 1633 3782 μᾶλλονῗ
1694 3708 1917 3775 Nonne
1956 3708 2169 3775 Ionice
2204 3710 2609 3776 scribendum

255 3816 336 3873 est
392 3812 644 3895 θάσσον,
701 3812 892 3877 ἆσσον
952 3816 1016 3876 et
1061 3811 1344 3889 μάλλον.
1393 3814 1447 3877 si
1492 3815 1751 3898 quidem
1796 3814 2014 3879 Ionica
2058 3824 2209 3880 sunt
2254 3818 2501 3896 κρέσσον
2545 3824 2611 3883 et

253 3914 452 3995 μέζον7
520 3918 598 3983 In
645 3938 722 3983 ea
766 3924 934 3983 certe
978 3938 1046 3983 re
1092 3916 1256 3983 nihil
1301 3920 1529 3984 attinet
1575 3920 1820 3985 codices
1864 3922 2272 4008 interrogare.

329 4112 469 4180 Fuit
512 4114 836 4202 cyaxares
879 4115 914 4180 I
965 4114 1093 4180 103
1141 4115 1555 4195 ἀλκιμώτερος
1602 4122 1721 4181 τῶν
1759 4118 2202 4202 προγόνων,
2241 4122 2353 4204 qui
2392 4124 2608 4187 tamen

253 4238 358 4284 non
399 4221 636 4287 dicitur
680 4222 979 4286 omnibus
1025 4224 1158 4285 suis
1207 4222 1556 4287 maioribus
1606 4222 1801 4287 fuisse
1848 4224 2096 4299 fortior,
2140 4225 2247 4289 sed
2280 4224 2606 4310 aliquanto

254 4323 378 4405 plus
431 4326 712 4412 pollebat
771 4346 962 4411 quam
1025 4332 1206 4411 pater
1261 4326 1601 4392 Phraortes
1660 4327 1763 4393 vel
1821 4348 1979 4393 avus
2026 4328 2305 4395 Deioces.
2382 4330 2607 4415 ltaque

255 4428 358 4495 fuit
396 4434 812 4512 ἀλκιμώτερος
861 4439 976 4498 τῶν
1026 4430 1673 4512 προγενομένων.
1743 4432 1911 4499 Vide
1948 4435 2287 4501 discrimen
2326 4435 2394 4500 II
2440 4436 2599 4515 156,
