3150 5000
1273 235 1691 286 muormmis.
2588 214 2671 283 91

282 399 362 465 τὸ
416 407 646 479 πρῶτον
690 399 1034 483 ἀρχομένου
1081 407 1188 469 τοῦ
1237 402 1511 481 πολέμου
1556 402 1940 483 ξυμμαχίαν
1989 401 2348 484 ἐτάχθησαν
2411 402 2677 469 Doricae

282 504 554 573 Siciliae
599 509 927 585 civitates,
975 511 1042 575 οὐ
1090 509 1297 587 μέντοι
1342 508 1851 587 ξυνεπολέμησάν
1898 533 1999 587 γε.
2068 508 2213 575 Non
2262 514 2357 574 est
2406 508 2675 583 dubium

283 616 452 698 quin
498 634 644 679 vere
688 613 808 679 hoc
855 615 1162 681 traditum
1208 619 1332 696 sit,
1380 619 1633 683 etiamsi
1680 614 1976 702 Spartani
2015 636 2119 680 eas
2158 618 2559 700 provocarint
2596 615 2677 681 ad

281 714 540 786 bellum
587 721 1094 806 participandum
1112 769 1130 799 ‚
1177 722 1721 809 quemadmodum
1768 720 2080 787 Diodorus
2126 720 2347 789 retulit
2368 719 2527 787 XII.
2553 720 2675 787 40:

279 827 436 896 τοὺς
499 828 666 891 κατὰ
727 828 837 900 τὴν
901 826 1180 893 Ἰταλίαν
1244 828 1352 894 καὶ
1404 828 1700 895 Σικελίαν
1746 827 2129 909 συμμάχους
2176 825 2676 907 διαπρεσβευσά-

279 956 462 1010 μενοι
513 932 848 1005 διακοσίαις
893 934 1184 1014 τριήρεσιν
1233 934 1486 1001 ἔπεισαν
1533 941 1848 1011 πολεμεῖν.
1916 932 2045 999 Sed
2086 940 2159 999 ut
2206 936 2503 999 omittam
2554 954 2677 1016 quo

279 1060 482 1106 sensu
529 1041 597 1116 ἐξ
643 1039 927 1112 Ἰταλίας
976 1041 1082 1105 καὶ
1133 1043 1422 1114 Σικελίας
1473 1062 1667 1107 naves
1712 1062 1881 1107 nunc
1927 1041 2221 1107 dicantur
2260 1042 2449 1105 αὐτοῦ
2489 1039 2678 1120 ὑπάρ-

279 1170 434 1226 χειν
452 1195 471 1231 ,
543 1168 742 1232 quum
805 1154 1314 1231 exspectarentur
1376 1149 1637 1234 quidem
1698 1148 1806 1213 sed
1870 1154 2041 1213 certo
2100 1147 2336 1211 certius·
2392 1146 2678 1211 nondum

283 1254 622 1329 adessent,
685 1273 808 1337 qua
875 1253 951 1318 de
996 1276 1064 1319 re
1111 1260 1177 1320 et
1221 1254 1334 1320 alii
1385 1253 1578 1319 multi
1628 1254 1895 1320 conferri
1944 1257 2203 1339 possunt
2250 1256 2316 1317 et
2362 1250 2681 1340 Georgius

281 1358 538 1427 Grotus
600 1363 667 1424 in
729 1359 1016 1426 Historia
1077 1360 1318 1427 Graeca
1381 1360 1488 1425 vl.
1535 1382 1599 1445 p.
1656 1358 1784 1425 125
1850 1368 1915 1425 et
1977 1358 2121 1425 VH.
2172 1380 2233 1444 p.
2286 1356 2451 1441 130,
2522 1358 2677 1443 quid

281 1472 386 1532 est
453 1463 619 1530 illud
679 1462 1184 1543 Λακεδαιμονίοις
1249 1475 1374 1539 τοῖς
1438 1468 1730 1532 τάκείνων
1794 1465 2093 1543 ἑλομένοις
2153 1472 2300 1537 ναῦς
2352 1464 2671 1545 ἐπετάχθη

279 1570 639 1638 ποιεῖσθαιῗ
705 1572 1014 1638 Nonnulli
1075 1572 1338 1641 Codices
1390 1574 1664 1640 habeant
1712 1570 2224 1650 Λακεδαιμόνιοι,
2274 1575 2344 1637 in
2393 1571 2681 1640 meliori-

285 1682 412 1747 bus
495 1678 768 1744 Dativus
843 1700 1024 1744 casus
1099 1682 1460 1765 invenitur,
1554 1679 1847 1764 quocirca
1908 1678 2125 1764 Poppo
2188 1698 2265 1743 ex
2328 1698 2454 1744 uno
2519 1678 2683 1744 libro

287 1782 622 1865 ἐπετάχθη
687 1787 988 1850 assumsit
1046 1805 1158 1871 pro
1221 1784 1685 1865 ἐπετάχθησαν.
1758 1784 1971 1850 Nimis
2016 1784 2346 1861 audacter,
2396 1788 2472 1848 ut
2517 1783 2683 1849 mihi

286 1892 556 1977 quidem
606 1890 893 1967 videtur,
943 1890 1255 1957 Bbhmius
1301 1890 1775 1967 Λακεδαιμόνιοι
1806 1928 1889 1939 -
1916 1887 2265 1974 ἐπέταξαν,
2314 1909 2463 1954 cum
2510 1908 2683 1974 prae-

285 1999 518 2063 sertim
569 2016 608 2061 a
643 1996 877 2062 Dativo
919 2017 1070 2062 casu
1107 1997 1278 2063 haud
1317 2000 1474 2062 satis
1499 1994 1956 2081 ·verosimiliter
1979 1989 2184 2061 recedi
2210 1996 2407 2081 possit
2432 1994 2683 2060 eadem-

289 2126 416 2189 que
485 2102 641 2168 haec
705 2123 892 2169 causa
951 2110 1048 2168 est
1067 2152 1085 2186 ,
1149 2124 1262 2168 cur
1316 2123 1543 2188 parum
1592 2102 1863 2169 arrideat
1910 2099 2137 2168 Cobeti
2184 2102 2678 2183 ἐπετετάχεσαν.

291 2207 664 2277 Classenius
709 2208 947 2274 edidit:
1010 2210 1514 2285 Λακεδαιμονίοις
1558 2246 1645 2258 -
1689 2216 1823 2284 νῆες
1890 2208 2332 2287 ἐπετάχθησαν
2380 2209 2681 2273 ποιεῖσθαι

289 2317 414 2381 hoc
495 2317 665 2381 enim
737 2314 982 2381 dictum
1053 2336 1186 2381 esse
1245 2337 1360 2401 pro
1423 2316 1538 2381 ὑπὸ
1602 2316 2123 2393 Λακεδαιμονίων.
2211 2313 2335 2380 Sed
2398 2317 2684 2401 primum

290 2422 626 2489 inauditus
687 2427 781 2488 est
842 2421 949 2487 hic
1013 2421 1231 2488 Dativi
1293 2444 1446 2487 usus
1496 2438 1637 2509 post
1685 2426 1989 2488 aoristum
2042 2420 2328 2508 nihilque
2376 2442 2449 2487 eo
2498 2425 2689 2508 perti-

289 2541 400 2596 net
461 2529 646 2595 locus
706 2549 896 2613 quem
944 2526 1306 2596 Classenius
1351 2529 1645 2596 laudavit
1684 2529 1733 2594 I.
1784 2528 1906 2594 49:
1964 2529 2047 2593 τοὶ
2100 2537 2329 2605 σημεῖα
2378 2529 2683 2608 ἑκατέροις

290 2637 458 2716 ἤρθη.
547 2633 792 2701 Deinde
864 2655 1018 2720 quos
1095 2635 1581 2702 Lacedaemonii
1641 2656 1835 2701 naves
1897 2656 2259 2721 comparare
2322 2633 2685 2702 iusserunt?

289 2741 553 2825 Socios,
611 2743 863 2826 opinor;
928 2741 1047 2807 hoc
1107 2747 1204 2808 est
1260 2740 1426 2807 illud
1473 2742 1643 2826 quod
1689 2739 2053 2808 Olassenius
2100 2742 2429 2827 probavit:
2479 2753 2686 2808 Λακε-
2786 2827 2792 2833 .

294 2847 624 2926 δαιμονίοις
671 2885 754 2894 -
795 2854 920 2918 τοῖς
981 2847 1273 2912 τάκείνων
1322 2847 1624 2924 ἑλομένοις
1678 2856 1812 2922 νῆες
1860 2846 2306 2928 ἐπετάχθησαν
2356 2849 2681 2914 ποιεῖσθαι.

291 2953 620 3019 Fruantur
665 2953 818 3033 hoc,
883 2954 1114 3038 quibus
1159 2951 1394 3038 duplex
1440 2952 1552 3019 ille
1600 2954 1855 3019 dativus
1903 2953 2148 3039 placere
2196 2957 2463 3040 poterit,
2511 2957 2687 3039 equi·

297 3059 446 3126 dem
513 3081 808 3145 quaerere
869 3081 1132 3148 pergam
1197 3063 1476 3145 possitne
1539 3059 1784 3145 aliquid
1848 3062 2197 3148 excogitari
2262 3060 2431 3145 quod
2476 3060 2687 3147 magis

295 3166 669 3233 satisfaciat.
741 3165 994 3232 Vitium
1055 3169 1125 3231 in
1186 3168 1324 3252 ipso
1385 3165 2029 3232 Lacedaemoniorum
2091 3168 2349 3232 nomine
2408 3168 2577 3232 inest
2623 3171 2689 3232 et

295 3292 460 3357 quae
508 3279 604 3338 est
647 3271 1000 3359 corrigendi
1041 3270 1232 3359 longe
1279 3269 1759 3357 simplicissima
1806 3274 1969 3337 ratio
1990 3318 2008 3348 ‚
2070 3271 2543 3338 rescribendum
2592 3277 2688 3337 est

299 3381 994 3452 Πελοποννησίοις
1024 3416 1106 3427 -
1136 3385 1259 3449 τοῖς
1305 3378 1595 3443 τάκείνων
1646 3377 1983 3456 ἑλομένοις,
2028 3375 2253 3444 deinde
2290 3397 2518 3463 anceps
2541 3376 2687 3443 has-

299 3503 406 3548 reo
443 3483 792 3550 debeamne
837 3484 1098 3568 probare
1145 3491 1277 3559 νῆες
1329 3483 1772 3563 ἐπετάχθησαν
1824 3504 1901 3549 an
1952 3488 2096 3556 ναῦς
2140 3483 2485 3565 ἐπετάχθη.
2534 3482 2687 3552 Noli

301 3589 553 3656 credere
607 3589 950 3656 violentam
1003 3591 1426 3673 mutationem
1475 3609 1609 3656 esse
1656 3610 1769 3674 pro
1814 3588 2333 3657 Lacedaemoniis
2378 3588 2687 3676 Pelopon-

253 3755 258 3762 .
303 3697 620 3762 nesiorum
667 3716 900 3761 nomen
946 3697 1359 3772 substituer-03
1413 3697 1504 3761 sic
1550 3716 1733 3782 saepe
1780 3694 2059 3762 solemus
2100 3699 2436 3782 praecipue
2471 3697 2541 3762 iu
2578 3715 2685 3762 no-

304 3801 588 3866 minibus
637 3804 902 3888 propriis
949 3801 1205 3886 quidvis
1251 3821 1481 3887 ponere
1529 3822 1640 3887 pro
1688 3805 1913 3887 quovis
1959 3810 2025 3867 et
2068 3801 2243 3868 aliud
2281 3801 2685 3868 luculentum

307 3905 672 3993 exemplum
721 3907 889 3973 infra
931 3909 1330 3974 inveniemus
1375 3909 1442 3971 in
1489 3909 1763 3993 septimo
1807 3907 1993 3973 libro.
2042 3906 2115 3970 In
2140 3912 2419 3973 extremo
2443 3909 2683 3992 capite:

309 4009 780 4094 ἐπρεσβεύοντο,
808 4015 1294 4094 -ὃρῶντες,
1343 4014 1395 4078 εἰ
1446 4013 1629 4094 σφίσι
1668 4012 1857 4096 φίλια
1896 4014 2082 4079 ταῦτ’
2117 4011 2241 4098 εἴη,
2276 4014 2685 4099 participium

312 4117 550 4197 ὁρῶντες
601 4123 820 4188 abesse
862 4119 1110 4186 malim.

405 4331 496 4399 De
543 4341 744 4402 terrae
790 4341 971 4401 motu
1016 4353 1140 4421 quo
1187 4333 1398 4402 insula
1443 4332 1636 4401 Delos
1682 4353 1981 4401 concussa
2026 4340 2121 4399 est
2143 4379 2159 4411 ‚
2197 4331 2478 4421 legimus
2502 4329 2579 4398 Π.
2610 4330 2686 4399 8:
