3150 5000
555 294 688 361 310
1628 310 1875 360 moneo.

557 477 684 545 alia
741 477 821 544 ad
885 480 1340 564 argumentum
1388 477 1708 562 pertinent
1758 475 1863 560 (11.
1918 475 2000 541 51
2053 482 2118 543 et
2164 475 2289 544 alia
2336 477 2517 544 velut
2561 475 2663 543 IV.
2720 479 2795 556 5,
2842 476 2921 542 VI

557 583 822 672 passim)
887 581 1132 668 aliquid
1195 582 1583 648 inductionis
1646 580 1858 647 simile
1919 579 2277 649 Socraticae
2320 585 2698 670 perspicitur
2742 583 2797 650 1.
2846 581 2923 649 59

559 695 625 757 et
683 710 758 756 eo
812 689 952 755 loco
968 737 986 773 ‚
1035 687 1202 754 unde
1247 687 1570 775 digressus
1616 706 1781 752 sum.
1850 685 2287 767 Quaerebatur
2328 710 2488 755 num
2532 695 2735 756 rector
2778 690 2927 756 civi·

559 799 712 863 tatis
773 791 1262 861 iurisconsultus
1323 799 1390 860 et
1445 795 1695 878 sapiens
1756 813 1893 858 esse
1954 792 2211 859 deberet
2226 842 2246 880 ,
2310 815 2435 880 quo
2496 795 2685 861 modo
2750 794 2925 860 Plato

556 907 958 991 praeceperat
1016 905 1093 966 ut
1154 897 1570 985 philosophus
1626 900 1719 964 rei
1762 897 2057 984 publicae
2103 906 2435 985 praeesset.
2508 900 2676 966 Tum
2723 899 2923 986 Scipio

554 1010 900 1078 Manilium
948 1008 1088 1093 (qui
1133 1006 1454 1071 doctrinae
1494 1004 1753 1070 videtur
1792 1011 2002 1090 partes
2040 1008 2419 1092 suscepisse)
2460 1009 2549 1072 sic
2588 1008 2715 1072 fere
2738 1009 2920 1070 inter-

556 1117 856 1204 rogabat:
905 1112 974 1179 Si
1021 1119 1422 1198 procuratore
1469 1109 1591 1175 tibi
1639 1130 1797 1196 opus
1844 1117 2009 1176 esset
2054 1113 2123 1176 in
2169 1131 2357 1199 agro,
2400 1132 2590 1198 quem
2631 1107 2922 1198 eligeres?

556 1223 919 1288 litterarum
983 1218 1208 1284 rudem
1272 1237 1353 1282 an
1414 1213 1741 1302 peritum?
1826 1215 1923 1282 M.
1971 1215 2286 1283 Peritum.
2360 1217 2425 1283 S.
2473 1217 2641 1298 Quid
2685 1239 2831 1287 vero
2874 1219 2923 1282 si

556 1330 615 1394 is
675 1330 744 1393 in
805 1325 1038 1390 litteris
1099 1344 1165 1388 se
1226 1321 1634 1388 absconderet
1695 1326 1901 1387 totum
1922 1369 1941 1401 ,
2003 1343 2162 1388 num
2233 1321 2570 1407 probares?
2629 1323 2724 1389 M.
2792 1323 2921 1390 Non

559 1454 708 1500 sane
725 1480 743 1510 ,
804 1451 884 1496 ne
935 1427 1305 1516 neglegeret
1351 1431 1627 1493 rationes
1674 1430 1955 1512 accipere
2003 1433 2067 1493 et
2113 1428 2390 1494 reddere.
2462 1427 2527 1495 S.
2578 1429 2693 1494 Est
2734 1431 2923 1517 igitur

557 1541 887 1626 proprium
936 1539 1072 1602 eius
1117 1534 1403 1600 studium
1425 1579 1442 1612 ,
1491 1537 1598 1600 cui
1646 1541 1793 1599 ante
1839 1532 1964 1599 alia
2010 1536 2229 1600 omnia
2266 1553 2491 1602 vacare
2526 1535 2731 1601 debet.
2766 1534 2921 1614 Quid

561 1665 710 1714 vero
755 1638 1029 1712 vilicus?
1075 1639 1144 1706 Si
1181 1641 1398 1725 cupiet
1434 1660 1626 1705 usum
1670 1639 2001 1717 „radicum
2044 1641 2489 1725 seminumque
2532 1661 2924 1729 cognoscere,

561 1773 715 1818 num
777 1753 840 1816 te
893 1742 1201 1814 offendet?
1247 1744 1342 1809 M.
1383 1744 1604 1821 Nihil,
1652 1748 1709 1810 si
1756 1746 1947 1811 modo
1997 1765 2157 1830 opus
2200 1747 2467 1812 extabit.
2538 1745 2604 1812 S.
2650 1747 2817 1812 Num
2862 1744 2921 1809 id

561 1857 848 1924 studium
909 1873 1121 1919 censes
1181 1871 1316 1916 esse
1377 1847 1598 1916 vilici?
1638 1849 1732 1915 Μ.
1784 1849 2090 1916 Minime:
2141 1853 2374 1937 quippe
2420 1873 2565 1916 cum
2614 1855 2751 1939 agri
2790 1849 2921 1916 cul-

561 1969 776 2028 turam
838 1959 1207 2045 saepissime
1269 1975 1458 2044 opera
1507 1954 1825 2022 deficiat”.
1902 1957 2217 2022 Galim-am
2264 1959 2534 2024 coniecit
2578 1956 2921 2023 Steinacke·

561 2089 703 2146 rus3
769 2067 988 2134 Maius
1047 2064 1292 2151 legerat
1347 2064 1626 2139 cultuum
1687 2061 2087 2129 Detlefsenus
2130 2065 2369 2128 cultura
2415 2065 2509 2149 (in
2554 2062 2677 2130 fine
2719 2081 2921 2128 versus

561 2173 1017 2264 probabiliter).
1090 2169 1535 2235 Steinackerus
1551 2215 1570 2248 ,
1634 2188 1825 2255 quem
1889 2168 2120 2254 reliqui
2180 2176 2565 2255 sequuntur,
2629 2166 2913 2254 explicat:

566 2279 1000 2368 „agricultura
1059 2279 1150 2342 ita
1212 2295 1470 2361 operosa
1527 2281 1658 2360 est,
1708 2279 1785 2339 ut
1828 2294 2015 2360 opera
2060 2280 2251 2360 atque
2298 2275 2615 2342 industria
2661 2276 2919 2340 bumana
3061 2274 3062 2320 Ὗ

563 2409 701 2454 eam
753 2383 1005 2451 deficiat
1050 2381 1481 2467 saepissime”.
1554 2380 1853 2446 Primum
1898 2378 2167 2448 moleste
2212 2382 2331 2448 hoc
2378 2381 2658 2447 dictum:
2714 2399 2919 2466 „opera

562 2491 778 2561 deficit
843 2492 1054 2577 (quasi
1113 2487 1434 2573 destituit)
1496 2489 1637 2575 agri
1700 2485 2088 2567 culturam”‚
2152 2509 2299 2574 pro:
2370 2510 2555 2574 saepe
2617 2510 2739 2556 non
2780 2489 2918 2554 satis

561 2619 909 2682 manuum,
973 2598 1074 2682 (ut
1129 2616 1296 2660 nunc
1348 2594 1700 2680 loquimur)
1764 2596 2049 2678 suppetit
2110 2596 2191 2660 ad
2261 2614 2493 2683 agrum
2566 2594 2915 2676 colendum3

564 2714 706 2773 tum
771 2726 894 2771 non
939 2723 1130 2788 quam
1177 2703 1487 2767 iacturam
1535 2702 1795 2765 omnino
1842 2701 2123 2784 patiatur
2170 2721 2323 2787 ager
2377 2700 2720 2767 dicendum
2764 2704 2913 2773 erat,

564 2814 700 2895 sed,
735 2831 928 2898 quam
988 2810 1271 2894 patiatur
1342 2807 1520 2869 huius
1595 2805 1849 2869 hominis
1913 2805 2173 2871 desidia.
2269 2806 2593 2889 Propone:
2668 2808 2917 2891 „quippe

565 2942 714 2987 cum
776 2920 916 3006 agri
977 2914 1232 2981 cultura
1289 2912 1658 2997 saepissime
1718 2913 1847 2977 eim
1902 2932 2089 2997 opera
2141 2909 2437 2977 deficiat”
2482 2915 2529 2976 i.
2554 2933 2609 2979 e.
2659 2912 2914 2983 desinat,

564 3026 1031 3093 intermittatur
1114 3016 1460 3104 (stilstaan)
1479 3067 1496 3101 ,
1581 3037 1699 3082 usu
1771 3020 1926 3084 satis
1993 3024 2179 3094 noto;
2248 3020 2387 3085 eius
2458 3018 2651 3105 culpa
2714 3012 2919 3102 (opero)

566 3135 914 3218 quiesceret
960 3146 1132 3214 ager.
1194 3124 1270 3188 In
1307 3122 1576 3210 vulgata
1615 3123 1735 3189 hoc
1773 3144 2022 3209 quoque
2060 3122 2336 3189 insolens
2374 3130 2471 3189 est
2508 3123 2675 3209 quod
2698 3124 2919 3206 deficere

567 3239 860 3323 iungitur
906 3252 1052 3297 cum
1099 3230 1344 3295 obiecto
1390 3231 1514 3307 rei;
1565 3250 1701 3308 me,
1750 3236 1849 3308 te,
1902 3230 2183 3314 aliquem
2206 3277 2223 3308 ‚
2274 3228 2473 3295 solem
2526 3233 2605 3316 (si
2651 3249 2760 3315 pro
2792 3244 2917 3312 per-

565 3362 718 3408 sona
755 3340 874 3424 est)
911 3335 1151 3422 aliquid
1199 3334 1447 3413 deficit,
1485 3355 1645 3401 non:
1691 3336 1912 3401 urbem
1948 3335 2319 3413 salubritas,
2365 3337 2654 3401 arborem
2682 3334 2917 3405 umbra,

565 3450 687 3513 nisi
735 3446 878 3531 quis
922 3441 1067 3508 urbi
1114 3446 1178 3507 et
1221 3442 1431 3506 arbori
1477 3441 1791 3507 humanos
1838 3440 2096 3507 affectus
2136 3442 2385 3507 tribuit.
2456 3441 2690 3507 Multis
2732 3438 2919 3505 nomi·
3059 3438 3060 3473 ³

570 3555 760 3619 nibus
817 3547 1034 3617 simile
1094 3560 1192 3613 est
1253 3546 1612 3613 ἐπιλείπειν.
1681 3546 1981 3613 Ceterum
2044 3546 2401 3635 elegantius
2446 3554 2578 3613 est:
2629 3534 2945 3629 „Quippez'

567 3662 708 3747 agri
754 3653 1073 3733 cultura”‚
1119 3651 1261 3719 rell.

2014 3861 2087 3930 G.
2136 3864 2229 3933 M.
2278 3862 2766 3933 FRANOKEN.
