<?xml version="1.0" encoding="UTF-8"?>
<!DOCTYPE html PUBLIC "-//W3C//DTD XHTML 1.0 Transitional//EN"
    "http://www.w3.org/TR/xhtml1/DTD/xhtml1-transitional.dtd">
<html xmlns="http://www.w3.org/1999/xhtml" xml:lang="en" lang="en">
 <head>
  <title>
</title>
<meta http-equiv="Content-Type" content="text/html;charset=utf-8" />
  <meta name='ocr-system' content='tesseract 3.04.00' />
  <meta name='ocr-capabilities' content='ocr_page ocr_carea ocr_par ocr_line ocrx_word'/>
</head>
<body>
  <div class='ocr_page' id='page_1' title='image "./mnemosyne06servgoog_0066.png"; bbox 0 0 3150 5000; ppageno 0'>
   <div class='ocr_carea' id='block_1_1' title="bbox 491 289 1881 363">
    <p class='ocr_par' dir='ltr' id='par_1_1' title="bbox 491 289 1881 363">
     <span class='ocr_line' id='line_1_1' title="bbox 491 289 1881 363; baseline 0.002 -6"><span class='ocrx_word' id='word_1_1' title='bbox 491 289 578 358; x_wconf 83' lang='lat'><strong>56</strong></span> <span class='ocrx_word' id='word_1_2' title='bbox 1483 311 1881 363; x_wconf 75' lang='lat' dir='ltr'><strong>nnaonorus.</strong></span> 
     </span>
    </p>
   </div>
   <div class='ocr_carea' id='block_1_2' title="bbox 484 475 2908 4483">
    <p class='ocr_par' dir='ltr' id='par_1_2' title="bbox 485 475 2908 779">
     <span class='ocr_line' id='line_1_2' title="bbox 489 475 2901 564; baseline 0.001 -22"><span class='ocrx_word' id='word_1_3' title='bbox 489 478 855 564; x_wconf 78' lang='lat' dir='ltr'><strong>regnavisse</strong></span> <span class='ocrx_word' id='word_1_4' title='bbox 891 476 1253 543; x_wconf 87' lang='lat' dir='ltr'><strong>Herodotus</strong></span> <span class='ocrx_word' id='word_1_5' title='bbox 1287 482 1532 545; x_wconf 87' lang='lat' dir='ltr'><strong>censuit</strong></span> <span class='ocrx_word' id='word_1_6' title='bbox 1555 500 1751 544; x_wconf 87' lang='lat' dir='ltr'><strong>annos</strong></span> <span class='ocrx_word' id='word_1_7' title='bbox 1775 477 1861 543; x_wconf 94' lang='grc'><strong>27</strong></span> <span class='ocrx_word' id='word_1_8' title='bbox 1888 479 1962 552; x_wconf 93' lang='grc'><strong>&gt;&lt;</strong></span> <span class='ocrx_word' id='word_1_9' title='bbox 1987 475 2073 541; x_wconf 93' lang='grc'><strong>25</strong></span> <span class='ocrx_word' id='word_1_10' title='bbox 2096 502 2179 528; x_wconf 90' lang='lat'>=</span> <span class='ocrx_word' id='word_1_11' title='bbox 2203 476 2371 554; x_wconf 74' lang='lat'>6⁷53</span> <span class='ocrx_word' id='word_1_12' title='bbox 2409 479 2630 542; x_wconf 89' lang='lat' dir='ltr'><strong>scribit</strong></span> <span class='ocrx_word' id='word_1_13' title='bbox 2656 483 2901 546; x_wconf 86' lang='lat' dir='ltr'><strong>autem</strong></span> 
     </span>
     <span class='ocr_line' id='line_1_3' title="bbox 485 582 2908 671; baseline 0.002 -24"><span class='ocrx_word' id='word_1_14' title='bbox 485 585 625 668; x_wconf 89' lang='lat' dir='ltr'><strong>ipse</strong></span> <span class='ocrx_word' id='word_1_15' title='bbox 671 584 950 668; x_wconf 87' lang='lat' dir='ltr'><strong>quinque</strong></span> <span class='ocrx_word' id='word_1_16' title='bbox 987 582 1399 651; x_wconf 85' lang='lat' dir='ltr'><strong>Mermnadas</strong></span> <span class='ocrx_word' id='word_1_17' title='bbox 1442 585 1643 671; x_wconf 86' lang='lat' dir='ltr'><strong>Lydis</strong></span> <span class='ocrx_word' id='word_1_18' title='bbox 1680 587 2097 670; x_wconf 68' lang='lat' dir='ltr'>imperavisse</span> <span class='ocrx_word' id='word_1_19' title='bbox 2138 605 2251 670; x_wconf 88' lang='lat' dir='ltr'><strong>per</strong></span> <span class='ocrx_word' id='word_1_20' title='bbox 2284 604 2479 650; x_wconf 86' lang='lat' dir='ltr'><strong>annos</strong></span> <span class='ocrx_word' id='word_1_21' title='bbox 2510 583 2634 650; x_wconf 91' lang='grc'><strong>170</strong></span> <span class='ocrx_word' id='word_1_22' title='bbox 2660 587 2908 670; x_wconf 81' lang='lat' dir='ltr'><strong>itaque</strong></span> 
     </span>
     <span class='ocr_line' id='line_1_4' title="bbox 487 688 2833 779; baseline 0.001 -25"><span class='ocrx_word' id='word_1_23' title='bbox 487 691 774 775; x_wconf 87' lang='lat' dir='ltr'><strong>sequitur</strong></span> <span class='ocrx_word' id='word_1_24' title='bbox 819 688 1180 756; x_wconf 81' lang='lat' dir='ltr'><strong>Heraclidis</strong></span> <span class='ocrx_word' id='word_1_25' title='bbox 1227 691 1653 779; x_wconf 81' lang='lat' dir='ltr'><strong>adsignandos</strong></span> <span class='ocrx_word' id='word_1_26' title='bbox 1700 711 1837 757; x_wconf 89' lang='lat' dir='ltr'><strong>esse</strong></span> <span class='ocrx_word' id='word_1_27' title='bbox 1881 711 2075 756; x_wconf 89' lang='lat' dir='ltr'><strong>anuos</strong></span> <span class='ocrx_word' id='word_1_28' title='bbox 2124 688 2253 755; x_wconf 83' lang='lat'><strong>675</strong></span> <span class='ocrx_word' id='word_1_29' title='bbox 2282 728 2366 740; x_wconf 90' lang='lat'>—</span> <span class='ocrx_word' id='word_1_30' title='bbox 2398 688 2528 758; x_wconf 88' lang='grc'><strong>170</strong></span> <span class='ocrx_word' id='word_1_31' title='bbox 2550 715 2633 741; x_wconf 92' lang='lat'><strong><em>=</em></strong></span> <span class='ocrx_word' id='word_1_32' title='bbox 2660 689 2833 756; x_wconf 84' lang='grc'><strong>505.</strong></span> 
     </span>
    </p>

    <p class='ocr_par' dir='ltr' id='par_1_3' title="bbox 485 795 2906 3509">
     <span class='ocr_line' id='line_1_5' title="bbox 579 795 2904 883; baseline 0.002 -24"><span class='ocrx_word' id='word_1_33' title='bbox 579 795 708 860; x_wconf 86' lang='lat' dir='ltr'><strong>Hic</strong></span> <span class='ocrx_word' id='word_1_34' title='bbox 755 798 1040 880; x_wconf 86' lang='lat' dir='ltr'><strong>primum</strong></span> <span class='ocrx_word' id='word_1_35' title='bbox 1089 796 1382 873; x_wconf 84' lang='lat' dir='ltr'><strong>offendit,</strong></span> <span class='ocrx_word' id='word_1_36' title='bbox 1433 797 1602 883; x_wconf 89' lang='lat' dir='ltr'><strong>quod</strong></span> <span class='ocrx_word' id='word_1_37' title='bbox 1648 799 1716 863; x_wconf 88' lang='lat' dir='ltr'><strong>in</strong></span> <span class='ocrx_word' id='word_1_38' title='bbox 1764 797 1983 864; x_wconf 85' lang='lat' dir='ltr'><strong>eadem</strong></span> <span class='ocrx_word' id='word_1_39' title='bbox 2025 799 2496 883; x_wconf 86' lang='lat' dir='ltr'><strong>computatione</strong></span> <span class='ocrx_word' id='word_1_40' title='bbox 2542 795 2904 864; x_wconf 85' lang='lat' dir='ltr'><strong>Mermna-</strong></span> 
     </span>
     <span class='ocr_line' id='line_1_6' title="bbox 489 901 2903 990; baseline 0 -22"><span class='ocrx_word' id='word_1_41' title='bbox 489 904 606 968; x_wconf 88' lang='lat' dir='ltr'><strong>dae</strong></span> <span class='ocrx_word' id='word_1_42' title='bbox 651 902 839 967; x_wconf 89' lang='lat' dir='ltr'><strong>modo</strong></span> <span class='ocrx_word' id='word_1_43' title='bbox 884 905 1248 990; x_wconf 74' lang='lat' dir='ltr'><strong>regnavisse</strong></span> <span class='ocrx_word' id='word_1_44' title='bbox 1290 903 1591 968; x_wconf 81' lang='lat' dir='ltr'><strong>dicuntur</strong></span> <span class='ocrx_word' id='word_1_45' title='bbox 1630 923 1825 970; x_wconf 89' lang='lat' dir='ltr'><strong>annos</strong></span> <span class='ocrx_word' id='word_1_46' title='bbox 1868 903 1909 967; x_wconf 85' lang='lat'>5</span> <span class='ocrx_word' id='word_1_47' title='bbox 1934 903 2011 976; x_wconf 92' lang='grc'><strong>&gt;&lt;</strong></span> <span class='ocrx_word' id='word_1_48' title='bbox 2035 903 2227 970; x_wconf 81' lang='lat'><strong>25=</strong></span> <span class='ocrx_word' id='word_1_49' title='bbox 2256 903 2421 982; x_wconf 87' lang='grc'><strong>125,</strong></span> <span class='ocrx_word' id='word_1_50' title='bbox 2460 903 2651 968; x_wconf 88' lang='lat' dir='ltr'><strong>modo</strong></span> <span class='ocrx_word' id='word_1_51' title='bbox 2708 901 2857 970; x_wconf 86' lang='grc'><strong>170</strong></span> <span class='ocrx_word' id='word_1_52' title='bbox 2882 951 2903 968; x_wconf 92' lang='grc'><strong>.</strong></span> 
     </span>
     <span class='ocr_line' id='line_1_7' title="bbox 488 1007 2906 1095; baseline 0.001 -23"><span class='ocrx_word' id='word_1_53' title='bbox 488 1007 734 1072; x_wconf 87' lang='lat' dir='ltr'><strong>Deinde</strong></span> <span class='ocrx_word' id='word_1_54' title='bbox 775 1027 964 1072; x_wconf 90' lang='lat' dir='ltr'><strong>causa</strong></span> <span class='ocrx_word' id='word_1_55' title='bbox 1002 1027 1123 1073; x_wconf 87' lang='lat' dir='ltr'><strong>non</strong></span> <span class='ocrx_word' id='word_1_56' title='bbox 1164 1014 1423 1092; x_wconf 86' lang='lat' dir='ltr'><strong>apparet</strong></span> <span class='ocrx_word' id='word_1_57' title='bbox 1445 1058 1463 1083; x_wconf 91' lang='lat'>‚</span> <span class='ocrx_word' id='word_1_58' title='bbox 1510 1030 1624 1075; x_wconf 92' lang='lat' dir='ltr'><strong>cur</strong></span> <span class='ocrx_word' id='word_1_59' title='bbox 1660 1008 2031 1075; x_wconf 87' lang='lat' dir='ltr'><strong>Herodotus</strong></span> <span class='ocrx_word' id='word_1_60' title='bbox 2068 1007 2344 1095; x_wconf 83' lang='lat' dir='ltr'><strong>sing-ulis</strong></span> <span class='ocrx_word' id='word_1_61' title='bbox 2381 1008 2643 1095; x_wconf 81' lang='lat' dir='ltr'><strong>reg-ibus</strong></span> <span class='ocrx_word' id='word_1_62' title='bbox 2684 1029 2906 1075; x_wconf 84' lang='lat' dir='ltr'><strong>annos</strong></span> 
     </span>
     <span class='ocr_line' id='line_1_8' title="bbox 486 1113 2903 1200; baseline -0.001 -20"><span class='ocrx_word' id='word_1_63' title='bbox 486 1117 740 1180; x_wconf 83' lang='lat' dir='ltr'><strong>vicenos</strong></span> <span class='ocrx_word' id='word_1_64' title='bbox 782 1117 1006 1198; x_wconf 87' lang='lat' dir='ltr'><strong>quinos</strong></span> <span class='ocrx_word' id='word_1_65' title='bbox 1052 1113 1296 1179; x_wconf 82' lang='lat' dir='ltr'><strong>dederit</strong></span> <span class='ocrx_word' id='word_1_66' title='bbox 1315 1161 1330 1192; x_wconf 90' lang='lat'>‚</span> <span class='ocrx_word' id='word_1_67' title='bbox 1382 1135 1583 1200; x_wconf 88' lang='lat' dir='ltr'><strong>quum</strong></span> <span class='ocrx_word' id='word_1_68' title='bbox 1632 1114 1790 1180; x_wconf 85' lang='lat' dir='ltr'><strong>alibi</strong></span> <span class='ocrx_word' id='word_1_69' title='bbox 1834 1116 2071 1182; x_wconf 88' lang='lat' dir='ltr'><strong>scribat</strong></span> <span class='ocrx_word' id='word_1_70' title='bbox 2117 1113 2181 1179; x_wconf 90' lang='lat'><strong>11</strong></span> <span class='ocrx_word' id='word_1_71' title='bbox 2254 1115 2414 1179; x_wconf 82' lang='lat'>142:</span> <span class='ocrx_word' id='word_1_72' title='bbox 2458 1113 2673 1191; x_wconf 74' lang='grc' dir='ltr'><strong><em>γενεαὶ</em></strong></span> <span class='ocrx_word' id='word_1_73' title='bbox 2719 1123 2903 1196; x_wconf 77' lang='grc' dir='ltr'><strong><em>τρεῖς</em></strong></span> 
     </span>
     <span class='ocr_line' id='line_1_9' title="bbox 488 1218 2903 1305; baseline 0.001 -21"><span class='ocrx_word' id='word_1_74' title='bbox 488 1218 710 1300; x_wconf 70' lang='grc' dir='ltr'><strong><em>ἀνδρῶν</em></strong></span> <span class='ocrx_word' id='word_1_75' title='bbox 775 1219 996 1285; x_wconf 74' lang='grc' dir='ltr'><em>ἑκατὸν</em></span> <span class='ocrx_word' id='word_1_76' title='bbox 1050 1219 1196 1283; x_wconf 67' lang='grc' dir='ltr'><strong>ἔτεα</strong></span> <span class='ocrx_word' id='word_1_77' title='bbox 1262 1220 1376 1288; x_wconf 56' lang='lat' dir='ltr'><strong>get.</strong></span> <span class='ocrx_word' id='word_1_78' title='bbox 1461 1219 1667 1286; x_wconf 87' lang='lat' dir='ltr'><strong>Paulo</strong></span> <span class='ocrx_word' id='word_1_79' title='bbox 1728 1220 1964 1287; x_wconf 88' lang='lat' dir='ltr'><strong>melius</strong></span> <span class='ocrx_word' id='word_1_80' title='bbox 2026 1221 2179 1285; x_wconf 88' lang='lat' dir='ltr'><strong>haec</strong></span> <span class='ocrx_word' id='word_1_81' title='bbox 2226 1221 2530 1285; x_wconf 83' lang='lat' dir='ltr'><strong>constitui</strong></span> <span class='ocrx_word' id='word_1_82' title='bbox 2574 1227 2862 1305; x_wconf 82' lang='lat' dir='ltr'><strong>possunt</strong></span> <span class='ocrx_word' id='word_1_83' title='bbox 2884 1267 2903 1298; x_wconf 84' lang='lat'><strong>,</strong></span> 
     </span>
     <span class='ocr_line' id='line_1_10' title="bbox 485 1323 2905 1412; baseline -0.001 -20"><span class='ocrx_word' id='word_1_84' title='bbox 485 1333 560 1392; x_wconf 86' lang='lat' dir='ltr'><strong>ut</strong></span> <span class='ocrx_word' id='word_1_85' title='bbox 607 1329 804 1393; x_wconf 85' lang='lat' dir='ltr'><strong>etiam</strong></span> <span class='ocrx_word' id='word_1_86' title='bbox 854 1345 1110 1392; x_wconf 86' lang='lat' dir='ltr'><strong>causam</strong></span> <span class='ocrx_word' id='word_1_87' title='bbox 1159 1323 1599 1412; x_wconf 80' lang='lat' dir='ltr'><strong>intelligamus</strong></span> <span class='ocrx_word' id='word_1_88' title='bbox 1618 1375 1636 1409; x_wconf 89' lang='lat'>,</span> <span class='ocrx_word' id='word_1_89' title='bbox 1684 1345 1803 1391; x_wconf 91' lang='lat' dir='ltr'><strong>cur</strong></span> <span class='ocrx_word' id='word_1_90' title='bbox 1849 1325 2213 1392; x_wconf 89' lang='lat' dir='ltr'><strong>Herodotus</strong></span> <span class='ocrx_word' id='word_1_91' title='bbox 2248 1327 2455 1410; x_wconf 87' lang='lat' dir='ltr'><strong>spatia</strong></span> <span class='ocrx_word' id='word_1_92' title='bbox 2492 1325 2905 1390; x_wconf 78' lang='lat' dir='ltr'><strong>contraxerit</strong></span> 
     </span>
     <span class='ocr_line' id='line_1_11' title="bbox 486 1429 2901 1520; baseline -0 -22"><span class='ocrx_word' id='word_1_93' title='bbox 486 1441 552 1499; x_wconf 90' lang='lat' dir='ltr'><strong>et</strong></span> <span class='ocrx_word' id='word_1_94' title='bbox 580 1454 847 1520; x_wconf 82' lang='lat' dir='ltr'><strong>regnum</strong></span> <span class='ocrx_word' id='word_1_95' title='bbox 875 1430 1366 1496; x_wconf 86' lang='lat' dir='ltr'><strong>Heraclidarum</strong></span> <span class='ocrx_word' id='word_1_96' title='bbox 1393 1430 1639 1496; x_wconf 88' lang='lat' dir='ltr'><strong>duobus</strong></span> <span class='ocrx_word' id='word_1_97' title='bbox 1663 1432 1792 1497; x_wconf 84' lang='lat' dir='ltr'><strong>fere</strong></span> <span class='ocrx_word' id='word_1_98' title='bbox 1816 1431 2087 1498; x_wconf 85' lang='lat' dir='ltr'><strong>saeculis</strong></span> <span class='ocrx_word' id='word_1_99' title='bbox 2122 1432 2378 1497; x_wconf 85' lang='lat' dir='ltr'><strong>brevius</strong></span> <span class='ocrx_word' id='word_1_100' title='bbox 2401 1431 2638 1496; x_wconf 84' lang='lat' dir='ltr'><strong>fecerit.</strong></span> <span class='ocrx_word' id='word_1_101' title='bbox 2688 1429 2901 1506; x_wconf 85' lang='lat' dir='ltr'><strong>Quod</strong></span> 
     </span>
     <span class='ocr_line' id='line_1_12' title="bbox 485 1534 2901 1622; baseline -0 -19"><span class='ocrx_word' id='word_1_102' title='bbox 485 1541 553 1603; x_wconf 89' lang='lat' dir='ltr'><strong>in</strong></span> <span class='ocrx_word' id='word_1_103' title='bbox 617 1538 732 1602; x_wconf 83' lang='lat' dir='ltr'><strong>tali</strong></span> <span class='ocrx_word' id='word_1_104' title='bbox 780 1559 846 1602; x_wconf 87' lang='lat' dir='ltr'><strong>re</strong></span> <span class='ocrx_word' id='word_1_105' title='bbox 893 1539 1094 1601; x_wconf 85' lang='lat' dir='ltr'><strong>satius</strong></span> <span class='ocrx_word' id='word_1_106' title='bbox 1149 1542 1270 1613; x_wconf 88' lang='lat' dir='ltr'><strong>est,</strong></span> <span class='ocrx_word' id='word_1_107' title='bbox 1339 1537 1644 1603; x_wconf 87' lang='lat' dir='ltr'><strong>rotundos</strong></span> <span class='ocrx_word' id='word_1_108' title='bbox 1689 1557 1987 1604; x_wconf 87' lang='lat' dir='ltr'><strong>numeros</strong></span> <span class='ocrx_word' id='word_1_109' title='bbox 2036 1557 2291 1622; x_wconf 79' lang='lat' dir='ltr'><strong>ponam.</strong></span> <span class='ocrx_word' id='word_1_110' title='bbox 2364 1535 2599 1622; x_wconf 86' lang='lat' dir='ltr'><strong>Captae</strong></span> <span class='ocrx_word' id='word_1_111' title='bbox 2644 1534 2901 1604; x_wconf 86' lang='lat' dir='ltr'><strong>Sardes</strong></span> 
     </span>
     <span class='ocr_line' id='line_1_13' title="bbox 486 1640 2899 1728; baseline 0.001 -21"><span class='ocrx_word' id='word_1_112' title='bbox 486 1643 746 1707; x_wconf 86' lang='lat' dir='ltr'><strong>fuerunt</strong></span> <span class='ocrx_word' id='word_1_113' title='bbox 793 1646 856 1707; x_wconf 92' lang='lat' dir='ltr'><strong>et</strong></span> <span class='ocrx_word' id='word_1_114' title='bbox 904 1640 1172 1708; x_wconf 86' lang='lat' dir='ltr'><strong>Croesus</strong></span> <span class='ocrx_word' id='word_1_115' title='bbox 1217 1645 1487 1728; x_wconf 87' lang='lat' dir='ltr'><strong>imperio</strong></span> <span class='ocrx_word' id='word_1_116' title='bbox 1533 1649 1765 1708; x_wconf 85' lang='lat' dir='ltr'><strong>exutus</strong></span> <span class='ocrx_word' id='word_1_117' title='bbox 1814 1648 1911 1708; x_wconf 88' lang='lat' dir='ltr'><strong>est</strong></span> <span class='ocrx_word' id='word_1_118' title='bbox 1956 1663 2117 1708; x_wconf 86' lang='lat' dir='ltr'><strong>anno</strong></span> <span class='ocrx_word' id='word_1_119' title='bbox 2172 1643 2344 1718; x_wconf 83' lang='grc' dir='ltr'><strong>55ος</strong></span> <span class='ocrx_word' id='word_1_120' title='bbox 2390 1645 2606 1728; x_wconf 85' lang='lat' dir='ltr'><strong>itaque</strong></span> <span class='ocrx_word' id='word_1_121' title='bbox 2650 1663 2899 1710; x_wconf 89' lang='lat' dir='ltr'><strong>secun-</strong></span> 
     </span>
     <span class='ocr_line' id='line_1_14' title="bbox 490 1745 2903 1836; baseline 0 -22"><span class='ocrx_word' id='word_1_122' title='bbox 490 1750 644 1814; x_wconf 89' lang='lat' dir='ltr'><strong>dum</strong></span> <span class='ocrx_word' id='word_1_123' title='bbox 711 1747 1109 1814; x_wconf 89' lang='lat' dir='ltr'><strong>Herodotum</strong></span> <span class='ocrx_word' id='word_1_124' title='bbox 1173 1745 1498 1814; x_wconf 73' lang='lat' dir='ltr'><strong>Candaule</strong></span> <span class='ocrx_word' id='word_1_125' title='bbox 1559 1752 1902 1814; x_wconf 87' lang='lat' dir='ltr'><strong>interemto</strong></span> <span class='ocrx_word' id='word_1_126' title='bbox 1958 1747 2185 1836; x_wconf 79' lang='lat' dir='ltr'><strong>Gyges</strong></span> <span class='ocrx_word' id='word_1_127' title='bbox 2232 1769 2441 1813; x_wconf 89' lang='lat' dir='ltr'><strong>rerum</strong></span> <span class='ocrx_word' id='word_1_128' title='bbox 2492 1751 2739 1833; x_wconf 89' lang='lat' dir='ltr'><strong>potitus</strong></span> <span class='ocrx_word' id='word_1_129' title='bbox 2788 1756 2903 1815; x_wconf 84' lang='lat' dir='ltr'><strong>est</strong></span> 
     </span>
     <span class='ocr_line' id='line_1_15' title="bbox 490 1851 2899 1942; baseline 0 -22"><span class='ocrx_word' id='word_1_130' title='bbox 490 1859 654 1920; x_wconf 87' lang='lat' dir='ltr'><strong>cirea</strong></span> <span class='ocrx_word' id='word_1_131' title='bbox 715 1875 948 1920; x_wconf 88' lang='lat' dir='ltr'><strong>annum</strong></span> <span class='ocrx_word' id='word_1_132' title='bbox 1009 1851 1243 1932; x_wconf 72' lang='grc'><strong>550-1-</strong></span> <span class='ocrx_word' id='word_1_133' title='bbox 1273 1852 1686 1919; x_wconf 84' lang='lat'>170=720.</span> <span class='ocrx_word' id='word_1_134' title='bbox 1754 1851 2069 1918; x_wconf 89' lang='lat' dir='ltr'><strong>Hercules</strong></span> <span class='ocrx_word' id='word_1_135' title='bbox 2118 1859 2335 1919; x_wconf 88' lang='lat' dir='ltr'><strong>autem</strong></span> <span class='ocrx_word' id='word_1_136' title='bbox 2385 1855 2550 1918; x_wconf 83' lang='lat' dir='ltr'><strong>vixit</strong></span> <span class='ocrx_word' id='word_1_137' title='bbox 2593 1872 2899 1942; x_wconf 77' lang='lat' dir='ltr'><strong>nongen-</strong></span> 
     </span>
     <span class='ocr_line' id='line_1_16' title="bbox 492 1957 2895 2046; baseline -0 -20"><span class='ocrx_word' id='word_1_138' title='bbox 492 1965 576 2027; x_wconf 90' lang='lat' dir='ltr'><strong>tis</strong></span> <span class='ocrx_word' id='word_1_139' title='bbox 623 1961 752 2026; x_wconf 83' lang='lat' dir='ltr'><strong>fere</strong></span> <span class='ocrx_word' id='word_1_140' title='bbox 799 1962 980 2025; x_wconf 88' lang='lat' dir='ltr'><strong>annis</strong></span> <span class='ocrx_word' id='word_1_141' title='bbox 1025 1966 1168 2024; x_wconf 82' lang='lat' dir='ltr'><strong>ante</strong></span> <span class='ocrx_word' id='word_1_142' title='bbox 1214 1957 1616 2045; x_wconf 87' lang='lat' dir='ltr'><strong>Herodotum</strong></span> <span class='ocrx_word' id='word_1_143' title='bbox 1638 2009 1656 2043; x_wconf 89' lang='lat'>,</span> <span class='ocrx_word' id='word_1_144' title='bbox 1704 1961 1782 2024; x_wconf 86' lang='lat' dir='ltr'><strong>cf.</strong></span> <span class='ocrx_word' id='word_1_145' title='bbox 1832 1960 1904 2025; x_wconf 92' lang='lat'><strong>11</strong></span> <span class='ocrx_word' id='word_1_146' title='bbox 1954 1959 2083 2026; x_wconf 85' lang='lat'><strong>145</strong></span> <span class='ocrx_word' id='word_1_147' title='bbox 2104 2011 2122 2044; x_wconf 91' lang='lat'>,</span> <span class='ocrx_word' id='word_1_148' title='bbox 2169 1964 2385 2046; x_wconf 87' lang='lat' dir='ltr'><strong>itaque</strong></span> <span class='ocrx_word' id='word_1_149' title='bbox 2430 1961 2595 2024; x_wconf 86' lang='lat' dir='ltr'><strong>circa</strong></span> <span class='ocrx_word' id='word_1_150' title='bbox 2633 1980 2895 2025; x_wconf 87' lang='lat' dir='ltr'><strong>annum</strong></span> 
     </span>
     <span class='ocr_line' id='line_1_17' title="bbox 495 2063 2897 2153; baseline 0 -22"><span class='ocrx_word' id='word_1_151' title='bbox 495 2066 690 2132; x_wconf 83' lang='lat'>1350.</span> <span class='ocrx_word' id='word_1_152' title='bbox 763 2066 868 2131; x_wconf 86' lang='lat' dir='ltr'><strong>Sic</strong></span> <span class='ocrx_word' id='word_1_153' title='bbox 916 2065 1210 2130; x_wconf 88' lang='lat' dir='ltr'><strong>videmus</strong></span> <span class='ocrx_word' id='word_1_154' title='bbox 1255 2065 1334 2128; x_wconf 89' lang='lat' dir='ltr'><strong>ab</strong></span> <span class='ocrx_word' id='word_1_155' title='bbox 1382 2063 1663 2129; x_wconf 81' lang='lat' dir='ltr'><strong>Hercule</strong></span> <span class='ocrx_word' id='word_1_156' title='bbox 1714 2086 1908 2150; x_wconf 88' lang='lat' dir='ltr'><strong>usque</strong></span> <span class='ocrx_word' id='word_1_157' title='bbox 1957 2066 2036 2131; x_wconf 85' lang='lat' dir='ltr'><strong>ad</strong></span> <span class='ocrx_word' id='word_1_158' title='bbox 2084 2064 2341 2153; x_wconf 71' lang='lat' dir='ltr'><strong>Gygam</strong></span> <span class='ocrx_word' id='word_1_159' title='bbox 2387 2083 2584 2129; x_wconf 88' lang='lat' dir='ltr'><strong>annos</strong></span> <span class='ocrx_word' id='word_1_160' title='bbox 2630 2063 2897 2150; x_wconf 84' lang='lat' dir='ltr'><strong>elapsos</strong></span> 
     </span>
     <span class='ocr_line' id='line_1_18' title="bbox 495 2169 2895 2238; baseline -0 0"><span class='ocrx_word' id='word_1_161' title='bbox 495 2194 628 2238; x_wconf 89' lang='lat' dir='ltr'><strong>esse</strong></span> <span class='ocrx_word' id='word_1_162' title='bbox 681 2170 853 2236; x_wconf 79' lang='lat'>1350</span> <span class='ocrx_word' id='word_1_163' title='bbox 881 2209 964 2220; x_wconf 91' lang='lat'>—</span> <span class='ocrx_word' id='word_1_164' title='bbox 994 2169 1124 2236; x_wconf 91' lang='grc'><strong>720</strong></span> <span class='ocrx_word' id='word_1_165' title='bbox 1149 2195 1231 2220; x_wconf 95' lang='lat'><strong><em>=</em></strong></span> <span class='ocrx_word' id='word_1_166' title='bbox 1255 2169 1404 2233; x_wconf 87' lang='lat'><strong>630.</strong></span> <span class='ocrx_word' id='word_1_167' title='bbox 1455 2170 1610 2234; x_wconf 84' lang='lat' dir='ltr'><strong>Fuit</strong></span> <span class='ocrx_word' id='word_1_168' title='bbox 1649 2175 1865 2236; x_wconf 85' lang='lat' dir='ltr'><strong>autem</strong></span> <span class='ocrx_word' id='word_1_169' title='bbox 1908 2169 2264 2238; x_wconf 77' lang='lat' dir='ltr'><strong>Candaules</strong></span> <span class='ocrx_word' id='word_1_170' title='bbox 2286 2173 2633 2238; x_wconf 79' lang='lat' dir='ltr'><strong>vicesimus</strong></span> <span class='ocrx_word' id='word_1_171' title='bbox 2654 2176 2895 2237; x_wconf 85' lang='lat' dir='ltr'><strong>sextus</strong></span> 
     </span>
     <span class='ocr_line' id='line_1_19' title="bbox 490 2275 2895 2364; baseline -0.001 -19"><span class='ocrx_word' id='word_1_172' title='bbox 490 2281 568 2345; x_wconf 87' lang='lat' dir='ltr'><strong>ab</strong></span> <span class='ocrx_word' id='word_1_173' title='bbox 633 2278 909 2344; x_wconf 85' lang='lat' dir='ltr'><strong>Hercule</strong></span> <span class='ocrx_word' id='word_1_174' title='bbox 974 2279 1190 2361; x_wconf 89' lang='lat' dir='ltr'><strong>itaque</strong></span> <span class='ocrx_word' id='word_1_175' title='bbox 1251 2275 1526 2363; x_wconf 84' lang='lat' dir='ltr'><strong>singulis</strong></span> <span class='ocrx_word' id='word_1_176' title='bbox 1584 2278 1845 2364; x_wconf 86' lang='lat' dir='ltr'><strong>regibus</strong></span> <span class='ocrx_word' id='word_1_177' title='bbox 1906 2276 2079 2342; x_wconf 90' lang='lat' dir='ltr'><strong>ultra</strong></span> <span class='ocrx_word' id='word_1_178' title='bbox 2125 2276 2210 2342; x_wconf 84' lang='lat'><strong>25</strong></span> <span class='ocrx_word' id='word_1_179' title='bbox 2258 2295 2453 2342; x_wconf 90' lang='lat' dir='ltr'><strong>annos</strong></span> <span class='ocrx_word' id='word_1_180' title='bbox 2502 2276 2701 2341; x_wconf 89' lang='lat' dir='ltr'><strong>tribui</strong></span> <span class='ocrx_word' id='word_1_181' title='bbox 2750 2297 2895 2342; x_wconf 88' lang='lat' dir='ltr'><strong>non</strong></span> 
     </span>
     <span class='ocr_line' id='line_1_20' title="bbox 487 2380 2895 2471; baseline -0.001 -21"><span class='ocrx_word' id='word_1_182' title='bbox 487 2388 820 2471; x_wconf 88' lang='lat' dir='ltr'><strong>poterunt,</strong></span> <span class='ocrx_word' id='word_1_183' title='bbox 868 2403 1014 2447; x_wconf 86' lang='lat' dir='ltr'><strong>nam</strong></span> <span class='ocrx_word' id='word_1_184' title='bbox 1065 2381 1151 2446; x_wconf 90' lang='grc'><strong>25</strong></span> <span class='ocrx_word' id='word_1_185' title='bbox 1179 2383 1252 2455; x_wconf 94' lang='grc'><strong>&gt;&lt;</strong></span> <span class='ocrx_word' id='word_1_186' title='bbox 1280 2381 1366 2445; x_wconf 87' lang='grc'><strong>25</strong></span> <span class='ocrx_word' id='word_1_187' title='bbox 1390 2407 1473 2432; x_wconf 91' lang='lat'>=</span> <span class='ocrx_word' id='word_1_188' title='bbox 1497 2381 1649 2446; x_wconf 91' lang='grc'><strong>625.</strong></span> <span class='ocrx_word' id='word_1_189' title='bbox 1711 2380 2136 2466; x_wconf 86' lang='lat' dir='ltr'><strong>Consequitur</strong></span> <span class='ocrx_word' id='word_1_190' title='bbox 2180 2384 2544 2468; x_wconf 79' lang='lat' dir='ltr'><strong>regnavisse</strong></span> <span class='ocrx_word' id='word_1_191' title='bbox 2584 2380 2895 2447; x_wconf 83' lang='lat' dir='ltr'><strong>Heracli-</strong></span> 
     </span>
     <span class='ocr_line' id='line_1_21' title="bbox 488 2485 2889 2576; baseline -0 -20"><span class='ocrx_word' id='word_1_192' title='bbox 488 2491 600 2556; x_wconf 87' lang='lat' dir='ltr'><strong>das</strong></span> <span class='ocrx_word' id='word_1_193' title='bbox 647 2490 724 2555; x_wconf 86' lang='lat' dir='ltr'><strong>ab</strong></span> <span class='ocrx_word' id='word_1_194' title='bbox 775 2489 1033 2576; x_wconf 83' lang='lat' dir='ltr'><strong>Agrone</strong></span> <span class='ocrx_word' id='word_1_195' title='bbox 1081 2509 1279 2574; x_wconf 87' lang='lat' dir='ltr'><strong>usque</strong></span> <span class='ocrx_word' id='word_1_196' title='bbox 1327 2487 1404 2552; x_wconf 85' lang='lat' dir='ltr'><strong>ad</strong></span> <span class='ocrx_word' id='word_1_197' title='bbox 1451 2485 1843 2553; x_wconf 82' lang='lat' dir='ltr'><strong>Candaulem</strong></span> <span class='ocrx_word' id='word_1_198' title='bbox 1892 2509 2004 2574; x_wconf 87' lang='lat' dir='ltr'><strong>per</strong></span> <span class='ocrx_word' id='word_1_199' title='bbox 2051 2508 2244 2553; x_wconf 87' lang='lat' dir='ltr'><strong>annos</strong></span> <span class='ocrx_word' id='word_1_200' title='bbox 2268 2487 2356 2553; x_wconf 89' lang='grc'><strong>22</strong></span> <span class='ocrx_word' id='word_1_201' title='bbox 2382 2490 2457 2561; x_wconf 93' lang='grc'><strong>&gt;&lt;</strong></span> <span class='ocrx_word' id='word_1_202' title='bbox 2484 2489 2569 2554; x_wconf 89' lang='grc'><strong>25</strong></span> <span class='ocrx_word' id='word_1_203' title='bbox 2593 2514 2675 2539; x_wconf 85' lang='lat'><strong>=</strong></span> <span class='ocrx_word' id='word_1_204' title='bbox 2702 2487 2889 2568; x_wconf 83' lang='lat'><strong>550,</strong></span> 
     </span>
     <span class='ocr_line' id='line_1_22' title="bbox 486 2593 2890 2683; baseline 0 -21"><span class='ocrx_word' id='word_1_205' title='bbox 486 2596 656 2663; x_wconf 84' lang='lat' dir='ltr'><strong>unde</strong></span> <span class='ocrx_word' id='word_1_206' title='bbox 726 2595 926 2662; x_wconf 85' lang='lat' dir='ltr'><strong>efficio</strong></span> <span class='ocrx_word' id='word_1_207' title='bbox 996 2593 1441 2683; x_wconf 79' lang='lat' dir='ltr'><strong>corrigendum</strong></span> <span class='ocrx_word' id='word_1_208' title='bbox 1507 2614 1641 2660; x_wconf 85' lang='lat' dir='ltr'><strong>esse</strong></span> <span class='ocrx_word' id='word_1_209' title='bbox 1703 2597 2222 2669; x_wconf 71' lang='grc' dir='ltr'><strong><em>πεντήκοντα</em></strong></span> <span class='ocrx_word' id='word_1_210' title='bbox 2298 2594 2406 2659; x_wconf 75' lang='grc' dir='ltr'><strong>καὶ</strong></span> <span class='ocrx_word' id='word_1_211' title='bbox 2486 2596 2890 2662; x_wconf 67' lang='grc' dir='ltr'><strong>πεντακόσιαι</strong></span> 
     </span>
     <span class='ocr_line' id='line_1_23' title="bbox 487 2698 2891 2790; baseline 0.001 -23"><span class='ocrx_word' id='word_1_212' title='bbox 487 2725 600 2789; x_wconf 88' lang='lat' dir='ltr'><strong>pro</strong></span> <span class='ocrx_word' id='word_1_213' title='bbox 659 2704 854 2769; x_wconf 81' lang='grc' dir='ltr'><strong>πέντ</strong></span> <span class='ocrx_word' id='word_1_214' title='bbox 875 2728 902 2766; x_wconf 84' lang='grc' dir='ltr'><em>ε</em></span> <span class='ocrx_word' id='word_1_215' title='bbox 969 2701 1072 2766; x_wconf 72' lang='grc' dir='ltr'><strong>καὶ</strong></span> <span class='ocrx_word' id='word_1_216' title='bbox 1141 2698 1541 2765; x_wconf 68' lang='grc' dir='ltr'><strong>πεντακόσια.</strong></span> <span class='ocrx_word' id='word_1_217' title='bbox 1630 2699 1853 2786; x_wconf 78' lang='lat' dir='ltr'><strong>Itaque</strong></span> <span class='ocrx_word' id='word_1_218' title='bbox 1914 2699 2137 2790; x_wconf 80' lang='lat' dir='ltr'><strong>Agron</strong></span> <span class='ocrx_word' id='word_1_219' title='bbox 2198 2702 2367 2766; x_wconf 78' lang='lat' dir='ltr'><strong>vixit</strong></span> <span class='ocrx_word' id='word_1_220' title='bbox 2422 2703 2587 2766; x_wconf 72' lang='lat' dir='ltr'><strong>circa</strong></span> <span class='ocrx_word' id='word_1_221' title='bbox 2633 2720 2891 2769; x_wconf 84' lang='lat' dir='ltr'><strong>annum</strong></span> 
     </span>
     <span class='ocr_line' id='line_1_24' title="bbox 493 2805 2892 2895; baseline 0.001 -20"><span class='ocrx_word' id='word_1_222' title='bbox 493 2808 729 2885; x_wconf 70' lang='lat'>550-1—</span> <span class='ocrx_word' id='word_1_223' title='bbox 758 2807 991 2875; x_wconf 67' lang='grc' dir='ltr'><strong>720Ξ</strong></span> <span class='ocrx_word' id='word_1_224' title='bbox 1019 2805 1191 2873; x_wconf 88' lang='grc'><strong>1270</strong></span> <span class='ocrx_word' id='word_1_225' title='bbox 1257 2826 1530 2891; x_wconf 89' lang='lat' dir='ltr'><strong>eumque</strong></span> <span class='ocrx_word' id='word_1_226' title='bbox 1592 2806 1955 2872; x_wconf 89' lang='lat' dir='ltr'><strong>Herodotus</strong></span> <span class='ocrx_word' id='word_1_227' title='bbox 2014 2807 2166 2872; x_wconf 86' lang='lat' dir='ltr'><strong>fecit</strong></span> <span class='ocrx_word' id='word_1_228' title='bbox 2233 2827 2571 2893; x_wconf 81' lang='lat' dir='ltr'><strong>supparem</strong></span> <span class='ocrx_word' id='word_1_229' title='bbox 2620 2806 2892 2895; x_wconf 77' lang='lat' dir='ltr'><strong>Trojani</strong></span> 
     </span>
     <span class='ocr_line' id='line_1_25' title="bbox 492 2913 2892 2999; baseline 0 -18"><span class='ocrx_word' id='word_1_230' title='bbox 492 2916 678 2993; x_wconf 88' lang='lat' dir='ltr'><strong>belli,</strong></span> <span class='ocrx_word' id='word_1_231' title='bbox 730 2915 894 2999; x_wconf 90' lang='lat' dir='ltr'><strong>quod</strong></span> <span class='ocrx_word' id='word_1_232' title='bbox 946 2915 1140 2979; x_wconf 83' lang='lat' dir='ltr'><strong>fuisse</strong></span> <span class='ocrx_word' id='word_1_233' title='bbox 1187 2913 1410 2978; x_wconf 89' lang='lat' dir='ltr'><strong>scribit</strong></span> <span class='ocrx_word' id='word_1_234' title='bbox 1460 2915 1845 2999; x_wconf 70' lang='lat' dir='ltr'><strong>octingentis</strong></span> <span class='ocrx_word' id='word_1_235' title='bbox 1892 2914 2071 2977; x_wconf 90' lang='lat' dir='ltr'><strong>annis</strong></span> <span class='ocrx_word' id='word_1_236' title='bbox 2101 2919 2247 2977; x_wconf 85' lang='lat' dir='ltr'><strong>ante</strong></span> <span class='ocrx_word' id='word_1_237' title='bbox 2285 2934 2382 2988; x_wconf 88' lang='lat' dir='ltr'><strong>se,</strong></span> <span class='ocrx_word' id='word_1_238' title='bbox 2430 2913 2549 2978; x_wconf 89' lang='lat' dir='ltr'><strong>hoc</strong></span> <span class='ocrx_word' id='word_1_239' title='bbox 2590 2917 2687 2979; x_wconf 87' lang='lat' dir='ltr'><strong>est</strong></span> <span class='ocrx_word' id='word_1_240' title='bbox 2709 2915 2892 2981; x_wconf 78' lang='lat' dir='ltr'><strong>circa</strong></span> 
     </span>
     <span class='ocr_line' id='line_1_26' title="bbox 489 3017 2891 3098; baseline 0 -12"><span class='ocrx_word' id='word_1_241' title='bbox 489 3042 723 3087; x_wconf 88' lang='lat' dir='ltr'><strong>annum</strong></span> <span class='ocrx_word' id='word_1_242' title='bbox 795 3018 986 3083; x_wconf 87' lang='grc'><strong>1250.</strong></span> <span class='ocrx_word' id='word_1_243' title='bbox 1078 3018 1259 3098; x_wconf 82' lang='lat' dir='ltr'><strong>Quod</strong></span> <span class='ocrx_word' id='word_1_244' title='bbox 1323 3020 1390 3083; x_wconf 90' lang='lat' dir='ltr'><strong>iu</strong></span> <span class='ocrx_word' id='word_1_245' title='bbox 1453 3017 1753 3083; x_wconf 87' lang='lat' dir='ltr'><strong>omnibus</strong></span> <span class='ocrx_word' id='word_1_246' title='bbox 1814 3017 2135 3083; x_wconf 90' lang='lat' dir='ltr'><strong>codicibus</strong></span> <span class='ocrx_word' id='word_1_247' title='bbox 2196 3019 2497 3083; x_wconf 86' lang='lat' dir='ltr'><strong>scribitur</strong></span> <span class='ocrx_word' id='word_1_248' title='bbox 2554 3018 2741 3084; x_wconf 76' lang='grc' dir='ltr'><strong><em>πέντε</em></strong></span> <span class='ocrx_word' id='word_1_249' title='bbox 2790 3044 2891 3086; x_wconf 82' lang='grc' dir='ltr'><strong>τε</strong></span> 
     </span>
     <span class='ocr_line' id='line_1_27' title="bbox 487 3122 2890 3211; baseline 0.001 -20"><span class='ocrx_word' id='word_1_250' title='bbox 487 3128 592 3191; x_wconf 72' lang='grc' dir='ltr'><strong>καὶ</strong></span> <span class='ocrx_word' id='word_1_251' title='bbox 657 3125 1038 3190; x_wconf 66' lang='grc' dir='ltr'><strong><em>πεντακόσια</em></strong></span> <span class='ocrx_word' id='word_1_252' title='bbox 1100 3125 1316 3190; x_wconf 87' lang='lat' dir='ltr'><strong>addita</strong></span> <span class='ocrx_word' id='word_1_253' title='bbox 1378 3122 1721 3208; x_wconf 83' lang='lat' dir='ltr'><strong>particula,</strong></span> <span class='ocrx_word' id='word_1_254' title='bbox 1790 3144 1940 3189; x_wconf 87' lang='lat' dir='ltr'><strong>nam</strong></span> <span class='ocrx_word' id='word_1_255' title='bbox 2005 3126 2072 3188; x_wconf 88' lang='lat' dir='ltr'><strong>in</strong></span> <span class='ocrx_word' id='word_1_256' title='bbox 2122 3126 2333 3189; x_wconf 86' lang='lat' dir='ltr'><strong>verbis</strong></span> <span class='ocrx_word' id='word_1_257' title='bbox 2379 3145 2542 3211; x_wconf 88' lang='lat' dir='ltr'><strong>quae</strong></span> <span class='ocrx_word' id='word_1_258' title='bbox 2584 3128 2890 3210; x_wconf 85' lang='lat' dir='ltr'><strong>proxime</strong></span> 
     </span>
     <span class='ocr_line' id='line_1_28' title="bbox 487 3226 2887 3317; baseline 0.002 -22"><span class='ocrx_word' id='word_1_259' title='bbox 487 3231 868 3317; x_wconf 86' lang='lat' dir='ltr'><strong>praecedunt</strong></span> <span class='ocrx_word' id='word_1_260' title='bbox 930 3231 1034 3295; x_wconf 76' lang='grc' dir='ltr'><strong>δύο</strong></span> <span class='ocrx_word' id='word_1_261' title='bbox 1095 3254 1164 3294; x_wconf 79' lang='grc' dir='ltr'><strong>τε</strong></span> <span class='ocrx_word' id='word_1_262' title='bbox 1229 3229 1332 3293; x_wconf 73' lang='grc' dir='ltr'><strong>καὶ</strong></span> <span class='ocrx_word' id='word_1_263' title='bbox 1409 3226 1632 3304; x_wconf 72' lang='grc' dir='ltr'><strong><em>εἴκοσι,</em></strong></span> <span class='ocrx_word' id='word_1_264' title='bbox 1705 3249 2167 3313; x_wconf 85' lang='lat' dir='ltr'><strong>supervacanea</strong></span> <span class='ocrx_word' id='word_1_265' title='bbox 2238 3229 2466 3297; x_wconf 81' lang='lat' dir='ltr'><strong>vocula</strong></span> <span class='ocrx_word' id='word_1_266' title='bbox 2528 3233 2597 3295; x_wconf 90' lang='lat' dir='ltr'><strong>in</strong></span> <span class='ocrx_word' id='word_1_267' title='bbox 2658 3231 2887 3300; x_wconf 80' lang='lat' dir='ltr'><strong>codiee</strong></span> 
     </span>
     <span class='ocr_line' id='line_1_29' title="bbox 487 3334 2889 3423; baseline 0 -20"><span class='ocrx_word' id='word_1_268' title='bbox 487 3338 777 3404; x_wconf 87' lang='lat' dir='ltr'><strong>Romano</strong></span> <span class='ocrx_word' id='word_1_269' title='bbox 838 3339 1197 3419; x_wconf 86' lang='lat' dir='ltr'><strong>omittitur,</strong></span> <span class='ocrx_word' id='word_1_270' title='bbox 1259 3340 1356 3399; x_wconf 89' lang='lat' dir='ltr'><strong>est</strong></span> <span class='ocrx_word' id='word_1_271' title='bbox 1426 3334 1545 3399; x_wconf 90' lang='lat' dir='ltr'><strong>hoc</strong></span> <span class='ocrx_word' id='word_1_272' title='bbox 1619 3354 1869 3420; x_wconf 90' lang='lat' dir='ltr'><strong>quoque</strong></span> <span class='ocrx_word' id='word_1_273' title='bbox 1938 3335 2202 3401; x_wconf 84' lang='lat' dir='ltr'><strong>fortasse</strong></span> <span class='ocrx_word' id='word_1_274' title='bbox 2271 3357 2459 3403; x_wconf 81' lang='lat' dir='ltr'><strong>verse</strong></span> <span class='ocrx_word' id='word_1_275' title='bbox 2526 3340 2889 3423; x_wconf 79' lang='lat' dir='ltr'><strong>scripturae</strong></span> 
     </span>
     <span class='ocr_line' id='line_1_30' title="bbox 489 3444 822 3509; baseline -0.006 0"><span class='ocrx_word' id='word_1_276' title='bbox 489 3444 822 3509; x_wconf 89' lang='lat' dir='ltr'><strong>indicium.</strong></span> 
     </span>
    </p>

    <p class='ocr_par' dir='ltr' id='par_1_4' title="bbox 484 3544 2885 4483">
     <span class='ocr_line' id='line_1_31' title="bbox 579 3544 2883 3635; baseline -0 -18"><span class='ocrx_word' id='word_1_277' title='bbox 579 3550 832 3617; x_wconf 85' lang='lat' dir='ltr'><strong>Addere</strong></span> <span class='ocrx_word' id='word_1_278' title='bbox 869 3551 1056 3635; x_wconf 84' lang='lat' dir='ltr'><strong>juvat</strong></span> <span class='ocrx_word' id='word_1_279' title='bbox 1101 3548 1548 3613; x_wconf 87' lang='lat' dir='ltr'><strong>correctionem</strong></span> <span class='ocrx_word' id='word_1_280' title='bbox 1604 3544 1963 3623; x_wconf 90' lang='lat' dir='ltr'><strong>Plutarchi,</strong></span> <span class='ocrx_word' id='word_1_281' title='bbox 2009 3549 2194 3612; x_wconf 90' lang='lat' dir='ltr'><strong>cuius</strong></span> <span class='ocrx_word' id='word_1_282' title='bbox 2233 3546 2449 3613; x_wconf 88' lang='lat' dir='ltr'><strong>locum</strong></span> <span class='ocrx_word' id='word_1_283' title='bbox 2482 3548 2883 3616; x_wconf 86' lang='lat' dir='ltr'><strong>Schubertus</strong></span> 
     </span>
     <span class='ocr_line' id='line_1_32' title="bbox 485 3651 2885 3740; baseline -0.001 -16"><span class='ocrx_word' id='word_1_284' title='bbox 485 3657 710 3724; x_wconf 89' lang='lat' dir='ltr'><strong>attulit</strong></span> <span class='ocrx_word' id='word_1_285' title='bbox 770 3677 830 3740; x_wconf 91' lang='lat' dir='ltr'><strong>p.</strong></span> <span class='ocrx_word' id='word_1_286' title='bbox 897 3652 1004 3719; x_wconf 83' lang='grc'><strong>32.</strong></span> <span class='ocrx_word' id='word_1_287' title='bbox 1079 3652 1258 3733; x_wconf 86' lang='lat' dir='ltr'><strong>Quod</strong></span> <span class='ocrx_word' id='word_1_288' title='bbox 1320 3651 1562 3738; x_wconf 75' lang='lat' dir='ltr'><strong>legitur</strong></span> <span class='ocrx_word' id='word_1_289' title='bbox 1622 3654 1689 3716; x_wconf 88' lang='lat' dir='ltr'><strong>in</strong></span> <span class='ocrx_word' id='word_1_290' title='bbox 1740 3651 2000 3727; x_wconf 86' lang='lat' dir='ltr'><strong>Quaest.</strong></span> <span class='ocrx_word' id='word_1_291' title='bbox 2049 3651 2273 3720; x_wconf 80' lang='lat' dir='ltr'><strong>Graec.</strong></span> <span class='ocrx_word' id='word_1_292' title='bbox 2328 3654 2448 3729; x_wconf 88' lang='lat'><strong>45,</strong></span> <span class='ocrx_word' id='word_1_293' title='bbox 2500 3659 2635 3719; x_wconf 88' lang='lat' dir='ltr'><strong>erat</strong></span> <span class='ocrx_word' id='word_1_294' title='bbox 2681 3654 2885 3721; x_wconf 82' lang='lat' dir='ltr'><strong>fatale</strong></span> 
     </span>
     <span class='ocr_line' id='line_1_33' title="bbox 487 3756 2885 3850; baseline -0 -22"><span class='ocrx_word' id='word_1_295' title='bbox 487 3764 746 3850; x_wconf 81' lang='lat' dir='ltr'><strong>sig-num</strong></span> <span class='ocrx_word' id='word_1_296' title='bbox 793 3762 1049 3846; x_wconf 86' lang='lat' dir='ltr'><strong>imperii</strong></span> <span class='ocrx_word' id='word_1_297' title='bbox 1097 3758 1422 3845; x_wconf 78' lang='lat' dir='ltr'><strong>Lydorum</strong></span> <span class='ocrx_word' id='word_1_298' title='bbox 1475 3758 1752 3836; x_wconf 83' lang='lat' dir='ltr'><strong>securis,</strong></span> <span class='ocrx_word' id='word_1_299' title='bbox 1791 3776 1985 3842; x_wconf 88' lang='lat' dir='ltr'><strong>quam</strong></span> <span class='ocrx_word' id='word_1_300' title='bbox 2026 3756 2182 3822; x_wconf 86' lang='lat' dir='ltr'><strong>olim</strong></span> <span class='ocrx_word' id='word_1_301' title='bbox 2225 3757 2578 3844; x_wconf 83' lang='lat' dir='ltr'><strong>Omphalae</strong></span> <span class='ocrx_word' id='word_1_302' title='bbox 2616 3760 2885 3827; x_wconf 88' lang='lat' dir='ltr'><strong>dederat</strong></span> 
     </span>
     <span class='ocr_line' id='line_1_34' title="bbox 487 3864 2879 3951; baseline 0 -19"><span class='ocrx_word' id='word_1_303' title='bbox 487 3867 816 3934; x_wconf 88' lang='lat' dir='ltr'><strong>Hercules.</strong></span> <span class='ocrx_word' id='word_1_304' title='bbox 879 3867 1062 3932; x_wconf 87' lang='lat' dir='ltr'><strong>Hanc</strong></span> <span class='ocrx_word' id='word_1_305' title='bbox 1109 3865 1377 3930; x_wconf 89' lang='lat' dir='ltr'><strong>securim</strong></span> <span class='ocrx_word' id='word_1_306' title='bbox 1428 3869 1765 3950; x_wconf 83' lang='lat' dir='ltr'><strong>gesserunt</strong></span> <span class='ocrx_word' id='word_1_307' title='bbox 1811 3884 2031 3928; x_wconf 90' lang='lat' dir='ltr'><strong>omnes</strong></span> <span class='ocrx_word' id='word_1_308' title='bbox 2080 3885 2263 3951; x_wconf 85' lang='lat' dir='ltr'><strong>reges</strong></span> <span class='ocrx_word' id='word_1_309' title='bbox 2308 3864 2460 3947; x_wconf 74' lang='grc' dir='ltr'><strong>ἄχρι</strong></span> <span class='ocrx_word' id='word_1_310' title='bbox 2506 3866 2879 3943; x_wconf 69' lang='grc' dir='ltr'><strong><em>Κανδαύλης</em></strong></span> 
     </span>
     <span class='ocr_line' id='line_1_35' title="bbox 484 3968 2879 4053; baseline 0 -14"><span class='ocrx_word' id='word_1_311' title='bbox 484 3972 855 4049; x_wconf 69' lang='grc' dir='ltr'><strong><em>ἀπαξιώσας</em></strong></span> <span class='ocrx_word' id='word_1_312' title='bbox 905 3971 985 4036; x_wconf 80' lang='grc' dir='ltr'><strong>ἑνὶ</strong></span> <span class='ocrx_word' id='word_1_313' title='bbox 1035 3974 1152 4036; x_wconf 79' lang='grc' dir='ltr'><strong>τῶν</strong></span> <span class='ocrx_word' id='word_1_314' title='bbox 1199 3971 1447 4049; x_wconf 74' lang='grc' dir='ltr'><strong><em>ἑταίρων</em></strong></span> <span class='ocrx_word' id='word_1_315' title='bbox 1495 3976 1701 4053; x_wconf 82' lang='grc' dir='ltr'><strong><em>Φορεῒν</em></strong></span> <span class='ocrx_word' id='word_1_316' title='bbox 1749 3968 1983 4035; x_wconf 76' lang='grc' dir='ltr'><strong>ἔδωκεν.</strong></span> <span class='ocrx_word' id='word_1_317' title='bbox 2043 3970 2223 4035; x_wconf 74' lang='grc' dir='ltr'><strong>Ἐπεὶ</strong></span> <span class='ocrx_word' id='word_1_318' title='bbox 2276 3970 2337 4035; x_wconf 79' lang='grc' dir='ltr'><strong>δὲ</strong></span> <span class='ocrx_word' id='word_1_319' title='bbox 2378 3972 2586 4050; x_wconf 69' lang='grc' dir='ltr'><strong><em>Γύγης</em></strong></span> <span class='ocrx_word' id='word_1_320' title='bbox 2626 3974 2879 4047; x_wconf 69' lang='grc' dir='ltr'><strong>ἆτος-ὰς</strong></span> 
     </span>
     <span class='ocr_line' id='line_1_36' title="bbox 489 4074 2877 4160; baseline -0 -15"><span class='ocrx_word' id='word_1_321' title='bbox 489 4079 776 4157; x_wconf 76' lang='grc' dir='ltr'><strong>ἐπολέμει</strong></span> <span class='ocrx_word' id='word_1_322' title='bbox 841 4078 982 4157; x_wconf 75' lang='grc' dir='ltr'><strong>πρὸς</strong></span> <span class='ocrx_word' id='word_1_323' title='bbox 1051 4077 1274 4154; x_wconf 77' lang='grc' dir='ltr'><em>αὐτόν,</em></span> <span class='ocrx_word' id='word_1_324' title='bbox 1353 4074 1529 4151; x_wconf 75' lang='grc' dir='ltr'><strong><em>ἦλθεν</em></strong></span> <span class='ocrx_word' id='word_1_325' title='bbox 1588 4078 1889 4155; x_wconf 70' lang='grc' dir='ltr'><strong>’Ἄρσηλις</strong></span> <span class='ocrx_word' id='word_1_326' title='bbox 1949 4076 2018 4140; x_wconf 77' lang='grc' dir='ltr'><strong>ἐκ</strong></span> <span class='ocrx_word' id='word_1_327' title='bbox 2090 4076 2353 4141; x_wconf 79' lang='grc' dir='ltr'><strong>Μυλέων</strong></span> <span class='ocrx_word' id='word_1_328' title='bbox 2418 4080 2721 4158; x_wconf 77' lang='grc' dir='ltr'><strong><em>ἐπίκουρος</em></strong></span> <span class='ocrx_word' id='word_1_329' title='bbox 2788 4083 2877 4160; x_wconf 72' lang='grc' dir='ltr'><strong>τῷ</strong></span> 
     </span>
     <span class='ocr_line' id='line_1_37' title="bbox 489 4181 2875 4265; baseline 0.001 -18"><span class='ocrx_word' id='word_1_330' title='bbox 489 4184 664 4263; x_wconf 62' lang='grc' dir='ltr'><strong>Γύγῃ</strong></span> <span class='ocrx_word' id='word_1_331' title='bbox 727 4184 896 4261; x_wconf 76' lang='grc' dir='ltr'><strong>μετὰ</strong></span> <span class='ocrx_word' id='word_1_332' title='bbox 957 4182 1268 4259; x_wconf 67' lang='grc' dir='ltr'><strong>δυνάμεως</strong></span> <span class='ocrx_word' id='word_1_333' title='bbox 1331 4183 1436 4247; x_wconf 74' lang='grc' dir='ltr'><strong>καὶ</strong></span> <span class='ocrx_word' id='word_1_334' title='bbox 1501 4182 1604 4246; x_wconf 80' lang='grc' dir='ltr'><strong>τόν</strong></span> <span class='ocrx_word' id='word_1_335' title='bbox 1669 4207 1738 4245; x_wconf 84' lang='grc' dir='ltr'><strong>τε</strong></span> <span class='ocrx_word' id='word_1_336' title='bbox 1806 4181 2173 4254; x_wconf 71' lang='grc' dir='ltr'><em>Κανδαύλην</em></span> <span class='ocrx_word' id='word_1_337' title='bbox 2237 4182 2342 4247; x_wconf 73' lang='grc' dir='ltr'><strong>καὶ</strong></span> <span class='ocrx_word' id='word_1_338' title='bbox 2392 4182 2494 4247; x_wconf 79' lang='grc' dir='ltr'><strong>τὸν</strong></span> <span class='ocrx_word' id='word_1_339' title='bbox 2542 4186 2875 4265; x_wconf 76' lang='grc' dir='ltr'><strong><em>ἑταῖρον</em></strong></span> 
     </span>
     <span class='ocr_line' id='line_1_38' title="bbox 491 4286 2877 4371; baseline 0 -14"><span class='ocrx_word' id='word_1_340' title='bbox 491 4293 682 4357; x_wconf 73' lang='grc' dir='ltr'>αὑτοῦ</span> <span class='ocrx_word' id='word_1_341' title='bbox 746 4287 1094 4371; x_wconf 76' lang='grc' dir='ltr'><strong>διαφθείρει.</strong></span> <span class='ocrx_word' id='word_1_342' title='bbox 1157 4286 1432 4355; x_wconf 89' lang='lat' dir='ltr'><strong>Cuinam</strong></span> <span class='ocrx_word' id='word_1_343' title='bbox 1497 4286 1698 4354; x_wconf 86' lang='lat' dir='ltr'><strong>sodali</strong></span> <span class='ocrx_word' id='word_1_344' title='bbox 1761 4290 2033 4353; x_wconf 87' lang='lat' dir='ltr'><strong>securim</strong></span> <span class='ocrx_word' id='word_1_345' title='bbox 2080 4288 2429 4354; x_wconf 85' lang='lat' dir='ltr'><strong>tradiderat</strong></span> <span class='ocrx_word' id='word_1_346' title='bbox 2475 4287 2877 4359; x_wconf 76' lang='lat' dir='ltr'><strong>Candaules?</strong></span> 
     </span>
     <span class='ocr_line' id='line_1_39' title="bbox 489 4392 2874 4483; baseline 0 -20"><span class='ocrx_word' id='word_1_347' title='bbox 489 4398 622 4482; x_wconf 91' lang='lat' dir='ltr'><strong>Ipsi</strong></span> <span class='ocrx_word' id='word_1_348' title='bbox 683 4392 900 4482; x_wconf 76' lang='lat' dir='ltr'><strong>Gygi,</strong></span> <span class='ocrx_word' id='word_1_349' title='bbox 949 4398 1198 4480; x_wconf 90' lang='lat' dir='ltr'><strong>opinor,</strong></span> <span class='ocrx_word' id='word_1_350' title='bbox 1249 4397 1360 4480; x_wconf 90' lang='lat' dir='ltr'><strong>qui</strong></span> <span class='ocrx_word' id='word_1_351' title='bbox 1409 4399 1736 4481; x_wconf 84' lang='lat' dir='ltr'><strong>propterea</strong></span> <span class='ocrx_word' id='word_1_352' title='bbox 1782 4413 1931 4483; x_wconf 79' lang='lat' dir='ltr'><strong>rege</strong></span> <span class='ocrx_word' id='word_1_353' title='bbox 1977 4393 2319 4461; x_wconf 88' lang='lat' dir='ltr'><strong>interemto</strong></span> <span class='ocrx_word' id='word_1_354' title='bbox 2364 4416 2574 4461; x_wconf 88' lang='lat' dir='ltr'><strong>rerum</strong></span> <span class='ocrx_word' id='word_1_355' title='bbox 2626 4399 2874 4482; x_wconf 85' lang='lat' dir='ltr'><strong>potitus</strong></span> 
     </span>
    </p>
   </div>
   <div class='ocr_carea' id='block_1_3' title="bbox 3136 0 3140 560">
    <p class='ocr_par' dir='ltr' id='par_1_5' title="bbox 3136 0 3140 560">
     <span class='ocr_line' id='line_1_40' title="bbox 3136 0 3140 560; baseline 0 0"><span class='ocrx_word' id='word_1_356' title='bbox 3136 0 3140 560; x_wconf 95' lang='lat' dir='ltr'><strong> </strong></span> 
     </span>
    </p>
   </div>
  </div>
 </body>
</html>
