3150 5000
1057 304 1331 355 muns
1375 304 1715 356 sosarnus.
2034 294 2041 305 “
2446 284 2579 355 397

233 470 316 537 10.
361 470 432 536 5:
498 477 627 543 τοῖς
671 468 952 550 ἄντικρυς
999 466 1227 550 ἕρκεσιν
1275 470 1574 554 άμφὴγ
1592 495 1673 536 νυ
1691 468 1831 550 μέν
1850 492 1960 549 ον,
2004 467 2236 535 malim
2279 470 2322 534 ά
2340 474 2580 553 μφιρ-

223 602 344 657 ρηγ
362 604 392 643 ν
411 578 445 643 ὖ
462 603 514 656 μ
532 603 564 643 ε
580 600 611 642 ν
628 600 655 643 ο
671 602 701 642 ν
719 625 735 657 ,
782 596 975 663 quam
1019 576 1086 643 id
1133 577 1302 665 quod
1347 576 1639 645 Bekkero
1683 575 1925 664 placuit
1968 575 2485 659 ἀμφαγνυμένον.

297 760 569 827 offendit
615 760 687 827 Β.
737 760 800 826 J.
851 759 910 825 5.
957 759 1018 825 2.
1073 760 1144 826 4:
1212 761 1462 839 μάλιςα
1529 761 1594 827 δὲ
1639 761 1780 833 τοὺς
1830 762 1890 825 ἓν
1938 759 2052 827 ἔθει
2098 759 2445 838 συντάξεως
2494 758 2583 827 ὅν-

219 892 319 940 τας
380 868 488 933 καὶ
551 868 722 951 μετα
786 867 1018 943 κόσμου
1080 867 1186 933 καὶ
1252 866 1803 949 παραγγέλματος
1870 875 2164 945 πολεμεῖν
2208 866 2539 942 εἰδότας
2561 918 2580 947 ,

216 974 438 1052 άταξία
483 974 794 1055 φθάσασα
840 975 1107 1059 θορυβεῖ,
1161 977 1228 1039 in
1277 974 1394 1041 tali
1441 978 1756 1041 sententia
1802 976 2198 1061 scripsissem
2245 975 2579 1062 equidem:

215 1080 426 1147 εἷωθὸ
440 1106 613 1153 τας.
658 1081 731 1146 Β.
757 1080 813 1146 J.
862 1080 923 1149 5.
971 1081 1033 1146 4.
1077 1080 1155 1146 2:
1207 1082 1306 1147 ἐπ’
1354 1083 1464 1147 οὐκ
1509 1082 1719 1159 ὀλίγον
1768 1082 2056 1162 προῆλθον
2104 1083 2238 1148 καὶ
2289 1083 2585 1163 τέταρτον

215 1191 638 1269 περιοικηθῆναι
703 1187 932 1268 λόφον,
995 1187 1139 1277 lege
1200 1191 1292 1263 ὡς
1317 1238 1334 1266 ,
1399 1188 1715 1275 quomodo
1779 1208 1962 1273 saepe
2024 1191 2217 1255 errari
2279 1188 2581 1255 vidimus.

213 1292 338 1361 Non
406 1298 621 1361 minus
680 1295 868 1361 facile
929 1300 1025 1363 est
1079 1294 1151 1361 B.
1202 1293 1261 1360 J.
1312 1293 1374 1361 5.
1425 1292 1488 1361 5.
1545 1295 1623 1362 13
1671 1299 1778 1360 τοῦ
1825 1295 1889 1359 δὲ
1934 1294 2247 1372 βασιλέως
2302 1300 2586 1373 Σολομῶ-

213 1423 292 1474 νος
343 1440 429 1451 -
478 1401 547 1467 τὸ
609 1403 752 1469 κατ’
815 1402 1130 1473 άνατολὰς
1192 1400 1369 1481 μέρος
1435 1402 1942 1485 ἐκτειχίσαντος,
1993 1398 2134 1467 εἶτ’
2184 1400 2415 1477 ἐτέθη
2463 1401 2587 1481 μΙα

213 1509 316 1575 ςοδι
360 1510 450 1589 τῷ
495 1512 788 1589 χώματι,
851 1530 1001 1574 nam
1061 1510 1160 1575 ibi
1204 1530 1434 1576 verum
1481 1515 1577 1575 est
1626 1508 1989 1581 ἐπετέθη.
2049 1508 2121 1573 Β.
2170 1507 2229 1573 J.
2282 1507 2344 1575 5.
2397 1505 2455 1574 ’7.
2508 1506 2586 1574 3:

213 1617 336 1680 καὶ
400 1616 516 1695 μὲν
579 1616 697 1688 τὰς
765 1616 1140 1695 συμπλοκὰς
1206 1617 1503 1694 ἡττῶντο,
1564 1614 1745 1703 lege:
1811 1614 2030 1681 κατά
2070 1620 2139 1681 et
2181 1616 2251 1679 in
2295 1616 2379 1679 iis
2425 1636 2585 1701 quae

212 1723 502 1788 continuo
547 1728 930 1808 sequuntur:
982 1730 1204 1804 προσῆν
1241 1721 1294 1787 δ’
1333 1721 1512 1795 ἐλπὶς
1555 1722 1647 1787 ἔτι
1687 1721 2021 1805 σωτηρίας,
2063 1718 2097 1795 ἣ
2135 1720 2237 1787 καὶ
2265 1720 2587 1801 Ῥωμαίοις

211 1834 305 1893 τοῦ
353 1828 606 1909 ταχέως
656 1830 1018 1916 κρατήσειν,
1065 1831 1350 1917 corrigo:
1397 1831 1490 1904 ὡς
1541 1829 1648 1895 καὶ
1700 1835 1789 1896 Ῥ.

290 2011 364 2079 B.
414 2011 471 2077 J.
526 2010 590 2077 5.
639 2009 700 2076 9.
753 2010 794 2076 3
855 2010 896 2077 J
898 2011 1169 2097 osephus
1231 2012 1412 2077 iussu
1476 2010 1881 2097 imperatoris
1943 2030 2161 2077 muros
2207 2010 2589 2078 circumiens

207 2119 390 2184 iussit
437 2118 688 2184 civibus
733 2138 986 2204 parcere
1025 2125 1090 2184 et
1128 2120 1252 2184 sibi
1293 2123 1357 2183 et
1396 2120 1639 2203 patriae
1662 2137 1867 2203 neque
1888 2116 2175 2195 γενέσθαι
2205 2116 2350 2199 πρὸς
2374 2121 2587 2183 ταῦτα

205 2228 315 2289 τῶν
364 2225 748 2305 άλλοφύλων
794 2226 1388 2303 άπαθεςέρους,
1437 2226 1550 2290 ubi
1594 2223 1959 2313 intelligam
2008 2223 2582 2303 άπηνεςέρους.

209 2329 440 2399 Contra
482 2338 651 2398 reete
697 2331 937 2419 legitur
981 2331 1051 2396 B.
1080 2331 1146 2397 J.
1173 2331 1235 2396 5.
1263 2330 1326 2397 9.
1352 2331 1428 2397 4:
1478 2330 1780 2410 ἄτεγκτοι
1824 2330 1930 2397 καὶ
1978 2331 2152 2397 λίθων
2199 2329 2587 2412 άπαθέςεροι.

208 2434 421 2506 Credit
469 2437 781 2524 Josephus
828 2439 997 2504 κατά
1047 2436 1204 2512 ἔθνος
1252 2440 1355 2504 τὸν
1400 2438 1528 2505 θεὸν
1575 2436 2040 2520 ἐμπεριάγοντα
2088 2439 2197 2515 την
2245 2437 2448 2521 άρχην
2488 2440 2589 2503 νῦν

208 2544 302 2610 ἐπὶ
355 2551 467 2620 τῆς
518 2545 802 2618 Ἰταλίας
849 2541 1104 2622 εἶναι,
1156 2547 1270 2612 ubi
1317 2568 1540 2612 verum
1592 2550 1689 2612 est
1735 2553 2008 2622 ςῆναι,
2058 2547 2261 2611 sieute
2298 2549 2469 2612 recte
2500 2540 2612 2610 ls-'

209 2655 388 2738 gitur
432 2652 505 2717 B.
552 2652 616 2719 J.
667 2650 728 2718 5.
777 2650 841 2718 9.
891 2652 968 2717 4:
1035 2651 1242 2731 ἔγωγε
1301 2651 1690 2734 πεφευγέναι
1740 2652 1853 2730 μὲν
1898 2651 1965 2717 ἐκ
2011 2657 2127 2717 τῶν
2174 2650 2373 2729 άγίων
2414 2645 2587 2729 οἶμαι

210 2759 306 2822 τὸν
356 2758 518 2835 θεόν,
573 2757 787 2827 ἑςάναι
836 2759 898 2824 δὲ
948 2762 1093 2840 παρ’
1140 2753 1223 2831 οἷς
1273 2766 1611 2837 πολεμεῖτε
1644 2762 1767 2823 νῦν.
1815 2759 1889 2823 In
1912 2758 2133 2825 eadem
2157 2758 2588 2846 paragrapho:

208 2869 314 2944 τήν
379 2891 450 2931 τε
509 2867 773 2946 Σιλωὰμ
820 2867 1228 2956 ἐπιλιποῢσαν
1275 2865 1368 2934 fes
1418 2865 1520 2930 καὶ
1572 2866 1690 2939 τας
1740 2863 1854 2941 ἔξω
1900 2869 2008 2932 τοῦ
2054 2864 2236 2938 besec
2286 2863 2591 2951 ἁπάσας,

209 2969 322 3043 ὥςε
374 2972 517 3054 πρὸς
565 2973 870 3054 ἀμφορεῖς
922 2976 1302 3038 ὠνεῖσθαι
1353 2971 1422 3036 τὸ
1471 2971 1654 3053 ὕδωρ,
1703 2978 1983 3058 praestat
2027 2993 2177 3038 sans
2224 2973 2586 3058 ὠνεῖσθε,

207 3082 314 3148 ssd
360 3081 509 3148 vide
557 3101 750 3168 supra
792 3080 873 3146 ad
919 3082 1138 3165 Antiq.
1191 3075 1297 3147 18.
1346 3079 1408 3145 4.
1460 3076 1522 3146 3.

295 3265 368 3332 B.
396 3264 456 3331 J.
501 3265 563 3330 5.
612 3263 781 3332 11.2
828 3263 1170 3350 legendum
1223 3269 1319 3330 est
1364 3261 1867 3344 ἐργάσεσθαι
1912 3284 2037 3330 non
2084 3259 2588 3343 ἐργάσασθαι.

211 3373 281 3440 Β.
303 3373 372 3438 J.
413 3373 475 3438 5.
514 3370 620 3438 12.
652 3371 725 3435 13
774 3369 962 3450 μέχρι
1011 3371 1124 3450 μὲν
1170 3371 1295 3450 γάρ
1343 3374 1445 3434 νῦν
1492 3369 2079 3448 κατάσπασμα
2126 3371 2437 3445 Ἰουδαίοις
2476 3376 2588 3445 τῆς

208 3483 464 3558 epm-1224
516 3477 1038 3562 συμπεπλέχθαι,
1089 3476 1264 3563 lege:
1321 3475 1869 3554 άπόσπασμα.
1921 3475 1994 3543 Β.
2020 3474 2082 3541 J.
2126 3473 2184 3540 5.
2230 3473 2337 3542 13.
2365 3475 2436 3541 13
2478 3481 2591 3558 Φο-

208 3589 492 3653 νευθεΐσιν
540 3583 1094 3665 ἐναπεσφάγη
1143 3591 1264 3656 τοῖς
1318 3584 1568 3661 παισίν,
1611 3583 1755 3672 lego
1794 3582 2392 3663 ε’παπεσφάγη.
2421 3581 2497 3648 Β
2522 3581 2586 3649 J.

211 3694 268 3758 5.
301 3693 406 3760 13.
435 3693 508 3760 23
556 3693 695 3766 τοὺς
742 3692 987 3765 λοιποὺς
1036 3697 1153 3755 τῶν
1200 3690 1723 3769 ὑποτεταγμένων
1770 3685 2040 3754 ἄλλων
2086 3688 2419 3768 άλλαχόσε
2466 3687 2587 3754 διέ-

208 3825 490 3879 πεμπεν,
539 3799 718 3887 lege:
769 3799 1039 3864 ἄλλον.
1088 3797 1162 3862 Β.
1205 3797 1270 3864 J.
1315 3799 1372 3862 5.
1416 3795 1591 3863 13.5
1640 3818 1753 3884 pro
1800 3797 2396 3878 ἐρευνήσοντας
2444 3796 2590 3885 logo

209 3907 803 3988 ἐρευνήσαντας
851 3911 916 3971 et
961 3906 1075 3970 ubi
1109 3904 1342 3971 talium
1390 3903 1893 3990 corruptelarum
1942 3901 2134 3970 finem
2177 3899 2544 3971 inveniam?

298 4103 440 4172 Non
498 4106 730 4191 poterit
790 4103 1054 4171 fortasse
1116 4123 1386 4190 usquam
1444 4102 1789 4170 dilucidius
1834 4122 2135 4189 apparere
2181 4124 2376 4189 quam
2423 4101 2589 4168 nihil

211 4214 447 4298 cogitet
492 4210 537 4277 J
537 4210 807 4297 osephus
853 4211 1006 4296 quid
1053 4211 1288 4277 scribat
1334 4231 1524 4297 quam
1571 4231 1650 4276 ex
1696 4207 2031 4276 collatione
2071 4209 2354 4276 locorum
2377 4258 2395 4288 ,
2433 4229 2591 4296 quos

214 4335 376 4384 nunc
437 4318 750 4386 indicabo.
820 4318 893 4383 In
957 4319 1205 4384 obsessa
1265 4317 1423 4384 urbs
1483 4319 1700 4384 omnia
1744 4317 1965 4384 insano
2011 4318 2216 4402 pretio
2265 4316 2585 4384 venibant.

217 4420 414 4491 Credo
455 4425 524 4490 id
569 4430 633 4492 et
681 4423 842 4491 dabo
885 4425 1268 4490 testimonia.
1321 4422 1482 4490 Bell.
1526 4422 1590 4489 J.
1635 4422 1698 4490 5.
1744 4422 1849 4489 10.
1889 4422 1964 4489 23
2014 4423 2230 4489 πολλοὶ
2280 4422 2344 4487 δὲ
2387 4420 2587 4504 λάθρα
