3150 5000
1211 296 1641 345 muormnm.
2506 274 2635 341 153

249 468 661 548 εὐπρεπῶς
709 466 769 537 ἐς
816 466 888 531 τὸ
933 464 1246 545 ξυμφέρον
1292 466 1683 534 καθίςανται.
1734 462 1935 549 Saepe
1982 461 2241 529 difficile
2278 470 2376 527 est
2415 466 2633 527 acutas

249 572 640 661 Thucydidis
685 576 1030 639 sententias
1076 578 1366 637 accurate
1412 571 1611 637 simul
1658 577 1724 636 et
1771 570 2099 656 eleganter
2145 570 2213 635 in
2259 568 2461 634 alium
2510 588 2633 633 ser·

244 700 496 746 monem
536 688 933 757 convertere,
974 678 1083 744 sed
1120 700 1287 743 nunc
1328 676 1637 761 feliciter,
1678 684 1754 743 ut
1794 678 2097 759 arbitror,
2126 662 2631 757 'Bloomfieldusg

240 789 378 851 with
422 789 522 853 the
567 789 854 872 specious
894 794 1128 869 prete-vt
1175 786 1259 869 qs
1295 784 1558 849 alliance
1605 786 1739 869 they
1782 780 2040 869 craftily
2080 784 2247 869 druso
2300 804 2435 847 over
2476 782 2636 857 those

242 897 366 958 who
425 915 532 957 are
590 892 904 977 naturalby
966 892 1121 957 their
1182 892 1430 955 eumies
1476 897 1536 955 to
1585 892 1740 954 their
1784 912 1909 955 oum
1961 890 2311 971 advantaqe.
2364 887 2637 977 Anglica

237 1000 396 1065 satis
452 997 786 1085 intelligo;
855 997 963 1067 sed
1029 1005 1203 1063 estne
1258 997 1522 1081 speciouc
1573 1003 1809 1080 preteoet
1854 993 2045 1073 ὄνομα
2094 992 2372 1072 ἓννομονῗ
2420 992 2636 1060 Credi-

245 1104 448 1171 derim
510 1106 746 1169 rect-ius
810 1123 944 1169 esse
1007 1102 1260 1181 ὀνόματι
1307 1100 1617 1182 εὐλόγῳ
1668 1100 2077 1183 ξυμμαχίας.
2127 1100 2364 1166 Verum
2416 1098 2533 1166 hoc
2582 1102 2637 1165 si

243 1210 615 1297 probabitur
634 1259 652 1295 ,
699 1229 824 1276 non
871 1212 1106 1295 poterit
1151 1209 1388 1277 servari
1435 1208 1809 1275 adverbium
1858 1209 2203 1287 εὐπρεπῶς,
2246 1229 2326 1272 ne
2366 1204 2636 1273 Hermo-

243 1322 446 1383 crates
494 1316 594 1383 bis
639 1316 816 1382 idem
864 1315 1036 1380 dicat
1083 1321 1148 1381 et
1193 1317 1349 1381 satis
1394 1313 1695 1381 credibile
1741 1320 1837 1380 est
1878 1313 2297 1380 Athenienses
2335 1315 2405 1378 τὸ
2447 1311 2637 1393 Φύσει

243 1422 562 1501 πολέμιον
606 1410 950 1505 εὖτρεπῶὲ,
1022 1422 1088 1487 h.
1143 1442 1194 1487 e.
1257 1420 1430 1487 facili
1495 1442 1685 1507 opera
1746 1422 1807 1491 ἐς
1874 1419 2189 1502 ξυμφέρον
2236 1418 2636 1488 nasis-avom.

243 1528 368 1595 Sed
429 1530 788 1595 rectissime
856 1530 1167 1613 scriptum
1215 1538 1312 1593 est
1359 1530 1428 1593 in
1474 1526 1695 1593 eadem
1744 1530 2043 1594 concione
2090 1526 2171 1591 IV
2226 1525 2349 1591 61:
2400 1527 2450 1590 οἱ
2501 1525 2638 1591 ἐπί-

245 1650 462 1711 κλητοι
501 1637 820 1714 εὐπρεπῶς
865 1632 1057 1698 ἄδικοι
1099 1633 1374 1705 ἐλθόντες
1413 1634 1691 1710 εὐλόγως
1731 1632 2039 1712 ἄπρακτοι
2068 1633 2355 1698 ἀπίασιν.
2400 1630 2639 1697 Itidem

245 1745 356 1827 qui
424 1740 590 1807 bello
662 1740 1132 1817 occubuerunt,
1209 1739 1556 1806 secundum
1593 1785 1597 1791 -
1630 1738 1947 1807 Periclem
2018 1737 2081 1803 11
2144 1738 2232 1803 44
2300 1738 2640 1823 participes

245 1848 399 1913 facti
461 1853 611 1913 sunt
670 1854 779 1923 τῆς
843 1845 1482 1925 εὐπρεπεςοὶτης
1547 1853 1881 1931 τελευτῆς,
1944 1866 2135 1932 quam
2186 1845 2479 1930 equidem
2529 1843 2641 1907 ἐκ·

246 1952 726 2034 πρεπεςοίτη
748 1978 777 2017 ν
825 1952 1051 2017 malim
1103 1952 1346 2030 dicere,
1389 1954 1583 2019 sicuti
1618 1951 1784 2017 illud
1824 1952 2216 2019 adiectivum
2253 1959 2423 2017 recte
2462 1970 2664 2036 usur·¹

247 2065 476 2146 patum
523 2068 619 2125 est
659 2058 754 2125 111
801 2058 910 2125 55.

335 2257 645 2325 Extremo
711 2259 919 2342 capite
980 2255 1105 2322 61:
1157 2254 1343 2331 οὕτως
1392 2258 1458 2323 οὖ
1507 2258 1777 2337 πόλεμος
1826 2258 2112 2339 πολέμῳ,
2163 2258 2359 2341 εἷρήνη
2403 2255 2466 2323 δὲ
2512 2257 2643 2323 δια-

245 2364 432 2445 φοραὶ
501 2364 921 2441 ἀπραγμόνως
986 2363 1438 2444 παύονται,
1489 2364 1708 2430 futuro
1756 2370 2041 2450 tempore
2087 2385 2245 2451 opus
2291 2371 2424 2442 est,
2474 2364 2643 2450 quod
2706 2430 2713 2438 ,

245 2472 445 2537 etiam
489 2490 756 2557 sequens
803 2469 1064 2536 ἀπίασιν
1113 2470 1423 2548 declarat,
1469 2479 1533 2537 et
1574 2470 2031 2538 παύσονται
2070 2474 2435 2558 requiritur.
2486 2468 2641 2558 Cap.

249 2577 364 2643 62:
433 2578 487 2642 οἱ
550 2576 662 2654 μὲν
729 2577 850 2656 οὐχ
908 2573 1041 2642 ὅσον
1091 2579 1199 2642 οὐκ
1246 2579 1599 2655 ἠμύναντο,
1646 2579 1799 2643 ἀλλ’
1847 2578 1967 2644 οὐδ’
2021 2579 2361 2662 ἐσώθησαν,
2411 2584 2535 2652 τοῖς
2590 2578 2641 2642 δ’

243 2683 380 2750 ἀντὶ
431 2689 540 2748 τοῦ
592 2683 778 2748 πλέον
827 2681 996 2764 ἔχειν
1043 2693 1773 2762 προσ-καταλιπεῖν
1820 2685 1906 2750 τὰ
1958 2686 2157 2750 αὐτῶν
2202 2685 2466 2765 ξυνέβη,
2515 2689 2644 2750 mi-

241 2811 388 2856 rum
460 2796 561 2856 est
628 2792 698 2854 ni
766 2789 1014 2876 placere
1076 2789 1301 2856 debeat
1366 2788 2080 2882 npocxoeroeadesv,
2147 2791 2314 2878 quod
2374 2794 2531 2857 satis
2576 2812 2643 2858 se

241 2899 458 2983 ipsum
525 2895 1016 2962 commendabit.
1083 2893 1236 2982 Cap.
1301 2895 1389 2960 64
1446 2904 1543 2962 est
1604 2884 2009 2981 interpolatio
2053 2901 2119 2962 in
2169 2900 2387 2983 paucis
2432 2900 2640 2963 mani-

241 3003 423 3069 festa.
488 3003 608 3067 Καὶ
672 3010 798 3074 τοῖς
857 3001 1071 3076 ἄλλοις
1095 3049 1113 3079 ,
1182 3005 1432 3089 inquit,
1497 3002 1709 3084 δικαιῶ
1759 3001 1957 3068 ταύτό
2001 3026 2101 3081 μοι
2152 3013 2417 3080 ποιῆσαι.
2470 3002 2643 3069 Satis

243 3107 362 3174 hoc
426 3113 525 3175 est
590 3114 688 3174 et.
716 3108 870 3194 quid
930 3112 1163 3174 attinet
1223 3108 1526 3197 languide
1594 3109 1857 3176 addere:
1910 3109 2021 3192 ὑφ’
2072 3110 2238 3189 ὑμῶν
2286 3113 2487 3176 αὐτῶν
2535 3109 2639 3174 καὶ

245 3215 334 3292 μὴ
383 3215 501 3281 ὑπὸ
551 3222 667 3280 τῶν
717 3217 1027 3293 πολεμίων
1073 3221 1251 3281 τοῦτο
1305 3219 1542 3281 παθεῖν.

337 3411 496 3502 Cap.
563 3411 648 3480 '76
713 3421 864 3480 sunt
909 3417 978 3479 in
1025 3414 1288 3482 Boeotia
1331 3435 1645 3482 novarum
1693 3437 1909 3494 rerum
1957 3414 2173 3501 cupidi
2194 3462 2211 3494 ‚
2256 3417 2369 3501 qui
2416 3414 2642 3482 volunt

244 3529 599 3599 μετοιςῆναι
645 3523 748 3588 τὸν
798 3511 1021 3598 admon
1070 3522 1174 3585 καὶ
1227 3523 1287 3594 ἐς
1337 3521 1754 3600 δημοκρατίαν
1802 3519 2000 3602 ὥσπερ
2040 3524 2090 3586 οἱ
2136 3520 2441 3596 Ἀθηναῖοι
2479 3546 2518 3585 τ
2534 3521 2641 3600 ρέ-

244 3633 438 3712 ψαι,
489 3626 601 3693 sed
648 3627 997 3693 dummodo
1046 3629 1202 3694 bene
1251 3627 1542 3694 intellexi
1589 3627 1743 3714 quid
1793 3631 1959 3694 inter
2004 3619 2244 3707 τρέπειν
2292 3635 2357 3694 et
2398 3629 2642 3708 ςρέφειν

243 3735 538 3812 intersit,
600 3736 709 3819 qui
775 3735 946 3799 enim
996 3734 1322 3812 τρέπονται
1371 3733 1509 3800 loco
1557 3735 1917 3820 pelluntur.
1969 3741 2223 3802 servant
2265 3743 2481 3800 autem
2530 3737 2643 3822 qui

247 3839 621 3920 τρέφονται,
689 3838 1124 3906 commendari
1187 3841 1441 3906 debebit
1505 3839 1829 3920 ςρέψαι.
1895 3839 1965 3906 Si
2012 3861 2217 3907 novus
2264 3841 2343 3906 ab
2390 3843 2642 3929 integro

247 3967 458 4012 rerum
511 3947 796 4012 nascitur
842 3944 994 4011 ordo
1016 3993 1032 4023 ,
1083 3951 1180 4012 est
1226 3966 1300 4011 ea
1345 3945 1607 4031 quidem
1657 3948 2061 4030 καταςροφή,
2108 3968 2223 4012 nec
2265 3968 2413 4013 vero
2450 3949 2638 4026 τροπή

250 4058 314 4118 et
359 4051 604 4118 milites
651 4053 800 4117 dum
853 4059 1230 4118 exercentur
1274 4053 1640 4134 τρέφονται,
1690 4053 1799 4120 sed
1850 4054 2206 4132 τρέπονται,
2256 4073 2457 4138 quum
2500 4074 2639 4120 con·

249 4159 557 4224 iiciuntur
616 4159 681 4223 in
747 4157 994 4246 fugam.
1042 4157 1372 4234 Quantum
1421 4159 1642 4238 video,
1690 4159 2032 4225 discrimen
2081 4158 2262 4225 mille
2309 4159 2463 4225 locis
2510 4179 2641 4224 ser-

252 4273 474 4342 vatur,
527 4265 692 4352 quod
739 4267 796 4329 si
841 4286 1066 4332 verum
1115 4285 1249 4330 esse
1289 4267 1668 4349 reperietur,
1711 4268 1822 4351 qui
1860 4267 2143 4331 civitatis
2184 4272 2425 4330 statum
2471 4285 2643 4330 com-

252 4377 504 4438 mutare
549 4369 810 4458 volunt,
861 4370 1018 4438 dum
1065 4373 1282 4439 omnia
1330 4375 1639 4456 miscent,
1687 4375 1902 4439 omnia
1947 4371 2069 4440 ἅνω
2119 4373 2287 4439 κάτω
2329 4369 2639 4452 epimache,

2380 4507 2443 4560 11
