<?xml version="1.0" encoding="UTF-8"?>
<!DOCTYPE html PUBLIC "-//W3C//DTD XHTML 1.0 Transitional//EN"
    "http://www.w3.org/TR/xhtml1/DTD/xhtml1-transitional.dtd">
<html xmlns="http://www.w3.org/1999/xhtml" xml:lang="en" lang="en">
 <head>
  <title>
</title>
<meta http-equiv="Content-Type" content="text/html;charset=utf-8" />
  <meta name='ocr-system' content='tesseract 3.04.00' />
  <meta name='ocr-capabilities' content='ocr_page ocr_carea ocr_par ocr_line ocrx_word'/>
</head>
<body>
  <div class='ocr_page' id='page_1' title='image "./mnemosyne06servgoog_0926.png"; bbox 0 0 3150 5000; ppageno 0'>
   <div class='ocr_carea' id='block_1_1' title="bbox 547 240 1900 314">
    <p class='ocr_par' dir='ltr' id='par_1_1' title="bbox 547 240 1900 314">
     <span class='ocr_line' id='line_1_1' title="bbox 547 240 1900 314; baseline 0.004 -6"><span class='ocrx_word' id='word_1_1' title='bbox 547 240 679 308; x_wconf 85' lang='lat'><strong><em>446</em></strong></span> <span class='ocrx_word' id='word_1_2' title='bbox 812 308 819 314; x_wconf 84' lang='grc'><strong>,</strong></span> <span class='ocrx_word' id='word_1_3' title='bbox 1564 263 1900 314; x_wconf 72' lang='grc' dir='ltr'><strong><em>υιοκῑεισε</em></strong></span> 
     </span>
    </p>
   </div>
   <div class='ocr_carea' id='block_1_2' title="bbox 519 423 2917 4443">
    <p class='ocr_par' dir='ltr' id='par_1_2' title="bbox 541 423 2911 1156">
     <span class='ocr_line' id='line_1_2' title="bbox 629 423 2908 514; baseline -0.001 -23"><span class='ocrx_word' id='word_1_4' title='bbox 629 426 787 514; x_wconf 72' lang='lat' dir='ltr'><strong>Peg.</strong></span> <span class='ocrx_word' id='word_1_5' title='bbox 856 425 1009 492; x_wconf 87' lang='grc'><strong>239.</strong></span> <span class='ocrx_word' id='word_1_6' title='bbox 1084 427 1202 492; x_wconf 78' lang='grc' dir='ltr'><strong><em>οὔθ’</em></strong></span> <span class='ocrx_word' id='word_1_7' title='bbox 1267 423 1416 492; x_wconf 74' lang='grc' dir='ltr'><strong><em>ὅταν</em></strong></span> <span class='ocrx_word' id='word_1_8' title='bbox 1479 429 1771 508; x_wconf 75' lang='grc' dir='ltr'><strong><em>ἐμφύλιοι</em></strong></span> <span class='ocrx_word' id='word_1_9' title='bbox 1821 429 2106 510; x_wconf 76' lang='grc' dir='ltr'><strong><em>ταραχαὶ</em></strong></span> <span class='ocrx_word' id='word_1_10' title='bbox 2155 429 2224 496; x_wconf 78' lang='grc' dir='ltr'><strong><em>τὸ</em></strong></span> <span class='ocrx_word' id='word_1_11' title='bbox 2273 427 2460 494; x_wconf 84' lang='grc' dir='ltr'><strong><em>κοινὸν</em></strong></span> <span class='ocrx_word' id='word_1_12' title='bbox 2509 425 2872 506; x_wconf 66' lang='grc' dir='ltr'><strong><em>κατάσχωσι</em></strong></span> <span class='ocrx_word' id='word_1_13' title='bbox 2891 475 2908 500; x_wconf 88' lang='grc'><em>,</em></span> 
     </span>
     <span class='ocr_line' id='line_1_3' title="bbox 543 533 2910 614; baseline 0.002 -15"><span class='ocrx_word' id='word_1_14' title='bbox 543 543 690 600; x_wconf 82' lang='grc' dir='ltr'><strong><em>τῶν</em></strong></span> <span class='ocrx_word' id='word_1_15' title='bbox 752 533 967 600; x_wconf 72' lang='grc' dir='ltr'><strong><em>ἰδίων</em></strong></span> <span class='ocrx_word' id='word_1_16' title='bbox 1018 557 1046 599; x_wconf 92' lang='grc' dir='ltr'><strong><em>ο</em></strong></span> <span class='ocrx_word' id='word_1_17' title='bbox 1078 535 1264 598; x_wconf 72' lang='grc' dir='ltr'><strong><em>ἵκων</em></strong></span> <span class='ocrx_word' id='word_1_18' title='bbox 1313 534 1446 598; x_wconf 77' lang='grc' dir='ltr'><strong><em>καὶ</em></strong></span> <span class='ocrx_word' id='word_1_19' title='bbox 1497 533 2163 613; x_wconf 70' lang='grc' dir='ltr'><strong><em>ἐνδιαιτημάτων</em></strong></span> <span class='ocrx_word' id='word_1_20' title='bbox 2195 534 2358 606; x_wconf 72' lang='grc' dir='ltr'><strong><em>τὰς</em></strong></span> <span class='ocrx_word' id='word_1_21' title='bbox 2410 533 2910 614; x_wconf 69' lang='grc' dir='ltr'><strong><em>καταφυγὰς</em></strong></span> 
     </span>
     <span class='ocr_line' id='line_1_4' title="bbox 544 639 2910 728; baseline -0.002 -23"><span class='ocrx_word' id='word_1_22' title='bbox 544 639 951 722; x_wconf 68' lang='grc' dir='ltr'><strong><em>ὑπάρχειν</em></strong></span> <span class='ocrx_word' id='word_1_23' title='bbox 1001 641 1159 705; x_wconf 79' lang='grc' dir='ltr'><strong><em>τινὶ</em></strong></span> <span class='ocrx_word' id='word_1_24' title='bbox 1210 639 1708 711; x_wconf 71' lang='grc' dir='ltr'><strong><em>ἀκινδύνους.</em></strong></span> <span class='ocrx_word' id='word_1_25' title='bbox 1757 641 2198 728; x_wconf 78' lang='lat' dir='ltr'><strong>Supplendum</strong></span> <span class='ocrx_word' id='word_1_26' title='bbox 2248 643 2552 708; x_wconf 74' lang='lat' dir='ltr'><strong>arbitror:</strong></span> <span class='ocrx_word' id='word_1_27' title='bbox 2600 639 2720 712; x_wconf 73' lang='grc' dir='ltr'><strong><em>τὰς</em></strong></span> <span class='ocrx_word' id='word_1_28' title='bbox 2765 643 2910 724; x_wconf 79' lang='grc' dir='ltr'><strong><em>(κα-</em></strong></span> 
     </span>
     <span class='ocr_line' id='line_1_5' title="bbox 544 745 2910 830; baseline -0.002 -16"><span class='ocrx_word' id='word_1_29' title='bbox 544 749 989 828; x_wconf 72' lang='grc' dir='ltr'><strong><em>τασκευὰς)</em></strong></span> <span class='ocrx_word' id='word_1_30' title='bbox 1034 747 1545 828; x_wconf 71' lang='grc' dir='ltr'><strong><em>καταφυγὰς</em></strong></span> <span class='ocrx_word' id='word_1_31' title='bbox 1598 750 1652 812; x_wconf 83' lang='grc' dir='ltr'><strong>ὑ.</strong></span> <span class='ocrx_word' id='word_1_32' title='bbox 1701 772 1760 812; x_wconf 80' lang='grc' dir='ltr'><strong><em>τ.</em></strong></span> <span class='ocrx_word' id='word_1_33' title='bbox 1810 749 1990 814; x_wconf 72' lang='grc' dir='ltr'><strong><em>ἆκιν</em></strong></span> <span class='ocrx_word' id='word_1_34' title='bbox 2013 748 2301 822; x_wconf 77' lang='grc' dir='ltr'><strong><em>δύνους.</em></strong></span> <span class='ocrx_word' id='word_1_35' title='bbox 2367 745 2601 816; x_wconf 79' lang='lat' dir='ltr'><strong>Contra</strong></span> <span class='ocrx_word' id='word_1_36' title='bbox 2648 749 2910 830; x_wconf 82' lang='lat' dir='ltr'><strong>interpo-</strong></span> 
     </span>
     <span class='ocr_line' id='line_1_6' title="bbox 541 852 2910 943; baseline -0.001 -24"><span class='ocrx_word' id='word_1_37' title='bbox 541 854 748 920; x_wconf 79' lang='lat' dir='ltr'><strong>latum</strong></span> <span class='ocrx_word' id='word_1_38' title='bbox 798 854 1051 919; x_wconf 79' lang='lat' dir='ltr'><strong>videtur</strong></span> <span class='ocrx_word' id='word_1_39' title='bbox 1096 853 1265 938; x_wconf 88' lang='lat' dir='ltr'><strong>qnod</strong></span> <span class='ocrx_word' id='word_1_40' title='bbox 1309 855 1494 920; x_wconf 83' lang='lat' dir='ltr'><strong>initio</strong></span> <span class='ocrx_word' id='word_1_41' title='bbox 1540 853 1701 942; x_wconf 78' lang='lat' dir='ltr'><strong>Pag.</strong></span> <span class='ocrx_word' id='word_1_42' title='bbox 1751 855 1886 920; x_wconf 78' lang='lat'><strong><em>240</em></strong></span> <span class='ocrx_word' id='word_1_43' title='bbox 1924 855 2200 943; x_wconf 80' lang='lat' dir='ltr'><strong>legitur:</strong></span> <span class='ocrx_word' id='word_1_44' title='bbox 2241 855 2370 919; x_wconf 82' lang='grc' dir='ltr'><strong><em>οὔτ’</em></strong></span> <span class='ocrx_word' id='word_1_45' title='bbox 2411 854 2470 918; x_wconf 87' lang='grc' dir='ltr'><strong><em>ἐν</em></strong></span> <span class='ocrx_word' id='word_1_46' title='bbox 2510 857 2592 934; x_wconf 75' lang='grc' dir='ltr'><strong><em>τῷ</em></strong></span> <span class='ocrx_word' id='word_1_47' title='bbox 2631 852 2910 932; x_wconf 68' lang='grc' dir='ltr'><strong><em>ἀκινδύνῳ</em></strong></span> 
     </span>
     <span class='ocr_line' id='line_1_7' title="bbox 542 957 2911 1048; baseline -0.002 -22"><span class='ocrx_word' id='word_1_48' title='bbox 542 960 885 1040; x_wconf 70' lang='grc' dir='ltr'><strong><em>βεβηκέναι</em></strong></span> <span class='ocrx_word' id='word_1_49' title='bbox 958 961 1009 1040; x_wconf 78' lang='grc' dir='ltr'><strong><em>[θ</em></strong></span> <span class='ocrx_word' id='word_1_50' title='bbox 1027 984 1070 1023; x_wconf 89' lang='grc' dir='ltr'><strong><em>α</em></strong></span> <span class='ocrx_word' id='word_1_51' title='bbox 1089 984 1117 1038; x_wconf 91' lang='grc' dir='ltr'><strong><em>ρ</em></strong></span> <span class='ocrx_word' id='word_1_52' title='bbox 1138 985 1166 1039; x_wconf 92' lang='grc' dir='ltr'><strong><em>ρ</em></strong></span> <span class='ocrx_word' id='word_1_53' title='bbox 1186 984 1215 1023; x_wconf 89' lang='grc' dir='ltr'><strong><em>ε</em></strong></span> <span class='ocrx_word' id='word_1_54' title='bbox 1232 961 1332 1045; x_wconf 84' lang='grc' dir='ltr'><strong><em>ῒν]</em></strong></span> <span class='ocrx_word' id='word_1_55' title='bbox 1406 961 1474 1024; x_wconf 80' lang='grc' dir='ltr'><strong><em>τὸ</em></strong></span> <span class='ocrx_word' id='word_1_56' title='bbox 1536 961 2079 1040; x_wconf 73' lang='grc' dir='ltr'><strong><em>ἐπιβουλευόμενον</em></strong></span> <span class='ocrx_word' id='word_1_57' title='bbox 2097 1009 2113 1040; x_wconf 86' lang='grc'><em>,</em></span> <span class='ocrx_word' id='word_1_58' title='bbox 2175 969 2240 1026; x_wconf 81' lang='lat' dir='ltr'><strong><em>et</em></strong></span> <span class='ocrx_word' id='word_1_59' title='bbox 2299 962 2469 1046; x_wconf 87' lang='lat' dir='ltr'><strong>quod</strong></span> <span class='ocrx_word' id='word_1_60' title='bbox 2527 960 2688 1048; x_wconf 72' lang='lat' dir='ltr'><strong>Peg.</strong></span> <span class='ocrx_word' id='word_1_61' title='bbox 2751 957 2911 1024; x_wconf 79' lang='lat'>248:</span> 
     </span>
     <span class='ocr_line' id='line_1_8' title="bbox 541 1065 2097 1156; baseline 0 -25"><span class='ocrx_word' id='word_1_62' title='bbox 541 1066 714 1148; x_wconf 73' lang='grc' dir='ltr'><strong><em>παρὰ</em></strong></span> <span class='ocrx_word' id='word_1_63' title='bbox 762 1068 833 1131; x_wconf 84' lang='grc' dir='ltr'><strong><em>τὸ</em></strong></span> <span class='ocrx_word' id='word_1_64' title='bbox 879 1065 1177 1143; x_wconf 74' lang='grc' dir='ltr'><strong><em>βούλημα</em></strong></span> <span class='ocrx_word' id='word_1_65' title='bbox 1224 1071 1331 1130; x_wconf 80' lang='grc' dir='ltr'><strong><em>τοῦ</em></strong></span> <span class='ocrx_word' id='word_1_66' title='bbox 1382 1067 1510 1131; x_wconf 80' lang='grc' dir='ltr'><strong><em>θεοῦ</em></strong></span> <span class='ocrx_word' id='word_1_67' title='bbox 1560 1069 1632 1151; x_wconf 90' lang='grc' dir='ltr'><strong><em>[κ</em></strong></span> <span class='ocrx_word' id='word_1_68' title='bbox 1647 1093 1690 1131; x_wconf 91' lang='grc' dir='ltr'><strong><em>ω</em></strong></span> <span class='ocrx_word' id='word_1_69' title='bbox 1709 1081 1749 1131; x_wconf 92' lang='grc' dir='ltr'><strong><em>λ</em></strong></span> <span class='ocrx_word' id='word_1_70' title='bbox 1768 1067 1802 1134; x_wconf 92' lang='grc' dir='ltr'><strong><em>ύ</em></strong></span> <span class='ocrx_word' id='word_1_71' title='bbox 1820 1092 1848 1132; x_wconf 92' lang='grc' dir='ltr'><strong><em>ο</em></strong></span> <span class='ocrx_word' id='word_1_72' title='bbox 1865 1093 1894 1131; x_wconf 91' lang='grc' dir='ltr'><strong><em>ν</em></strong></span> <span class='ocrx_word' id='word_1_73' title='bbox 1913 1093 1951 1134; x_wconf 87' lang='grc' dir='ltr'><strong><em>τ</em></strong></span> <span class='ocrx_word' id='word_1_74' title='bbox 1968 1093 1996 1134; x_wconf 93' lang='grc' dir='ltr'><strong><em>ο</em></strong></span> <span class='ocrx_word' id='word_1_75' title='bbox 2011 1067 2097 1156; x_wconf 91' lang='grc' dir='ltr'><strong><em>ς].</em></strong></span> 
     </span>
    </p>

    <p class='ocr_par' dir='ltr' id='par_1_3' title="bbox 540 1171 2914 1365">
     <span class='ocr_line' id='line_1_9' title="bbox 631 1171 2914 1260; baseline -0.001 -22"><span class='ocrx_word' id='word_1_76' title='bbox 631 1173 791 1260; x_wconf 76' lang='lat' dir='ltr'><strong>Pag.</strong></span> <span class='ocrx_word' id='word_1_77' title='bbox 838 1171 993 1238; x_wconf 88' lang='grc'><strong>253.</strong></span> <span class='ocrx_word' id='word_1_78' title='bbox 1058 1173 1377 1252; x_wconf 76' lang='grc' dir='ltr'><strong><em>τεκμήριον</em></strong></span> <span class='ocrx_word' id='word_1_79' title='bbox 1442 1172 1505 1237; x_wconf 80' lang='grc' dir='ltr'><strong><em>δὲ</em></strong></span> <span class='ocrx_word' id='word_1_80' title='bbox 1554 1171 1769 1250; x_wconf 83' lang='grc' dir='ltr'><strong><em>τούτου</em></strong></span> <span class='ocrx_word' id='word_1_81' title='bbox 1817 1197 1926 1238; x_wconf 74' lang='grc' dir='ltr'><strong><em>πα</em></strong></span> <span class='ocrx_word' id='word_1_82' title='bbox 1943 1198 1972 1254; x_wconf 92' lang='grc' dir='ltr'><strong><em>ρ</em></strong></span> <span class='ocrx_word' id='word_1_83' title='bbox 1989 1173 2018 1238; x_wconf 84' lang='grc' dir='ltr'><strong><em>ἐ</em></strong></span> <span class='ocrx_word' id='word_1_84' title='bbox 2035 1198 2086 1255; x_wconf 80' lang='grc' dir='ltr'><em>χ</em></span> <span class='ocrx_word' id='word_1_85' title='bbox 2103 1197 2132 1239; x_wconf 88' lang='grc' dir='ltr'><strong><em>ο</em></strong></span> <span class='ocrx_word' id='word_1_86' title='bbox 2150 1200 2183 1239; x_wconf 92' lang='grc' dir='ltr'><strong><em>υ</em></strong></span> <span class='ocrx_word' id='word_1_87' title='bbox 2203 1197 2348 1238; x_wconf 90' lang='grc' dir='ltr'><strong><em>σιν.</em></strong></span> <span class='ocrx_word' id='word_1_88' title='bbox 2398 1171 2766 1238; x_wconf 86' lang='lat' dir='ltr'><strong>Admodum</strong></span> <span class='ocrx_word' id='word_1_89' title='bbox 2813 1191 2914 1236; x_wconf 73' lang='lat' dir='ltr'><strong><em>su-</em></strong></span> 
     </span>
     <span class='ocr_line' id='line_1_10' title="bbox 540 1278 1564 1365; baseline -0.004 -19"><span class='ocrx_word' id='word_1_90' title='bbox 540 1284 829 1365; x_wconf 79' lang='lat' dir='ltr'><strong>spectum</strong></span> <span class='ocrx_word' id='word_1_91' title='bbox 878 1298 989 1364; x_wconf 88' lang='lat' dir='ltr'><strong><em>pro</em></strong></span> <span class='ocrx_word' id='word_1_92' title='bbox 1035 1278 1564 1359; x_wconf 79' lang='grc' dir='ltr'><strong><em>παρέχονται.</em></strong></span> 
     </span>
    </p>

    <p class='ocr_par' dir='ltr' id='par_1_4' title="bbox 538 1383 2917 1573">
     <span class='ocr_line' id='line_1_11' title="bbox 629 1383 2917 1472; baseline -0.003 -21"><span class='ocrx_word' id='word_1_93' title='bbox 629 1387 789 1472; x_wconf 79' lang='lat' dir='ltr'>Pag.</span> <span class='ocrx_word' id='word_1_94' title='bbox 838 1383 989 1450; x_wconf 83' lang='lat'>256.</span> <span class='ocrx_word' id='word_1_95' title='bbox 1065 1386 1522 1465; x_wconf 75' lang='grc' dir='ltr'><strong><em>Φιλανθρώπους</em></strong></span> <span class='ocrx_word' id='word_1_96' title='bbox 1571 1385 1677 1450; x_wconf 75' lang='grc' dir='ltr'><strong><em>καὶ</em></strong></span> <span class='ocrx_word' id='word_1_97' title='bbox 1727 1387 2053 1459; x_wconf 72' lang='grc' dir='ltr'><strong><em>πολιτικὰς</em></strong></span> <span class='ocrx_word' id='word_1_98' title='bbox 2104 1410 2141 1448; x_wconf 91' lang='grc' dir='ltr'><strong><em>κ</em></strong></span> <span class='ocrx_word' id='word_1_99' title='bbox 2157 1412 2198 1450; x_wconf 93' lang='grc' dir='ltr'><strong><em>α</em></strong></span> <span class='ocrx_word' id='word_1_100' title='bbox 2218 1383 2670 1467; x_wconf 73' lang='grc' dir='ltr'><strong><em>τεργαζδμενος</em></strong></span> <span class='ocrx_word' id='word_1_101' title='bbox 2723 1385 2917 1448; x_wconf 81' lang='grc' dir='ltr'><strong><em>αὐτῶν</em></strong></span> 
     </span>
     <span class='ocr_line' id='line_1_12' title="bbox 538 1488 2460 1573; baseline -0.002 -15"><span class='ocrx_word' id='word_1_102' title='bbox 538 1492 655 1562; x_wconf 71' lang='grc' dir='ltr'><strong><em>τὰς</em></strong></span> <span class='ocrx_word' id='word_1_103' title='bbox 704 1488 1021 1570; x_wconf 73' lang='grc' dir='ltr'><strong>συζυγίας.</strong></span> <span class='ocrx_word' id='word_1_104' title='bbox 1075 1490 1287 1557; x_wconf 88' lang='lat' dir='ltr'><strong>Multo</strong></span> <span class='ocrx_word' id='word_1_105' title='bbox 1337 1493 1637 1557; x_wconf 76' lang='lat' dir='ltr'><strong>usitatius</strong></span> <span class='ocrx_word' id='word_1_106' title='bbox 1683 1493 1873 1558; x_wconf 85' lang='lat' dir='ltr'><strong>foret:</strong></span> <span class='ocrx_word' id='word_1_107' title='bbox 1924 1493 1967 1557; x_wconf 75' lang='grc' dir='ltr'><strong><em>οἶ</em></strong></span> <span class='ocrx_word' id='word_1_108' title='bbox 1987 1491 2460 1573; x_wconf 71' lang='grc' dir='ltr'><strong><em>περγαζόμενος.</em></strong></span> 
     </span>
    </p>

    <p class='ocr_par' dir='ltr' id='par_1_5' title="bbox 536 1595 2917 2213">
     <span class='ocr_line' id='line_1_13' title="bbox 630 1595 2916 1686; baseline -0.002 -22"><span class='ocrx_word' id='word_1_109' title='bbox 630 1599 791 1686; x_wconf 85' lang='lat' dir='ltr'><strong>Pag.</strong></span> <span class='ocrx_word' id='word_1_110' title='bbox 855 1595 1008 1663; x_wconf 88' lang='grc'><strong>286.</strong></span> <span class='ocrx_word' id='word_1_111' title='bbox 1080 1599 1156 1670; x_wconf 81' lang='grc' dir='ltr'><strong><em>ὥς</em></strong></span> <span class='ocrx_word' id='word_1_112' title='bbox 1218 1599 1505 1677; x_wconf 76' lang='grc' dir='ltr'><strong><em>ἐρωτικῶν</em></strong></span> <span class='ocrx_word' id='word_1_113' title='bbox 1566 1623 1637 1662; x_wconf 85' lang='grc' dir='ltr'><strong><em>τε</em></strong></span> <span class='ocrx_word' id='word_1_114' title='bbox 1700 1597 1940 1679; x_wconf 78' lang='grc' dir='ltr'><strong><em>οἴστρων</em></strong></span> <span class='ocrx_word' id='word_1_115' title='bbox 2005 1599 2493 1678; x_wconf 76' lang='grc' dir='ltr'><strong><em>ἐλευθερώσοντες</em></strong></span> <span class='ocrx_word' id='word_1_116' title='bbox 2557 1595 2704 1667; x_wconf 82' lang='grc' dir='ltr'><strong><em>τοὺς</em></strong></span> <span class='ocrx_word' id='word_1_117' title='bbox 2753 1596 2916 1674; x_wconf 75' lang='grc' dir='ltr'><strong><em>βίςυς</em></strong></span> 
     </span>
     <span class='ocr_line' id='line_1_14' title="bbox 538 1702 2916 1788; baseline -0.001 -20"><span class='ocrx_word' id='word_1_118' title='bbox 538 1706 641 1770; x_wconf 78' lang='grc' dir='ltr'><strong><em>καὶ</em></strong></span> <span class='ocrx_word' id='word_1_119' title='bbox 694 1702 779 1784; x_wconf 73' lang='grc' dir='ltr'><em>ζὴ</em></span> <span class='ocrx_word' id='word_1_120' title='bbox 798 1719 899 1786; x_wconf 62' lang='lat' dir='ltr'><strong><em>Aa</em></strong></span> <span class='ocrx_word' id='word_1_121' title='bbox 921 1730 948 1767; x_wconf 93' lang='grc' dir='ltr'><strong><em>ν</em></strong></span> <span class='ocrx_word' id='word_1_122' title='bbox 993 1705 1036 1767; x_wconf 75' lang='grc' dir='ltr'><strong><em>οξ</em></strong></span> <span class='ocrx_word' id='word_1_123' title='bbox 1056 1719 1093 1768; x_wconf 95' lang='grc' dir='ltr'><strong><em>λ</em></strong></span> <span class='ocrx_word' id='word_1_124' title='bbox 1110 1717 1149 1766; x_wconf 96' lang='grc' dir='ltr'><strong><em>λ</em></strong></span> <span class='ocrx_word' id='word_1_125' title='bbox 1171 1728 1206 1778; x_wconf 76' lang='lat' dir='ltr'><strong>n</strong></span> <span class='ocrx_word' id='word_1_126' title='bbox 1224 1719 1262 1766; x_wconf 87' lang='lat' dir='ltr'>A</span> <span class='ocrx_word' id='word_1_127' title='bbox 1280 1727 1362 1767; x_wconf 89' lang='grc' dir='ltr'><strong><em>οκ</em></strong></span> <span class='ocrx_word' id='word_1_128' title='bbox 1379 1704 1464 1768; x_wconf 82' lang='grc' dir='ltr'><strong><em>τό</em></strong></span> <span class='ocrx_word' id='word_1_129' title='bbox 1483 1728 1510 1766; x_wconf 90' lang='grc' dir='ltr'><strong><em>ν</em></strong></span> <span class='ocrx_word' id='word_1_130' title='bbox 1528 1729 1571 1766; x_wconf 88' lang='grc' dir='ltr'><strong><em>ω</em></strong></span> <span class='ocrx_word' id='word_1_131' title='bbox 1588 1729 1616 1767; x_wconf 92' lang='grc' dir='ltr'><strong><em>ν</em></strong></span> <span class='ocrx_word' id='word_1_132' title='bbox 1660 1703 2058 1782; x_wconf 79' lang='grc' dir='ltr'><strong><em>ἐξελούμενοι.</em></strong></span> <span class='ocrx_word' id='word_1_133' title='bbox 2109 1705 2286 1774; x_wconf 88' lang='lat' dir='ltr'><strong><em>Num</em></strong></span> <span class='ocrx_word' id='word_1_134' title='bbox 2320 1713 2490 1770; x_wconf 83' lang='lat' dir='ltr'><strong>recte</strong></span> <span class='ocrx_word' id='word_1_135' title='bbox 2528 1703 2656 1768; x_wconf 84' lang='lat' dir='ltr'><strong>dici</strong></span> <span class='ocrx_word' id='word_1_136' title='bbox 2686 1709 2916 1788; x_wconf 80' lang='lat' dir='ltr'><strong>potest:</strong></span> 
     </span>
     <span class='ocr_line' id='line_1_15' title="bbox 536 1804 2917 1896; baseline -0.003 -20"><span class='ocrx_word' id='word_1_137' title='bbox 536 1811 671 1876; x_wconf 80' lang='grc' dir='ltr'><strong><em>τὸν</em></strong></span> <span class='ocrx_word' id='word_1_138' title='bbox 734 1810 915 1888; x_wconf 80' lang='grc' dir='ltr'><strong><em>βίον</em></strong></span> <span class='ocrx_word' id='word_1_139' title='bbox 976 1809 1218 1890; x_wconf 74' lang='grc' dir='ltr'><strong><em>ζήλου</em></strong></span> <span class='ocrx_word' id='word_1_140' title='bbox 1282 1807 1796 1888; x_wconf 74' lang='grc' dir='ltr'><strong><em>ἐξαιρεῖσθαι</em></strong></span> <span class='ocrx_word' id='word_1_141' title='bbox 1860 1829 2007 1896; x_wconf 86' lang='lat' dir='ltr'><strong>pro:</strong></span> <span class='ocrx_word' id='word_1_142' title='bbox 2071 1812 2360 1876; x_wconf 82' lang='lat' dir='ltr'><strong>invidiam</strong></span> <span class='ocrx_word' id='word_1_143' title='bbox 2421 1833 2452 1874; x_wconf 82' lang='lat' dir='ltr'><strong>e</strong></span> <span class='ocrx_word' id='word_1_144' title='bbox 2497 1810 2628 1874; x_wconf 76' lang='lat' dir='ltr'><strong><em>vita</em></strong></span> <span class='ocrx_word' id='word_1_145' title='bbox 2675 1804 2917 1873; x_wconf 73' lang='lat' dir='ltr'><strong><em>tollere?</em></strong></span> 
     </span>
     <span class='ocr_line' id='line_1_16' title="bbox 536 1915 2914 2000; baseline -0.001 -20"><span class='ocrx_word' id='word_1_146' title='bbox 536 1915 821 2000; x_wconf 86' lang='lat' dir='ltr'><strong>Repone:</strong></span> <span class='ocrx_word' id='word_1_147' title='bbox 876 1915 915 1996; x_wconf 87' lang='grc' dir='ltr'><em>ζ</em></span> <span class='ocrx_word' id='word_1_148' title='bbox 928 1924 961 1989; x_wconf 81' lang='grc' dir='ltr'><strong><em>ἥ</em></strong></span> <span class='ocrx_word' id='word_1_149' title='bbox 980 1929 1019 1978; x_wconf 95' lang='grc' dir='ltr'><strong><em>λ</em></strong></span> <span class='ocrx_word' id='word_1_150' title='bbox 1039 1939 1065 1977; x_wconf 93' lang='grc' dir='ltr'><strong><em>ο</em></strong></span> <span class='ocrx_word' id='word_1_151' title='bbox 1086 1939 1114 1976; x_wconf 89' lang='grc' dir='ltr'><strong><em>ν</em></strong></span> <span class='ocrx_word' id='word_1_152' title='bbox 1162 1918 1205 1978; x_wconf 72' lang='grc' dir='ltr'><strong><em>αἱ</em></strong></span> <span class='ocrx_word' id='word_1_153' title='bbox 1224 1929 1262 1978; x_wconf 90' lang='lat' dir='ltr'>A</span> <span class='ocrx_word' id='word_1_154' title='bbox 1279 1930 1318 1979; x_wconf 91' lang='lat' dir='ltr'>A</span> <span class='ocrx_word' id='word_1_155' title='bbox 1335 1941 1368 1990; x_wconf 81' lang='lat' dir='ltr'><strong>n</strong></span> <span class='ocrx_word' id='word_1_156' title='bbox 1390 1931 1428 1980; x_wconf 89' lang='lat' dir='ltr'>A</span> <span class='ocrx_word' id='word_1_157' title='bbox 1445 1939 1473 1980; x_wconf 88' lang='grc' dir='ltr'><strong><em>ο</em></strong></span> <span class='ocrx_word' id='word_1_158' title='bbox 1491 1939 1527 1979; x_wconf 90' lang='grc' dir='ltr'><strong><em>κ</em></strong></span> <span class='ocrx_word' id='word_1_159' title='bbox 1543 1940 1583 1979; x_wconf 88' lang='grc' dir='ltr'><strong><em>τ</em></strong></span> <span class='ocrx_word' id='word_1_160' title='bbox 1599 1915 1630 1980; x_wconf 84' lang='grc' dir='ltr'><em>ό</em></span> <span class='ocrx_word' id='word_1_161' title='bbox 1645 1941 1718 1982; x_wconf 89' lang='grc' dir='ltr'><strong><em>νο</em></strong></span> <span class='ocrx_word' id='word_1_162' title='bbox 1736 1942 1784 1982; x_wconf 93' lang='grc' dir='ltr'><strong><em>ν.</em></strong></span> <span class='ocrx_word' id='word_1_163' title='bbox 1836 1915 2071 1982; x_wconf 72' lang='lat' dir='ltr'><strong>Contra</strong></span> <span class='ocrx_word' id='word_1_164' title='bbox 2108 1917 2440 1998; x_wconf 72' lang='lat' dir='ltr'><strong>yenetivum</strong></span> <span class='ocrx_word' id='word_1_165' title='bbox 2465 1917 2776 2000; x_wconf 78' lang='lat' dir='ltr'><em>pluralem</em></span> <span class='ocrx_word' id='word_1_166' title='bbox 2815 1933 2914 2000; x_wconf 85' lang='lat' dir='ltr'><strong><em>pro</em></strong></span> 
     </span>
     <span class='ocr_line' id='line_1_17' title="bbox 536 2021 2912 2112; baseline -0.001 -26"><span class='ocrx_word' id='word_1_167' title='bbox 536 2023 869 2086; x_wconf 68' lang='lat' dir='ltr'><strong><em>accusativo</em></strong></span> <span class='ocrx_word' id='word_1_168' title='bbox 954 2022 1255 2102; x_wconf 72' lang='lat' dir='ltr'><strong><em>sinqulari</em></strong></span> <span class='ocrx_word' id='word_1_169' title='bbox 1339 2022 1750 2106; x_wconf 80' lang='lat' dir='ltr'><strong>praetulerim</strong></span> <span class='ocrx_word' id='word_1_170' title='bbox 1837 2026 1902 2087; x_wconf 90' lang='lat' dir='ltr'><strong>in</strong></span> <span class='ocrx_word' id='word_1_171' title='bbox 1983 2023 2140 2112; x_wconf 82' lang='lat' dir='ltr'><strong>Pag.</strong></span> <span class='ocrx_word' id='word_1_172' title='bbox 2207 2021 2378 2087; x_wconf 80' lang='lat'>288:</span> <span class='ocrx_word' id='word_1_173' title='bbox 2428 2021 2807 2098; x_wconf 81' lang='grc' dir='ltr'><strong><em>τιμιώτατόν</em></strong></span> <span class='ocrx_word' id='word_1_174' title='bbox 2851 2045 2912 2084; x_wconf 85' lang='grc' dir='ltr'><strong><em>τε</em></strong></span> 
     </span>
     <span class='ocr_line' id='line_1_18' title="bbox 537 2125 2910 2213; baseline -0.001 -21"><span class='ocrx_word' id='word_1_175' title='bbox 537 2151 678 2207; x_wconf 82' lang='grc' dir='ltr'><strong><em>καρ</em></strong></span> <span class='ocrx_word' id='word_1_176' title='bbox 696 2153 743 2192; x_wconf 81' lang='grc' dir='ltr'>π</span> <span class='ocrx_word' id='word_1_177' title='bbox 760 2135 801 2192; x_wconf 80' lang='grc' dir='ltr'><strong><em>ὦ</em></strong></span> <span class='ocrx_word' id='word_1_178' title='bbox 824 2153 852 2190; x_wconf 89' lang='grc' dir='ltr'><strong><em>ν</em></strong></span> <span class='ocrx_word' id='word_1_179' title='bbox 894 2129 1032 2213; x_wconf 88' lang='lat' dir='ltr'><strong>(pro</strong></span> <span class='ocrx_word' id='word_1_180' title='bbox 1074 2151 1109 2190; x_wconf 85' lang='grc' dir='ltr'><strong><em>κ</em></strong></span> <span class='ocrx_word' id='word_1_181' title='bbox 1128 2153 1167 2189; x_wconf 92' lang='grc' dir='ltr'><strong><em>α</em></strong></span> <span class='ocrx_word' id='word_1_182' title='bbox 1188 2153 1215 2204; x_wconf 94' lang='grc' dir='ltr'><strong><em>ρ</em></strong></span> <span class='ocrx_word' id='word_1_183' title='bbox 1237 2127 1331 2191; x_wconf 77' lang='grc' dir='ltr'><strong><em>πό</em></strong></span> <span class='ocrx_word' id='word_1_184' title='bbox 1350 2130 1406 2212; x_wconf 87' lang='grc' dir='ltr'><strong><em>ν)</em></strong></span> <span class='ocrx_word' id='word_1_185' title='bbox 1448 2128 1550 2192; x_wconf 78' lang='grc' dir='ltr'><strong><em>καὶ</em></strong></span> <span class='ocrx_word' id='word_1_186' title='bbox 1596 2130 2013 2207; x_wconf 68' lang='grc' dir='ltr'><strong><em>ἀρχαιότατον</em></strong></span> <span class='ocrx_word' id='word_1_187' title='bbox 2051 2125 2205 2193; x_wconf 85' lang='grc' dir='ltr'><strong><em>εἶναι</em></strong></span> <span class='ocrx_word' id='word_1_188' title='bbox 2236 2128 2576 2210; x_wconf 77' lang='grc' dir='ltr'><strong><em>νομίζοντες</em></strong></span> <span class='ocrx_word' id='word_1_189' title='bbox 2602 2129 2728 2200; x_wconf 76' lang='grc' dir='ltr'><strong><em>τὰς</em></strong></span> <span class='ocrx_word' id='word_1_190' title='bbox 2757 2127 2910 2208; x_wconf 82' lang='grc' dir='ltr'><strong><em>ζέας.</em></strong></span> 
     </span>
    </p>

    <p class='ocr_par' dir='ltr' id='par_1_6' title="bbox 536 2232 2908 2426">
     <span class='ocr_line' id='line_1_19' title="bbox 628 2232 2908 2320; baseline -0.001 -22"><span class='ocrx_word' id='word_1_191' title='bbox 628 2234 786 2320; x_wconf 78' lang='lat' dir='ltr'><strong>Pag.</strong></span> <span class='ocrx_word' id='word_1_192' title='bbox 836 2233 986 2297; x_wconf 79' lang='lat'><strong>293.</strong></span> <span class='ocrx_word' id='word_1_193' title='bbox 1056 2234 1331 2310; x_wconf 71' lang='grc' dir='ltr'><strong><em>καθάπερ</em></strong></span> <span class='ocrx_word' id='word_1_194' title='bbox 1398 2234 1527 2297; x_wconf 77' lang='grc' dir='ltr'><strong><em>ἐπὶ</em></strong></span> <span class='ocrx_word' id='word_1_195' title='bbox 1578 2236 1872 2299; x_wconf 80' lang='grc' dir='ltr'><strong><em>Μαλλίου</em></strong></span> <span class='ocrx_word' id='word_1_196' title='bbox 1920 2235 2302 2312; x_wconf 72' lang='grc' dir='ltr'><strong><em>Τορκουάτου</em></strong></span> <span class='ocrx_word' id='word_1_197' title='bbox 2351 2236 2452 2298; x_wconf 78' lang='grc' dir='ltr'><strong><em>καὶ</em></strong></span> <span class='ocrx_word' id='word_1_198' title='bbox 2505 2242 2754 2298; x_wconf 81' lang='grc' dir='ltr'><strong><em>πολλῶν</em></strong></span> <span class='ocrx_word' id='word_1_199' title='bbox 2800 2232 2908 2298; x_wconf 74' lang='grc' dir='ltr'><strong><em>ἄλ·</em></strong></span> 
     </span>
     <span class='ocr_line' id='line_1_20' title="bbox 536 2339 2867 2426; baseline -0.001 -22"><span class='ocrx_word' id='word_1_200' title='bbox 536 2355 655 2404; x_wconf 90' lang='grc' dir='ltr'><strong><em>λων</em></strong></span> <span class='ocrx_word' id='word_1_201' title='bbox 698 2340 1201 2418; x_wconf 75' lang='grc' dir='ltr'><strong><em>παρειλήφαμεν.</em></strong></span> <span class='ocrx_word' id='word_1_202' title='bbox 1250 2339 1419 2406; x_wconf 80' lang='lat' dir='ltr'><strong>Nota</strong></span> <span class='ocrx_word' id='word_1_203' title='bbox 1464 2361 1562 2404; x_wconf 82' lang='lat' dir='ltr'><strong><em>res</em></strong></span> <span class='ocrx_word' id='word_1_204' title='bbox 1612 2341 1742 2404; x_wconf 76' lang='grc' dir='ltr'><strong><em>ἐπὶ</em></strong></span> <span class='ocrx_word' id='word_1_205' title='bbox 1793 2347 1858 2405; x_wconf 86' lang='lat' dir='ltr'><strong><em>et</em></strong></span> <span class='ocrx_word' id='word_1_206' title='bbox 1905 2367 1952 2404; x_wconf 82' lang='grc' dir='ltr'>π</span> <span class='ocrx_word' id='word_1_207' title='bbox 1972 2366 2000 2404; x_wconf 83' lang='grc' dir='ltr'><strong><em>ε</em></strong></span> <span class='ocrx_word' id='word_1_208' title='bbox 2019 2342 2090 2418; x_wconf 76' lang='lat' dir='ltr'><strong><em>pl</em></strong></span> <span class='ocrx_word' id='word_1_209' title='bbox 2136 2343 2502 2426; x_wconf 79' lang='lat' dir='ltr'>saepissime</span> <span class='ocrx_word' id='word_1_210' title='bbox 2547 2340 2867 2406; x_wconf 80' lang='lat' dir='ltr'><strong>confundi.</strong></span> 
     </span>
    </p>

    <p class='ocr_par' dir='ltr' id='par_1_7' title="bbox 532 2443 2904 2640">
     <span class='ocr_line' id='line_1_21' title="bbox 625 2443 2904 2533; baseline 0.003 -24"><span class='ocrx_word' id='word_1_211' title='bbox 625 2445 782 2533; x_wconf 79' lang='lat' dir='ltr'>Pag.</span> <span class='ocrx_word' id='word_1_212' title='bbox 833 2443 985 2510; x_wconf 78' lang='lat'><strong>296.</strong></span> <span class='ocrx_word' id='word_1_213' title='bbox 1040 2443 1553 2533; x_wconf 84' lang='lat' dir='ltr'><strong>Expungendum</strong></span> <span class='ocrx_word' id='word_1_214' title='bbox 1605 2455 1732 2513; x_wconf 83' lang='lat' dir='ltr'><strong>est:</strong></span> <span class='ocrx_word' id='word_1_215' title='bbox 1785 2448 2004 2522; x_wconf 74' lang='grc' dir='ltr'><strong><em>εἰδώς</em></strong></span> <span class='ocrx_word' id='word_1_216' title='bbox 2026 2500 2042 2533; x_wconf 84' lang='grc'><strong><em>,</em></strong></span> <span class='ocrx_word' id='word_1_217' title='bbox 2091 2467 2239 2513; x_wconf 84' lang='lat' dir='ltr'><strong><em>nam</em></strong></span> <span class='ocrx_word' id='word_1_218' title='bbox 2291 2447 2904 2515; x_wconf 76' lang='grc' dir='ltr'><strong><em>ὀλισθαίνοντες</em></strong></span> 
     </span>
     <span class='ocr_line' id='line_1_22' title="bbox 532 2551 2719 2640; baseline -0.001 -21"><span class='ocrx_word' id='word_1_219' title='bbox 532 2574 729 2639; x_wconf 83' lang='lat' dir='ltr'><strong>aeque</strong></span> <span class='ocrx_word' id='word_1_220' title='bbox 772 2574 843 2619; x_wconf 84' lang='lat' dir='ltr'><strong><em>ac</em></strong></span> <span class='ocrx_word' id='word_1_221' title='bbox 890 2551 1615 2633; x_wconf 73' lang='grc' dir='ltr'><strong><em>παραγινομένους</em></strong></span> <span class='ocrx_word' id='word_1_222' title='bbox 1663 2573 1700 2618; x_wconf 79' lang='lat' dir='ltr'><strong>a</strong></span> <span class='ocrx_word' id='word_1_223' title='bbox 1745 2574 1900 2619; x_wconf 81' lang='lat' dir='ltr'><strong>voce</strong></span> <span class='ocrx_word' id='word_1_224' title='bbox 1944 2554 2127 2633; x_wconf 82' lang='grc' dir='ltr'><strong><em>ὁρῶν</em></strong></span> <span class='ocrx_word' id='word_1_225' title='bbox 2172 2575 2545 2640; x_wconf 76' lang='lat' dir='ltr'><strong>suspensum</strong></span> <span class='ocrx_word' id='word_1_226' title='bbox 2597 2559 2719 2619; x_wconf 81' lang='lat' dir='ltr'><strong>est.</strong></span> 
     </span>
    </p>

    <p class='ocr_par' dir='ltr' id='par_1_8' title="bbox 527 2656 2905 3384">
     <span class='ocr_line' id='line_1_23' title="bbox 621 2656 2904 2747; baseline -0.001 -24"><span class='ocrx_word' id='word_1_227' title='bbox 621 2659 780 2747; x_wconf 81' lang='lat' dir='ltr'>Pag.</span> <span class='ocrx_word' id='word_1_228' title='bbox 848 2656 998 2723; x_wconf 81' lang='lat'>320.</span> <span class='ocrx_word' id='word_1_229' title='bbox 1072 2658 1332 2723; x_wconf 82' lang='lat' dir='ltr'><strong>Tatium</strong></span> <span class='ocrx_word' id='word_1_230' title='bbox 1397 2658 1734 2724; x_wconf 80' lang='lat' dir='ltr'><strong>eonsilium</strong></span> <span class='ocrx_word' id='word_1_231' title='bbox 1797 2662 2017 2725; x_wconf 80' lang='lat' dir='ltr'><strong>iniisse</strong></span> <span class='ocrx_word' id='word_1_232' title='bbox 2079 2681 2117 2726; x_wconf 77' lang='lat' dir='ltr'><strong>a</strong></span> <span class='ocrx_word' id='word_1_233' title='bbox 2159 2658 2391 2727; x_wconf 82' lang='lat' dir='ltr'><strong>Pisone</strong></span> <span class='ocrx_word' id='word_1_234' title='bbox 2438 2660 2742 2737; x_wconf 77' lang='lat' dir='ltr'><strong>traditur,</strong></span> <span class='ocrx_word' id='word_1_235' title='bbox 2792 2677 2904 2743; x_wconf 92' lang='lat' dir='ltr'><strong><em>quo</em></strong></span> 
     </span>
     <span class='ocr_line' id='line_1_24' title="bbox 532 2762 2900 2851; baseline -0.002 -20"><span class='ocrx_word' id='word_1_236' title='bbox 532 2787 610 2831; x_wconf 84' lang='lat' dir='ltr'><strong><em>ex</em></strong></span> <span class='ocrx_word' id='word_1_237' title='bbox 649 2770 834 2850; x_wconf 81' lang='lat' dir='ltr'><strong>pacto</strong></span> <span class='ocrx_word' id='word_1_238' title='bbox 874 2784 1051 2829; x_wconf 81' lang='lat' dir='ltr'><strong>arma</strong></span> <span class='ocrx_word' id='word_1_239' title='bbox 1084 2762 1389 2849; x_wconf 21' lang='lat' dir='ltr'><strong>‘Tarpeiae</strong></span> <span class='ocrx_word' id='word_1_240' title='bbox 1430 2764 1703 2829; x_wconf 77' lang='lat' dir='ltr'><strong>traderet</strong></span> <span class='ocrx_word' id='word_1_241' title='bbox 1740 2766 2033 2851; x_wconf 83' lang='lat' dir='ltr'><strong>quidem,</strong></span> <span class='ocrx_word' id='word_1_242' title='bbox 2077 2765 2185 2831; x_wconf 76' lang='lat' dir='ltr'><strong><em>sed</em></strong></span> <span class='ocrx_word' id='word_1_243' title='bbox 2225 2786 2413 2831; x_wconf 82' lang='lat' dir='ltr'><strong>usum</strong></span> <span class='ocrx_word' id='word_1_244' title='bbox 2455 2767 2772 2831; x_wconf 81' lang='lat' dir='ltr'><strong>adimeret</strong></span> <span class='ocrx_word' id='word_1_245' title='bbox 2809 2764 2900 2827; x_wconf 79' lang='grc' dir='ltr'><strong><em>καὶ</em></strong></span> 
     </span>
     <span class='ocr_line' id='line_1_25' title="bbox 531 2868 2905 2953; baseline -0.002 -17"><span class='ocrx_word' id='word_1_246' title='bbox 531 2896 574 2936; x_wconf 90' lang='grc' dir='ltr'><strong><em>α</em></strong></span> <span class='ocrx_word' id='word_1_247' title='bbox 594 2874 627 2936; x_wconf 83' lang='grc' dir='ltr'><strong><em>ύ</em></strong></span> <span class='ocrx_word' id='word_1_248' title='bbox 644 2870 777 2936; x_wconf 83' lang='grc' dir='ltr'><strong><em>τίκ</em></strong></span> <span class='ocrx_word' id='word_1_249' title='bbox 794 2896 834 2934; x_wconf 89' lang='grc' dir='ltr'><strong><em>α</em></strong></span> <span class='ocrx_word' id='word_1_250' title='bbox 905 2870 1357 2947; x_wconf 70' lang='grc' dir='ltr'><strong><em>διατεινάμενον</em></strong></span> <span class='ocrx_word' id='word_1_251' title='bbox 1420 2873 1494 2942; x_wconf 82' lang='grc' dir='ltr'><strong><em>ὥς</em></strong></span> <span class='ocrx_word' id='word_1_252' title='bbox 1545 2872 1836 2946; x_wconf 70' lang='grc' dir='ltr'><strong><em>μάλιστα</em></strong></span> <span class='ocrx_word' id='word_1_253' title='bbox 1885 2874 2101 2953; x_wconf 80' lang='grc' dir='ltr'><strong><em>ἰσχύος</em></strong></span> <span class='ocrx_word' id='word_1_254' title='bbox 2151 2868 2290 2951; x_wconf 80' lang='grc' dir='ltr'><strong><em>εἶχε</em></strong></span> <span class='ocrx_word' id='word_1_255' title='bbox 2336 2877 2516 2953; x_wconf 75' lang='grc' dir='ltr'><strong><em>ῥῖψαι</em></strong></span> <span class='ocrx_word' id='word_1_256' title='bbox 2564 2874 2668 2936; x_wconf 82' lang='grc' dir='ltr'><strong><em>τὸν</em></strong></span> <span class='ocrx_word' id='word_1_257' title='bbox 2721 2871 2905 2949; x_wconf 77' lang='grc' dir='ltr'><strong><em>θυρεὸν</em></strong></span> 
     </span>
     <span class='ocr_line' id='line_1_26' title="bbox 531 2974 2899 3064; baseline -0.002 -22"><span class='ocrx_word' id='word_1_258' title='bbox 531 2980 701 3043; x_wconf 75' lang='grc' dir='ltr'><strong><em>κατα</em></strong></span> <span class='ocrx_word' id='word_1_259' title='bbox 740 2985 847 3053; x_wconf 77' lang='grc' dir='ltr'><strong><em>τῆς</em></strong></span> <span class='ocrx_word' id='word_1_260' title='bbox 892 2978 1061 3054; x_wconf 76' lang='grc' dir='ltr'><strong><em>κόρης</em></strong></span> <span class='ocrx_word' id='word_1_261' title='bbox 1104 2976 1207 3039; x_wconf 72' lang='grc' dir='ltr'><strong><em>καὶ</em></strong></span> <span class='ocrx_word' id='word_1_262' title='bbox 1242 2986 1372 3049; x_wconf 82' lang='grc' dir='ltr'><strong><em>τοῖς</em></strong></span> <span class='ocrx_word' id='word_1_263' title='bbox 1400 2974 1617 3049; x_wconf 73' lang='grc' dir='ltr'><strong><em>ἄλλοις</em></strong></span> <span class='ocrx_word' id='word_1_264' title='bbox 1645 2979 2232 3055; x_wconf 75' lang='grc' dir='ltr'><strong><em>παρακελεύσασθαι</em></strong></span> <span class='ocrx_word' id='word_1_265' title='bbox 2277 2978 2341 3064; x_wconf 89' lang='grc' dir='ltr'><strong><em>[τ</em></strong></span> <span class='ocrx_word' id='word_1_266' title='bbox 2359 3002 2401 3041; x_wconf 94' lang='grc' dir='ltr'><strong><em>α</em></strong></span> <span class='ocrx_word' id='word_1_267' title='bbox 2419 2980 2452 3041; x_wconf 84' lang='grc' dir='ltr'><em>ὖ</em></span> <span class='ocrx_word' id='word_1_268' title='bbox 2473 2978 2558 3043; x_wconf 84' lang='grc' dir='ltr'><strong><em>τὸ</em></strong></span> <span class='ocrx_word' id='word_1_269' title='bbox 2600 3002 2647 3040; x_wconf 75' lang='grc' dir='ltr'><strong><em>π·</em></strong></span> <span class='ocrx_word' id='word_1_270' title='bbox 2667 3002 2696 3041; x_wconf 95' lang='grc' dir='ltr'><strong><em>ο</em></strong></span> <span class='ocrx_word' id='word_1_271' title='bbox 2717 3002 2734 3040; x_wconf 92' lang='grc' dir='ltr'><strong><em>ι</em></strong></span> <span class='ocrx_word' id='word_1_272' title='bbox 2753 2980 2899 3053; x_wconf 76' lang='grc' dir='ltr'><strong><em>εἶν].</em></strong></span> 
     </span>
     <span class='ocr_line' id='line_1_27' title="bbox 527 3083 2900 3170; baseline -0.001 -22"><span class='ocrx_word' id='word_1_273' title='bbox 527 3083 653 3150; x_wconf 89' lang='lat' dir='ltr'><strong><em>Pro</em></strong></span> <span class='ocrx_word' id='word_1_274' title='bbox 722 3111 763 3148; x_wconf 88' lang='grc' dir='ltr'><strong><em>α</em></strong></span> <span class='ocrx_word' id='word_1_275' title='bbox 786 3085 819 3148; x_wconf 82' lang='grc' dir='ltr'><strong>ὖ</strong></span> <span class='ocrx_word' id='word_1_276' title='bbox 838 3084 913 3149; x_wconf 77' lang='grc' dir='ltr'><strong><em>τί</em></strong></span> <span class='ocrx_word' id='word_1_277' title='bbox 929 3109 964 3147; x_wconf 86' lang='grc' dir='ltr'><strong><em>κ</em></strong></span> <span class='ocrx_word' id='word_1_278' title='bbox 986 3110 1027 3146; x_wconf 88' lang='grc' dir='ltr'><strong><em>α</em></strong></span> <span class='ocrx_word' id='word_1_279' title='bbox 1049 3132 1067 3167; x_wconf 84' lang='grc'><em>,</em></span> <span class='ocrx_word' id='word_1_280' title='bbox 1137 3084 1304 3169; x_wconf 87' lang='lat' dir='ltr'><strong>quod</strong></span> <span class='ocrx_word' id='word_1_281' title='bbox 1367 3103 1620 3168; x_wconf 81' lang='lat' dir='ltr'><strong>prorsus</strong></span> <span class='ocrx_word' id='word_1_282' title='bbox 1685 3084 2075 3170; x_wconf 80' lang='lat' dir='ltr'><strong>superfluum</strong></span> <span class='ocrx_word' id='word_1_283' title='bbox 2149 3084 2423 3161; x_wconf 78' lang='lat' dir='ltr'><strong>videtur,</strong></span> <span class='ocrx_word' id='word_1_284' title='bbox 2503 3086 2900 3168; x_wconf 81' lang='lat' dir='ltr'><strong>oppositum:</strong></span> 
     </span>
     <span class='ocr_line' id='line_1_28' title="bbox 527 3185 2898 3275; baseline -0.003 -20"><span class='ocrx_word' id='word_1_285' title='bbox 527 3185 873 3261; x_wconf 72' lang='grc' dir='ltr'><strong><em>καὶτοῖς</em></strong></span> <span class='ocrx_word' id='word_1_286' title='bbox 917 3188 1207 3261; x_wconf 75' lang='grc' dir='ltr'><strong><em>ἄλλοις</em></strong></span> <span class='ocrx_word' id='word_1_287' title='bbox 1247 3190 2048 3269; x_wconf 79' lang='grc' dir='ltr'><strong><em>παρακελεύσασθαι</em></strong></span> <span class='ocrx_word' id='word_1_288' title='bbox 2087 3194 2301 3275; x_wconf 83' lang='lat' dir='ltr'><strong>potius</strong></span> <span class='ocrx_word' id='word_1_289' title='bbox 2339 3190 2516 3255; x_wconf 82' lang='lat' dir='ltr'><strong>ducit</strong></span> <span class='ocrx_word' id='word_1_290' title='bbox 2540 3188 2622 3255; x_wconf 84' lang='lat' dir='ltr'><strong><em>ad</em></strong></span> <span class='ocrx_word' id='word_1_291' title='bbox 2661 3186 2898 3253; x_wconf 77' lang='grc' dir='ltr'><strong><em>αὐτόν</em></strong></span> 
     </span>
     <span class='ocr_line' id='line_1_29' title="bbox 527 3293 2661 3384; baseline 0 -24"><span class='ocrx_word' id='word_1_292' title='bbox 527 3320 565 3360; x_wconf 83' lang='grc' dir='ltr'><strong><em>τ</em></strong></span> <span class='ocrx_word' id='word_1_293' title='bbox 584 3320 646 3372; x_wconf 87' lang='grc' dir='ltr'><strong><em>ε,</em></strong></span> <span class='ocrx_word' id='word_1_294' title='bbox 696 3295 902 3361; x_wconf 87' lang='lat' dir='ltr'><strong>deleto</strong></span> <span class='ocrx_word' id='word_1_295' title='bbox 950 3295 1116 3381; x_wconf 86' lang='lat' dir='ltr'><strong>quod</strong></span> <span class='ocrx_word' id='word_1_296' title='bbox 1167 3296 1397 3360; x_wconf 77' lang='lat' dir='ltr'><strong>misere</strong></span> <span class='ocrx_word' id='word_1_297' title='bbox 1444 3293 1740 3384; x_wconf 82' lang='lat' dir='ltr'><strong>languet,</strong></span> <span class='ocrx_word' id='word_1_298' title='bbox 1794 3296 1860 3361; x_wconf 92' lang='lat' dir='ltr'><strong>in</strong></span> <span class='ocrx_word' id='word_1_299' title='bbox 1908 3294 2031 3362; x_wconf 84' lang='lat' dir='ltr'><strong><em>fine</em></strong></span> <span class='ocrx_word' id='word_1_300' title='bbox 2075 3297 2328 3361; x_wconf 77' lang='grc' dir='ltr'><strong><em>ταύτὸ</em></strong></span> <span class='ocrx_word' id='word_1_301' title='bbox 2377 3302 2661 3361; x_wconf 72' lang='grc' dir='ltr'><strong><em>ποιεῖν.</em></strong></span> 
     </span>
    </p>

    <p class='ocr_par' dir='ltr' id='par_1_9' title="bbox 523 3398 2896 3593">
     <span class='ocr_line' id='line_1_30' title="bbox 616 3398 2896 3489; baseline -0 -24"><span class='ocrx_word' id='word_1_302' title='bbox 616 3402 775 3489; x_wconf 82' lang='lat' dir='ltr'><strong>Pag.</strong></span> <span class='ocrx_word' id='word_1_303' title='bbox 843 3400 996 3466; x_wconf 88' lang='grc'><strong>323.</strong></span> <span class='ocrx_word' id='word_1_304' title='bbox 1067 3403 1149 3479; x_wconf 75' lang='grc' dir='ltr'><strong><em>τῷ</em></strong></span> <span class='ocrx_word' id='word_1_305' title='bbox 1213 3400 1275 3465; x_wconf 79' lang='grc' dir='ltr'><strong><em>δὲ</em></strong></span> <span class='ocrx_word' id='word_1_306' title='bbox 1341 3424 1502 3479; x_wconf 82' lang='grc' dir='ltr'><strong><em>καμ</em></strong></span> <span class='ocrx_word' id='word_1_307' title='bbox 1522 3401 1554 3467; x_wconf 77' lang='grc' dir='ltr'><em>ὁ</em></span> <span class='ocrx_word' id='word_1_308' title='bbox 1570 3426 1600 3465; x_wconf 90' lang='grc' dir='ltr'><strong><em>ν</em></strong></span> <span class='ocrx_word' id='word_1_309' title='bbox 1619 3424 1693 3465; x_wconf 88' lang='grc' dir='ltr'><strong><em>τι</em></strong></span> <span class='ocrx_word' id='word_1_310' title='bbox 1756 3402 1862 3466; x_wconf 79' lang='grc' dir='ltr'><strong><em>καὶ</em></strong></span> <span class='ocrx_word' id='word_1_311' title='bbox 1931 3400 2284 3484; x_wconf 80' lang='grc' dir='ltr'><strong><em>διωκομένῳ.</em></strong></span> <span class='ocrx_word' id='word_1_312' title='bbox 2343 3400 2654 3486; x_wconf 86' lang='lat' dir='ltr'><strong>Requiro:</strong></span> <span class='ocrx_word' id='word_1_313' title='bbox 2705 3426 2744 3465; x_wconf 90' lang='grc' dir='ltr'><strong><em>κ</em></strong></span> <span class='ocrx_word' id='word_1_314' title='bbox 2763 3398 2896 3477; x_wconf 70' lang='grc' dir='ltr'><strong><em>άμ-</em></strong></span> 
     </span>
     <span class='ocr_line' id='line_1_31' title="bbox 523 3508 1205 3593; baseline 0 -21"><span class='ocrx_word' id='word_1_315' title='bbox 523 3532 776 3584; x_wconf 83' lang='grc' dir='ltr'><strong><em>νοντι,</em></strong></span> <span class='ocrx_word' id='word_1_316' title='bbox 824 3514 901 3572; x_wconf 88' lang='lat' dir='ltr'><strong><em>ut</em></strong></span> <span class='ocrx_word' id='word_1_317' title='bbox 947 3508 1205 3593; x_wconf 67' lang='lat' dir='ltr'><strong>passim·</strong></span> 
     </span>
    </p>

    <p class='ocr_par' dir='ltr' id='par_1_10' title="bbox 519 3610 2892 4115">
     <span class='ocr_line' id='line_1_32' title="bbox 612 3610 2892 3700; baseline -0.002 -23"><span class='ocrx_word' id='word_1_318' title='bbox 612 3613 772 3700; x_wconf 80' lang='lat' dir='ltr'><strong>Pag.</strong></span> <span class='ocrx_word' id='word_1_319' title='bbox 826 3610 977 3678; x_wconf 83' lang='lat'><strong>335.</strong></span> <span class='ocrx_word' id='word_1_320' title='bbox 1052 3612 1155 3676; x_wconf 81' lang='grc' dir='ltr'><strong><em>καὶ</em></strong></span> <span class='ocrx_word' id='word_1_321' title='bbox 1204 3612 1321 3684; x_wconf 72' lang='grc' dir='ltr'><strong><em>τὰς</em></strong></span> <span class='ocrx_word' id='word_1_322' title='bbox 1371 3611 1658 3695; x_wconf 53' lang='lat' dir='ltr'><strong><em>&lt;plaia-pac,-</em></strong></span> <span class='ocrx_word' id='word_1_323' title='bbox 1709 3662 1724 3677; x_wconf 92' lang='lat'><strong><em>.</em></strong></span> <span class='ocrx_word' id='word_1_324' title='bbox 1753 3663 1768 3677; x_wconf 90' lang='lat'><strong>.</strong></span> <span class='ocrx_word' id='word_1_325' title='bbox 1798 3665 1813 3680; x_wconf 92' lang='lat'>.</span> <span class='ocrx_word' id='word_1_326' title='bbox 1843 3661 1857 3676; x_wconf 92' lang='lat'><em>.</em></span> <span class='ocrx_word' id='word_1_327' title='bbox 1917 3614 2265 3691; x_wconf 76' lang='grc' dir='ltr'><strong><em>ἐπωνύμους</em></strong></span> <span class='ocrx_word' id='word_1_328' title='bbox 2312 3618 2456 3679; x_wconf 81' lang='grc' dir='ltr'><strong><em>τῶν</em></strong></span> <span class='ocrx_word' id='word_1_329' title='bbox 2500 3618 2892 3690; x_wconf 71' lang='grc' dir='ltr'><strong><em>γυναικῶν</em></strong></span> 
     </span>
     <span class='ocr_line' id='line_1_33' title="bbox 521 3714 2889 3806; baseline -0.002 -23"><span class='ocrx_word' id='word_1_330' title='bbox 521 3727 809 3793; x_wconf 76' lang='grc' dir='ltr'><strong><em>ποιῆσαι·</em></strong></span> <span class='ocrx_word' id='word_1_331' title='bbox 854 3718 1167 3791; x_wconf 79' lang='grc' dir='ltr'><strong><em>τοσαύτας</em></strong></span> <span class='ocrx_word' id='word_1_332' title='bbox 1212 3720 1338 3798; x_wconf 75' lang='grc' dir='ltr'><strong><em>γὰρ</em></strong></span> <span class='ocrx_word' id='word_1_333' title='bbox 1380 3714 1534 3783; x_wconf 82' lang='grc' dir='ltr'><strong><em>εἶναι</em></strong></span> <span class='ocrx_word' id='word_1_334' title='bbox 1576 3726 1643 3800; x_wconf 75' lang='lat'><strong><em>[7</em></strong></span> <span class='ocrx_word' id='word_1_335' title='bbox 1664 3745 1697 3784; x_wconf 88' lang='grc' dir='ltr'><strong><em>υ</em></strong></span> <span class='ocrx_word' id='word_1_336' title='bbox 1717 3746 1746 3786; x_wconf 90' lang='grc' dir='ltr'><strong><em>ν</em></strong></span> <span class='ocrx_word' id='word_1_337' title='bbox 1763 3745 1807 3786; x_wconf 90' lang='grc' dir='ltr'><strong><em>α</em></strong></span> <span class='ocrx_word' id='word_1_338' title='bbox 1823 3727 1901 3784; x_wconf 84' lang='grc' dir='ltr'><strong><em>ῖκ</em></strong></span> <span class='ocrx_word' id='word_1_339' title='bbox 1918 3745 1961 3785; x_wconf 91' lang='grc' dir='ltr'><strong><em>α</em></strong></span> <span class='ocrx_word' id='word_1_340' title='bbox 1979 3723 2044 3806; x_wconf 89' lang='grc' dir='ltr'><strong><em>ς]</em></strong></span> <span class='ocrx_word' id='word_1_341' title='bbox 2076 3720 2194 3794; x_wconf 74' lang='grc' dir='ltr'><strong><em>τὰς</em></strong></span> <span class='ocrx_word' id='word_1_342' title='bbox 2221 3720 2889 3801; x_wconf 71' lang='grc' dir='ltr'><strong><em>ἐπιπρεσβευσαμένας.</em></strong></span> 
     </span>
     <span class='ocr_line' id='line_1_34' title="bbox 520 3823 2888 3913; baseline -0.002 -22"><span class='ocrx_word' id='word_1_343' title='bbox 520 3823 825 3891; x_wconf 77' lang='lat' dir='ltr'><strong>Deleatur</strong></span> <span class='ocrx_word' id='word_1_344' title='bbox 891 3824 1209 3911; x_wconf 79' lang='lat' dir='ltr'><strong>glossema</strong></span> <span class='ocrx_word' id='word_1_345' title='bbox 1269 3825 1668 3891; x_wconf 84' lang='lat' dir='ltr'><strong>incommode</strong></span> <span class='ocrx_word' id='word_1_346' title='bbox 1718 3829 2185 3913; x_wconf 83' lang='lat' dir='ltr'><strong>interpositum.</strong></span> <span class='ocrx_word' id='word_1_347' title='bbox 2236 3827 2392 3892; x_wconf 84' lang='lat' dir='ltr'><strong><em>Mox</em></strong></span> <span class='ocrx_word' id='word_1_348' title='bbox 2441 3847 2549 3910; x_wconf 88' lang='lat' dir='ltr'><strong><em>pro</em></strong></span> <span class='ocrx_word' id='word_1_349' title='bbox 2597 3851 2647 3891; x_wconf 79' lang='grc' dir='ltr'><strong><em>π·</em></strong></span> <span class='ocrx_word' id='word_1_350' title='bbox 2665 3852 2706 3891; x_wconf 92' lang='grc' dir='ltr'><strong><em>α</em></strong></span> <span class='ocrx_word' id='word_1_351' title='bbox 2727 3842 2762 3889; x_wconf 85' lang='grc' dir='ltr'><strong><em>λ</em></strong></span> <span class='ocrx_word' id='word_1_352' title='bbox 2784 3823 2888 3887; x_wconf 83' lang='grc' dir='ltr'><strong><em>αι’-</em></strong></span> 
     </span>
     <span class='ocr_line' id='line_1_35' title="bbox 519 3928 2884 4019; baseline -0.001 -24"><span class='ocrx_word' id='word_1_353' title='bbox 519 3930 702 4012; x_wconf 77' lang='grc' dir='ltr'><strong><em>τερό</em></strong></span> <span class='ocrx_word' id='word_1_354' title='bbox 720 3955 748 3993; x_wconf 93' lang='grc' dir='ltr'><strong><em>ν</em></strong></span> <span class='ocrx_word' id='word_1_355' title='bbox 814 3954 852 3994; x_wconf 85' lang='grc' dir='ltr'><strong><em>τ</em></strong></span> <span class='ocrx_word' id='word_1_356' title='bbox 873 3954 901 3993; x_wconf 91' lang='grc' dir='ltr'><strong><em>ε</em></strong></span> <span class='ocrx_word' id='word_1_357' title='bbox 962 3930 1163 4007; x_wconf 74' lang='grc' dir='ltr'><strong><em>λέγων</em></strong></span> <span class='ocrx_word' id='word_1_358' title='bbox 1231 3950 1458 4015; x_wconf 84' lang='lat' dir='ltr'><strong>repone</strong></span> <span class='ocrx_word' id='word_1_359' title='bbox 1505 3931 1671 4015; x_wconf 87' lang='lat' dir='ltr'><strong>qnod</strong></span> <span class='ocrx_word' id='word_1_360' title='bbox 1717 3930 2025 4019; x_wconf 79' lang='lat' dir='ltr'><strong>Dionysio</strong></span> <span class='ocrx_word' id='word_1_361' title='bbox 2072 3932 2377 3998; x_wconf 76' lang='lat' dir='ltr'><strong>soliemne</strong></span> <span class='ocrx_word' id='word_1_362' title='bbox 2423 3938 2554 3998; x_wconf 80' lang='lat' dir='ltr'><strong>est:</strong></span> <span class='ocrx_word' id='word_1_363' title='bbox 2605 3957 2710 3997; x_wconf 73' lang='grc' dir='ltr'><strong><em>πα</em></strong></span> <span class='ocrx_word' id='word_1_364' title='bbox 2732 3947 2769 3996; x_wconf 92' lang='grc' dir='ltr'><strong><em>λ</em></strong></span> <span class='ocrx_word' id='word_1_365' title='bbox 2789 3928 2884 3995; x_wconf 84' lang='grc' dir='ltr'><strong><em>αι’-</em></strong></span> 
     </span>
     <span class='ocr_line' id='line_1_36' title="bbox 520 4036 932 4115; baseline -0.002 -14"><span class='ocrx_word' id='word_1_366' title='bbox 520 4061 559 4101; x_wconf 89' lang='grc' dir='ltr'><strong><em>τ</em></strong></span> <span class='ocrx_word' id='word_1_367' title='bbox 578 4062 606 4101; x_wconf 91' lang='grc' dir='ltr'><strong><em>ε</em></strong></span> <span class='ocrx_word' id='word_1_368' title='bbox 623 4062 653 4115; x_wconf 94' lang='grc' dir='ltr'><strong><em>ρ</em></strong></span> <span class='ocrx_word' id='word_1_369' title='bbox 670 4060 696 4101; x_wconf 91' lang='grc' dir='ltr'><strong><em>ο</em></strong></span> <span class='ocrx_word' id='word_1_370' title='bbox 716 4063 745 4101; x_wconf 91' lang='grc' dir='ltr'><strong><em>ν</em></strong></span> <span class='ocrx_word' id='word_1_371' title='bbox 793 4036 822 4101; x_wconf 83' lang='grc' dir='ltr'>ἔ</span> <span class='ocrx_word' id='word_1_372' title='bbox 840 4060 877 4099; x_wconf 89' lang='grc' dir='ltr'><strong><em>τ</em></strong></span> <span class='ocrx_word' id='word_1_373' title='bbox 892 4061 932 4100; x_wconf 90' lang='grc' dir='ltr'><strong><em>ι.</em></strong></span> 
     </span>
    </p>

    <p class='ocr_par' dir='ltr' id='par_1_11' title="bbox 522 4138 2882 4443">
     <span class='ocr_line' id='line_1_37' title="bbox 617 4138 2882 4229; baseline -0.001 -23"><span class='ocrx_word' id='word_1_374' title='bbox 617 4143 774 4229; x_wconf 75' lang='lat' dir='ltr'><strong>Peg.</strong></span> <span class='ocrx_word' id='word_1_375' title='bbox 828 4140 978 4211; x_wconf 85' lang='lat'><strong>339.</strong></span> <span class='ocrx_word' id='word_1_376' title='bbox 1031 4140 1098 4217; x_wconf 72' lang='grc' dir='ltr'><strong><em>ἐξ</em></strong></span> <span class='ocrx_word' id='word_1_377' title='bbox 1146 4138 1211 4217; x_wconf 79' lang='grc' dir='ltr'><strong><em>ἧς</em></strong></span> <span class='ocrx_word' id='word_1_378' title='bbox 1261 4142 1629 4223; x_wconf 76' lang='grc' dir='ltr'><strong><em>ὅρμηθέντας</em></strong></span> <span class='ocrx_word' id='word_1_379' title='bbox 1677 4144 1818 4209; x_wconf 83' lang='grc' dir='ltr'><strong><em>τότ</em></strong></span> <span class='ocrx_word' id='word_1_380' title='bbox 1837 4169 1866 4209; x_wconf 85' lang='grc' dir='ltr'><strong><em>ε</em></strong></span> <span class='ocrx_word' id='word_1_381' title='bbox 1915 4144 2222 4224; x_wconf 81' lang='grc' dir='ltr'><strong><em>Σαβίνους</em></strong></span> <span class='ocrx_word' id='word_1_382' title='bbox 2271 4146 2355 4218; x_wconf 77' lang='grc' dir='ltr'><strong><em>εἷς</em></strong></span> <span class='ocrx_word' id='word_1_383' title='bbox 2417 4146 2527 4215; x_wconf 66' lang='grc' dir='ltr'><strong><em>τὴν</em></strong></span> <span class='ocrx_word' id='word_1_384' title='bbox 2588 4142 2882 4215; x_wconf 72' lang='grc' dir='ltr'><strong><em>Ῥεατίνην</em></strong></span> 
     </span>
     <span class='ocr_line' id='line_1_38' title="bbox 525 4248 2875 4339; baseline -0.001 -26"><span class='ocrx_word' id='word_1_385' title='bbox 525 4249 831 4328; x_wconf 83' lang='grc' dir='ltr'><strong><em>ἐμβαλεῖν</em></strong></span> <span class='ocrx_word' id='word_1_386' title='bbox 896 4248 1293 4327; x_wconf 73' lang='grc' dir='ltr'><strong><em>Ἀβοριγίνων</em></strong></span> <span class='ocrx_word' id='word_1_387' title='bbox 1353 4250 1547 4323; x_wconf 66' lang='grc' dir='ltr'><strong><em>αὐτὴν</em></strong></span> <span class='ocrx_word' id='word_1_388' title='bbox 1609 4249 2066 4316; x_wconf 77' lang='grc' dir='ltr'><strong><em>κατοικούντων.</em></strong></span> <span class='ocrx_word' id='word_1_389' title='bbox 2129 4250 2596 4339; x_wconf 72' lang='lat' dir='ltr'><strong>Kiessling‘ius:</strong></span> <span class='ocrx_word' id='word_1_390' title='bbox 2649 4248 2875 4317; x_wconf 82' lang='lat' dir='ltr'><strong>‘malim</strong></span> 
     </span>
     <span class='ocr_line' id='line_1_39' title="bbox 522 4355 2561 4443; baseline 0.001 -22"><span class='ocrx_word' id='word_1_391' title='bbox 522 4355 715 4422; x_wconf 62' lang='lat' dir='ltr'><strong><em>voa-⁸¹⁹.</em></strong></span> <span class='ocrx_word' id='word_1_392' title='bbox 786 4355 957 4421; x_wconf 87' lang='lat' dir='ltr'><strong>Mihi</strong></span> <span class='ocrx_word' id='word_1_393' title='bbox 1005 4357 1217 4440; x_wconf 80' lang='lat' dir='ltr'><strong>potius</strong></span> <span class='ocrx_word' id='word_1_394' title='bbox 1264 4356 1404 4421; x_wconf 82' lang='grc' dir='ltr'><strong><em>τότε</em></strong></span> <span class='ocrx_word' id='word_1_395' title='bbox 1454 4363 1594 4442; x_wconf 80' lang='lat' dir='ltr'><strong>post</strong></span> <span class='ocrx_word' id='word_1_396' title='bbox 1642 4359 1832 4433; x_wconf 68' lang='grc' dir='ltr'><strong><em>αὐτὴν</em></strong></span> <span class='ocrx_word' id='word_1_397' title='bbox 1880 4356 2238 4443; x_wconf 83' lang='lat' dir='ltr'><strong>ponendum</strong></span> <span class='ocrx_word' id='word_1_398' title='bbox 2289 4358 2561 4424; x_wconf 83' lang='lat' dir='ltr'><strong>videtur.</strong></span> 
     </span>
    </p>
   </div>
   <div class='ocr_carea' id='block_1_3' title="bbox 3115 2662 3126 3380">
    <p class='ocr_par' dir='ltr' id='par_1_12' title="bbox 3115 2662 3126 3380">
     <span class='ocr_line' id='line_1_40' title="bbox 3115 2662 3126 3380; baseline 0 0"><span class='ocrx_word' id='word_1_399' title='bbox 3115 2662 3126 3380; x_wconf 95' lang='lat' dir='ltr'><strong><em> </em></strong></span> 
     </span>
    </p>
   </div>
  </div>
 </body>
</html>
