3150 5000
1237 258 1662 310 mummuli.
2515 236 2640 303 157

273 424 398 491 καὶ
428 424 629 507 ,περὶ
676 424 958 505 ὄρθρον.
1007 424 1249 491 Deinde
1295 447 1350 492 o.
1407 424 1569 493 124:
1620 434 1733 501 τῆς
1772 423 2014 501 Μένδης
2058 423 2643 505 περιορώμενος

260 534 346 611 μὴ
411 538 528 599 τῶν
603 532 934 607 ’Λθηναίων
1001 533 1283 614 πρότερον
1347 531 1859 599 ἐπιπλευσάντων
1916 536 1981 597 τί
2038 532 2203 612 πάθῃ
2218 578 2235 609 ,
2298 533 2450 598 novi
2496 552 2645 598 sane

261 645 534 707 veterem
575 638 916 705 lectionem
957 660 1090 705 esse
1132 638 1558 719 περιορώμενος
1577 686 1596 717 ,
1637 659 1828 726 quam
1870 641 2068 705 etiam
2109 639 2394 705 enotavit
2429 658 2644 725 gram·

259 745 562 830 metiens,
604 748 787 811 cuius
825 748 1036 831 copias
1073 745 1344 812 Photius
1384 745 1798 832 compilavit,
1840 746 1947 811 sod
1993 752 2304 831 quantum
2340 747 2643 831 comperi,

257 853 635 917 constructio
669 851 959 918 inaudita
982 856 1078 917 est
1102 856 1166 918 et
1187 851 1416 917 malim
1439 860 1548 927 τῆς
1575 850 1818 927 Μένδης
1859 875 1908 916 π
1924 850 1953 915 ἐ
1968 875 1998 931 ρ
2017 875 2034 915 ι
2081 857 2137 934 φ
2158 874 2186 917 ο
2206 850 2256 930 β
2272 874 2300 917 ο
2321 852 2354 917 ύ
2374 874 2425 929 μ
2444 874 2473 915 ε
2492 876 2521 915 ν
2540 874 2568 915 ο
2588 874 2640 923 ς.

345 1060 501 1151 Cap.
552 1060 681 1129 126
727 1083 874 1128 vera
914 1061 1106 1129 lectio
1153 1062 1351 1129 simul
1393 1066 1655 1131 inventa
1692 1069 1792 1130 est
1830 1068 1895 1129 et
1932 1063 2215 1129 nondum
2241 1069 2337 1129 est
2360 1065 2642 1131 inventa.

255 1169 420 1237 Sunt
467 1190 693 1256 parum
740 1167 1068 1235 intellecta
1113 1170 1344 1236 verba=
1391 1172 1442 1237 oi
1491 1174 1765 1236 τοιοῦτοι·
1795 1168 1972 1252 ὄχλοι
2022 1178 2146 1244 τοῖς
2187 1170 2301 1248 μὲν
2342 1172 2451 1245 τὴν
2492 1171 2647 1251 πρῶ·

254 1302 362 1353 την
435 1276 648 1356 ἔφοδον
707 1274 1059 1352 δεξαμένοις
1121 1274 1360 1341 ἄπωθεν
1422 1282 1720 1349 ἀπειλαῖς
1784 1276 1853 1342 τὸ
1916 1275 2183 1355 ἀνδρεῖον
2230 1277 2641 1354 μελλήσει

255 1385 694 1459 ἑπικομποῦσιν
716 1406 730 1419 ·
793 1384 1008 1447 omnia
1068 1388 1283 1448 tamen
1349 1384 1504 1449 bene
1565 1404 1631 1449 se
1691 1383 1929 1449 habent
1989 1390 2237 1469 praeter
2294 1383 2643 1449 absurdum

254 1488 418 1555 illud
482 1491 801 1566 μελλήσει.
873 1486 1336 1554 Herwerdenus
1400 1490 1625 1554 Mnem.
1674 1488 1813 1555 XII
1865 1489 1994 1556 1¹70
2042 1491 2401 1576 suspicatur
2444 1488 2645 1558 latere

253 1594 645 1662 adiectivum
725 1593 1034 1671 ματαίαις
1119 1593 1223 1659 vel
1291 1593 1507 1660 simile
1576 1595 1771 1681 quid,
1843 1603 2179 1682 postquam
2250 1595 2640 1680 reliquorum

254 1701 596 1769 verborum
637 1699 978 1767 lectionem
1021 1706 1094 1764 ut
1133 1698 1431 1778 firmaret,
1473 1703 1606 1765 iam
1648 1700 2002 1769 contulerat
2042 1700 2313 1767 Dionem
2350 1698 2644 1768 Cassium

254 1806 546 1872 XXXIX
610 1806 736 1871 45:
803 1807 854 1871 οἱ
919 1806 1134 1871 πολλοὶ
1199 1813 1314 1871 τῶν
1361 1806 1699 1887 βαρβάρων
1749 1808 1809 1872 ἐν
1855 1816 1999 1881 ταῖς
2048 1808 2343 1881 ἀπειλαῖς
2396 1811 2523 1873 πᾶν
2575 1808 2645 1873 τὸ

252 1914 522 1995 Φοβερὸν
591 1914 979 1985 διακενῆς
1044 1914 1502 1990 ε’πιιιομποῦσιν.
1566 1912 1690 1979 Sed
1752 1915 1907 1980 haec
1955 1917 2093 2001 ipsa
2137 1917 2451 2000 scriptura
2496 1937 2647 1984 vera

256 2034 352 2086 est
422 2028 490 2086 et
550 2018 913 2107 Thucydidi
975 2018 1203 2084 itidem
1267 2019 1565 2085 reddam:
1616 2022 1685 2084 τὸ
1734 2021 1999 2099 ἀνδρεῖον
2046 2021 2181 2086 διὰ
2229 2030 2463 2097 κενῆς
2508 2024 2647 2087 ἑπι-

253 2130 615 2205 κομποῦσιν.
665 2124 848 2191 Nihil
886 2128 1125 2189 mirum
1165 2131 1295 2202 est,
1338 2126 1488 2191 hinc
1525 2146 1659 2191 esse
1694 2133 1897 2193 ortam
1934 2128 2315 2213 scripturam
2342 2128 2645 2204 μελλήσει

251 2238 316 2299 et
387 2235 657 2317 scriptor
723 2234 858 2317 ipse
921 2252 1109 2316 supra
1183 2232 1476 2299 dederat:
1549 2236 1585 2309 ἧ
1657 2232 1761 2299 διὰ
1826 2241 2002 2309 κενῆς
2068 2232 2462 2306 ἐπανασεισις
2527 2237 2644 2300 τῶν

252 2334 484 2406 ὅπλων.

341 2542 616 2608 Insolito
679 2561 854 2606 more
917 2541 1129 2608 editur
1175 2564 1229 2610 o.
1277 2541 1442 2609 127:
1493 2543 1991 2620 νομίσαντες
2038 2542 2303 2623 φεύγειν
2348 2569 2419 2610 τε
2462 2544 2649 2611 αὑτὸν

250 2649 358 2715 καὶ
425 2645 908 2725 καταλαβόντες
970 2647 1354 2729 διαφθερεῖν·
1419 2647 1715 2714 Solemus
1775 2650 1895 2715 hoc
1957 2656 2124 2716 certe
2172 2650 2489 2735 appellare
2536 2651 2651 2716 ε’λ-

252 2755 674 2826 πίσαντες.
758 2752 999 2818 Deinde
1064 2773 1188 2820 non
1253 2753 1552 2842 intelligo
1613 2755 1765 2839 quid
1828 2757 1915 2821 sit
1979 2754 2071 2821 IV
2126 2756 2285 2822 128.-
2339 2761 2373 2832 ἡ
2423 2757 2650 2823 πλείων

249 2863 362 2938 ἤδη
430 2861 664 2939 ςρατιὰ
727 2865 842 2923 τῶν
891 2859 1204 2934 Ἐλλήνων
1251 2865 1391 2944 ῥᾷον
1436 2863 1627 2940 πρὸς
1678 2861 1923 2926 αὐτὸν
1973 2845 2318 2941 ἐπορεύοντο
2366 2872 2430 2930 et
2472 2886 2647 2930 com·

252 2967 491 3033 mendo
553 2965 844 3050 πρόσω,
908 2987 1056 3031 nam
1117 2965 1294 3032 nulla
1339 2967 1503 3031 mihi
1549 2967 1776 3034 idonea
1822 2988 2009 3034 causa
2056 2989 2189 3035 esse
2238 2970 2495 3037 videtur
2538 2993 2651 3038 cur

251 3075 510 3142 credam
587 3072 1032 3160 Thucydidem
1101 3091 1224 3137 non
1291 3093 1597 3159 usurpare
1656 3075 1940 3160 potuisse
2002 3074 2377 3143 adverbium
2397 3127 2415 3157 ‚
2481 3078 2648 3163 quod

255 3181 426 3268 apud
479 3179 772 3266 aequales
819 3179 1112 3264 frequens
1158 3187 1274 3244 est.

1174 3331 1769 3416 (mmmmm).

445 3482 1090 3563 Amstelodami‚

347 3595 412 3662 d.
463 3590 554 3660 28
601 3612 694 3660 m.
738 3589 915 3679 Sept.
967 3588 1166 3657 1885.
