3150 5000
491 201 624 268 332

486 3043 846 3113 178-185
871 3068 953 3095 =
974 3042 1054 3109 λδ

489 3149 844 3217 186--189
870 3174 951 3201 =
973 3164 1048 3215 λε
1098 3153 1110 3236 Ι

487 3361 844 3430 190-197
867 3389 949 3415 =
971 3378 1053 3433 λς

491 3470 842 3538 198-201
867 3494 950 3523 =
973 3468 1058 3553 λζ
1092 3472 1105 3556 Ι

485 4211 845 4282 202--209
871 4236 953 4263 =
976 4228 1053 4289 λη
1098 4288 1119 4306 ‚

487 4316 845 4387 210-217
867 4342 948 4369 =
966 4320 1040 4383 λθ

1463 225 1725 277 ansatus
1768 225 1901 276 mo.

1148 395 1418 478 tumque
1455 394 1720 478 periisse
1756 397 2037 478 apparet.
2084 391 2407 458 Incertum
2446 395 2721 458 tantum
2762 395 2887 468 eet,

1147 500 1503 584 supersitne
1567 497 1917 565 seeundum
1978 505 2043 566 et
2086 500 2435 584 septimum
2480 518 2569 563 an
2620 499 2891 563 tertium

1149 609 1552 690 sextumque.
1600 604 1931 670 Foliorum
1978 605 2267 670 ordinem
2312 604 2549 670 addam
2588 623 2728 689 quo
2770 600 2893 668 ele-

1145 713 1280 776 riue
1327 731 1427 776 res
1474 715 1811 797 apparente

1150 815 1324 882 1—8
1371 819 1564 902 periit
2140 815 2315 882 1-8
2358 818 2561 903 periit

1145 921 1498 988 2—7=f.
1547 921 1702 1003 176,
1748 920 1875 989 177
2001 927 2115 989 eut
2138 921 2317 989 2-7
2363 925 2565 1008 periit

1147 1027 1323 1094 3--6
1370 1031 1562 1115 periit.
2133 1028 2487 1096 3-6=f.
2540 1030 2712 1118 176,
2765 1029 2889 1098 177

1148 1134 1326 1200 4-5
1375 1137 1566 1220 periit
2134 1136 2314 1202 4—5
2361 1140 2563 1224 periit

1143 1240 1566 1307 Posteriorem
1618 1240 1907 1308 ordinem
1954 1262 2179 1309 verum
2227 1263 2365 1310 esee
2380 1291 2397 1322 ,
2447 1247 2681 1330 itaque
2727 1244 2895 1308 inter

1145 1346 1255 1413 fol.
1325 1345 1454 1413 175
1511 1353 1578 1412 et
1640 1344 1807 1424 176,
1868 1346 2221 1432 itidemque
2264 1351 2434 1415 inter
2476 1349 2592 1415 fol.
2646 1346 2785 1416 176
2832 1351 2893 1412 et

1147 1451 1302 1530 177,
1365 1452 1636 1538 denique
1682 1454 1853 1519 inter
1897 1453 2005 1520 fol.
2058 1453 2187 1521 177
2235 1461 2302 1521 et
2350 1454 2480 1521 178
2528 1457 2695 1522 bina
2740 1453 2891 1520 folin

1149 1559 1456 1627 excidisse
1499 1558 1643 1645 (nec
1687 1579 1840 1626 vero
1887 1562 2055 1626 inter
2100 1562 2144 1626 f.
2189 1561 2319 1629 175
2360 1567 2427 1628 et
2465 1561 2603 1629 176
2647 1567 2719 1629 et
2760 1557 2889 1627 177

1146 1671 1210 1733 et
1275 1664 1405 1733 178
1469 1663 1763 1752 singula,
1830 1669 1997 1732 inter
2060 1665 2189 1733 176
2258 1674 2323 1734 et
2374 1665 2502 1735 177
2552 1667 2889 1754 quattuor)

1143 1791 1217 1837 eo
1267 1772 1738 1838 demonstretur
1785 1772 1952 1856 quod
1998 1793 2073 1838 ea
2117 1779 2296 1860 parte
2315 1822 2333 1859 ‚
2372 1793 2536 1858 quae
2574 1775 2757 1840 inter
2778 1769 2884 1837 fol.

1150 1877 1278 1944 175
1338 1885 1402 1943 et
1466 1876 1595 1944 176
1669 1881 1894 1964 periit,
1966 1901 2065 1945 ree
2124 1885 2463 1947 narrantur
2522 1902 2645 1966 per
2692 1898 2885 1946 annos

1143 1989 1444 2068 quattuor
1472 1987 1558 2070 (a.
1606 1983 1994 2071 748-752)
2018 1991 2269 2074 gestae,
2294 2007 2455 2073 quae
2478 1994 2657 2054 certe
2680 1987 2883 2072 spatio

1143 2091 1335 2156 unius
1399 2090 1538 2156 folii
1602 2090 1848 2158 absolvi
1892 2111 2014 2156 non
2062 2099 2409 2177 potuerunt
2433 2140 2450 2172 ‚
2496 2116 2653 2160 eum
2702 2113 2883 2178 prae-

1142 2199 1362 2263 sertim
1429 2217 1592 2281 quae
1651 2197 2014 2284 fragmenta
2072 2198 2267 2263 huius
2316 2202 2518 2283 partie
2566 2219 2607 2264 a
2654 2196 2880 2282 Xiphi-

1143 2301 1277 2368 lino
1318 2303 1406 2387 (p.
1462 2302 1593 2368 100
1638 2323 1732 2368 ve.
1786 2301 2137 2387 19-101,
2193 2303 2228 2367 1
2278 2303 2497 2392 Dind.)
2546 2311 2615 2372 et
2664 2307 2736 2371 in
2782 2323 2883 2370 ex·

1141 2411 1374 2493 eet-ptis
1433 2407 1795 2474 Valesianis
1857 2429 1917 2496 p.
1984 2407 2116 2475 662
2136 2457 2153 2488 ‚
2219 2416 2285 2476 et
2342 2413 2511 2497 apud
2566 2411 2877 2478 zonarum

1140 2515 1270 2601 (ed.
1311 2514 1499 2581 Dind.
1552 2516 1659 2599 ΙΙ,
1686 2514 1839 2593 447,
1884 2515 2137 2605 6—16)
2176 2519 2361 2585 nobis
2397 2524 2655 2586 servata
2694 2524 2875 2591 eunt,

1137 2623 1268 2687 iam
1351 2623 1631 2706 epatium
1723 2622 1979 2687 dimidii
2048 2622 2189 2689 folii
2259 2625 2603 2702 excedant,
2677 2640 2877 2707 neque

1143 2732 1358 2793 tamen
1419 2728 1487 2792 in
1533 2728 1637 2793 his
1683 2729 2065 2815 fragmentis
2110 2729 2460 2814 quidquem
2506 2733 2873 2799 inveniatur

1140 2833 1218 2898 de
1273 2832 1394 2898 fori
1441 2835 1725 2920 Augusti
1764 2836 2253 2922 inauguratione
2268 2884 2287 2920 ,
2328 2856 2523 2921 quem
2572 2838 2685 2903 hie
2732 2853 2871 2901 nar-

1136 2957 1307 3004 rasse
1345 2937 1615 3004 Dionem
1659 2960 1737 3004 ex
1776 2940 1985 3006 indice
2024 2941 2219 3006 huius
2251 2939 2404 3007 libri
2430 2946 2869 3030 eognovimus.

1149 3150 1487 3217 Perierunt
1550 3155 1851 3236 quattuor
1904 3149 2061 3219 folia
2123 3153 2336 3221 medie
2396 3154 2569 3221 inter
2628 3156 2676 3221 f.
2728 3146 2869 3219 187¹

1152 3264 1216 3324 et
1269 3256 1420 3323 188.
1491 3258 1564 3323 L.
1616 3256 1701 3323 55
1748 3260 1917 3325 inter
1961 3280 2011 3325 o.
2068 3256 2153 3324 33
2200 3259 2375 3327 et34.

1145 3469 1398 3537 Interiit
1435 3474 1719 3557 primum
1760 3471 1987 3540 folium
2032 3476 2219 3559 eique
2254 3474 2669 3541 coniunetum
2710 3478 2866 3543 octa·

1139 3598 1298 3643 vum
1371 3583 1434 3642 et
1505 3579 1771 3643 tertium
1842 3590 2241 3664 sextumque.
2337 3579 2589 3646 Desunt
2670 3582 2866 3669 igitur

1143 3681 1403 3769 singula
1463 3682 1619 3749 folia
1668 3682 1810 3749 Lib.
1860 3683 1979 3762 56,
2034 3683 2122 3750 22
2142 3732 2159 3762 ,
2208 3684 2253 3750 2
2300 3688 2467 3753 inter
2513 3688 2620 3752 καὶ
2670 3687 2757 3754 τό
2796 3706 2859 3748 τε

1143 3794 1208 3854 et
1270 3790 1340 3853 τὸ
1400 3790 1514 3866 μὲν
1575 3795 1844 3874 πρῶτον,
1892 3811 1946 3855 o.
1997 3790 2122 3876 24,
2174 3790 2215 3857 5
2259 3793 2427 3858 inter
2470 3792 2576 3858 καὶ
2624 3790 2719 3860 ὅτε
2766 3787 2859 3857 καὶ

1145 3901 1212 3961 et
1254 3894 1427 3973 μετὰ
1473 3894 1621 3980 τὴν,
1667 3917 1723 3961 e.
1774 3894 1898 3982 28,
1944 3895 1984 3962 6
2033 3900 2202 3963 inter
2246 3896 2490 3964 ἰδιωτῶν
2532 3900 2641 3965 καὶ
2692 3904 2754 3966 et
2796 3892 2861 3960 τό

1146 4025 1217 4066 τε
1255 4001 1579 4082 συνέδριον,
1623 4023 1675 4067 e.
1716 4000 1803 4068 32
1822 4049 1839 4080 ,
1888 4004 1921 4068 1
1972 4003 2245 4090 denique
2283 4006 2451 4071 inter
2497 4007 2700 4071 καίτοι
2748 4003 2855 4069 τὰς

1142 4112 1209 4173 et
1252 4106 1512 4190 χόντων.
