3150 5000
1252 283 1575 334 nomuws.
2149 368 2154 379 Ι
2493 261 2619 328 351

240 453 362 520 Pro
408 453 657 519 αὐτοῦ
701 451 923 539 procul
968 453 1163 520 dubio
1209 451 1675 518 restituendum
1725 456 1822 517 est
1868 447 2086 536 αὖθι,
2132 455 2198 518 et
2234 471 2350 536 pro
2387 453 2454 517 ού
2497 449 2622 533 γάρ

240 583 299 627 τι
358 558 738 650 πληγὲ-ςον
798 559 989 646 longe
1050 565 1369 645 praestare
1432 557 1598 622 mihi
1647 558 1905 626 „Videtur
1951 557 2020 622 οὔ
2066 558 2618 639 rra-Auratam,

241 665 445 732 deleta
478 667 707 734 vocula
752 667 901 746 γάρ,
948 685 1111 750 quse
1156 664 1427 730 molesta.
1471 665 1686 749 potius
1731 683 1926 750 quam
1970 666 2322 730 necessaria
2365 671 2464 730 est
2508 665 2628 731 hoc

238 772 395 838 loco.
461 771 587 839 Sed
646 772 811 838 illud
871 770 1055 852 ἔρχευ
1101 769 1419 856 quomodo
1466 772 1552 834 sit
1597 769 2046 857 corrigendum
2064 820 2083 855 ,
2130 773 2446 836 incertum
2493 777 2591 837 est
2607 793 2624 851 3

240 880 473 960 ἔρχεο
544 879 622 945 δὲ
691 881 940 960 tentavi
963 926 979 957 ‚
1052 877 1162 944 sed
1234 876 1361 944 elia
1423 897 1677 962 quoque
1737 882 2003 962 possunt
2059 879 2359 965 suggeri,
2423 899 2628 963 neque

240 985 448 1072 placet
522 1006 827 1052 versuum
902 987 1101 1050 trium
1171 983 1506 1050 exordium
1576 984 1728 1048 ἀλλ’
1798 980 1980 1064 ἔρχευ
2035 984 2224 1050 modo
2288 987 2382 1050 sic
2438 985 2629 1052 modo

242 1093 429 1160 sliter
470 1091 783 1159 refictum.

329 1302 386 1376 ψ
433 1293 601 1361 254:
649 1296 805 1360 ἀλλ’
852 1292 1127 1376 ἔρχευ,
1177 1293 1481 1374 λέκτρονδ’
1530 1292 1700 1371 ἴομεν
1749 1292 1961 1372 γύναι.

243 1401 547 1468 Sensui
592 1403 752 1468 bene
780 1401 1231 1490 consulueris,
1280 1403 1337 1467 si
1382 1401 1654 1466 scribas:

650 1509 828 1574 ἀλλὰ
875 1507 1123 1588 παρος
1170 1506 1472 1588 λέκτρονδ’
1519 1505 1691 1586 ἴομεν
1736 1505 1962 1588 γύναι,

246 1616 311 1682 id
372 1621 505 1682 est:
567 1615 677 1680 ced
723 1616 1075 1700 priusquam
1132 1616 1334 1696 lonqos
1393 1637 1545 1678 meos
1589 1636 1818 1679 errores
1863 1615 1978 1679 tibi
2022 1637 2290 1680 enarrem
2309 1663 2326 1694 ,
2374 1617 2632 1680 cubitum

246 1746 467 1788 eamus.
513 1721 821 1788 Videatur
866 1725 1218 1788 contextus.

335 1965 365 2008 ο
408 1940 573 2007 310:
624 1939 802 2007 ἄλλα
843 1963 947 2017 μοι
990 1933 1058 2004 εὖ
1098 1941 1149 2004 0·
1190 1937 1480 2005 ὑπόθευ
1520 1941 1626 2006 καὶ
1668 1935 1786 2018 ἅμ’
1826 1939 2083 2018 ἡγεμόν’
2110 1939 2322 2005 ἐσθλὸν
2344 1939 2638 2010 ὄπασσον.

250 2047 459 2114 Proba.
524 2047 731 2113 forms
798 2046 1001 2112 σύνθεο
1067 2045 1311 2134 legitur
1365 2049 1433 2111 in
1494 2048 1788 2134 proxima
1848 2047 2086 2113 vicinis
2145 2067 2241 2112 vs.
2294 2045 2426 2112 318
2443 2069 2460 2126 ;
2526 2049 2638 2114 sed

254 2153 465 2222 ὑπόθεο
524 2151 703 2222 nullo
758 2159 943 2238 pacto
988 2153 1271 2238 potuisse
1320 2159 1525 2218 metro
1572 2152 1897 2238 adaptari,
1944 2153 2151 2238 quivis
2196 2153 2394 2220 videt.
2466 2153 2638 2230 Que-

258 2270 514 2348 propter
559 2259 809 2326 medela
852 2259 1121 2325 fortusse
1170 2267 1265 2324 est
1310 2259 1582 2345 petenda
1629 2281 1707 2324 ex
1752 2257 1974 2325 Iliadis
2021 2280 2209 2324 versu

344 2379 403 2434 Λ
432 2365 599 2435 ¹788:
642 2365 791 2432 ἀλλ’
840 2367 907 2431 ἔΰ
951 2389 1027 2432 roc
1078 2365 1321 2448 φάσθαι
1382 2367 1628 2432 πυκινὸν
1677 2366 1849 2439 revoc
1897 2365 1991 2442 ἧδ’
2043 2366 2386 2432 ὑποθέσθαι.

252 2475 487 2542 Nostro
550 2494 797 2559 quoque
858 2472 1032 2557 1000,
1081 2475 1147 2539 ni
1194 2471 1403 2551 fallor,
1451 2475 1822 2561 imperativi
1864 2470 2004 2541 loco
2042 2479 2229 2560 poeta
2267 2474 2646 2543 adhibuerat

253 2584 835 2649 infinitivum.
884 2579 1053 2660 Quid
1100 2582 1155 2645 si
1201 2581 1491 2666 scripsit:

433 2688 589 2754 ἀλλ’
637 2686 705 2753 εΰ
752 2710 855 2765 μοι
902 2685 1344 2753 ὑποθέσθαι
1390 2683 1513 2765 ἅμ’
1565 2686 1823 2765 ἡγεμόν’
1871 2687 2081 2754 ἐσθλὸν
2125 2686 2468 2763 ὀπάσσας.

343 2934 386 2974 ω
436 2905 605 2973 323:
655 2906 802 2971 ἀλλ’
848 2905 988 2987 Τσχ
1006 2930 1035 2971 ε
1054 2931 1087 2970 υ
1136 2905 1473 2984 κλαυθμοῖο
1517 2902 1684 2985 γόοιό
1728 2929 1798 2971 τε
1849 2905 2264 2986 δακρυόεντος.

257 3014 493 3096 Quidni
540 3012 777 3094 ἴσχεο
824 3010 950 3078 ab?

351 3432 489 3497 Iam
544 3450 765 3496 omnes
810 3428 1291 3513 percensuimus
1335 3426 1505 3493 locos
1552 3427 1679 3491 huc
1725 3428 2132 3511 pertinentes.
2181 3424 2488 3491 Vidimus
2503 3473 2521 3501 ,
2585 3428 2652 3491 in

262 3536 461 3603 Iliade
528 3536 569 3600 d
586 3556 727 3601 uos
789 3532 1238 3599 tantummodo
1307 3553 1633 3597 occurrere
1692 3530 1863 3598 locos
1924 3539 2152 3598 senatu
2213 3530 2502 3599 difficiles
2519 3582 2537 3617 ,
2585 3534 2654 3598 in

264 3642 549 3731 Odyssea
609 3647 826 3718 octo,
888 3642 983 3706 ita
1040 3646 1256 3706 tamen
1306 3643 1382 3703 ut
1424 3639 1656 3704 horum
1703 3658 1954 3724 quoque
1999 3658 2164 3705 unus
2209 3643 2275 3705 et
2320 3638 2484 3704 alter
2528 3659 2653 3704 non

264 3748 449 3835 piune
509 3749 833 3835 depositus
894 3766 1029 3811 esse
1090 3746 1389 3813 videatur
1446 3745 1557 3811 sed
1614 3746 1721 3810 cui
1765 3766 1912 3811 cum
1961 3744 2175 3828 eliqua
2225 3744 2456 3811 fiducia
2503 3748 2656 3811 sub-

266 3858 468 3921 veniri
522 3857 743 3940 possit.
802 3852 1025 3938 Neque
1084 3854 1289 3939 igitur
1346 3853 1642 3936 conqueri
1691 3872 1806 3917 nos
1851 3850 2030 3917 decet
2048 3899 2064 3929 ,
2113 3852 2284 3937 quod
2327 3853 2654 3919 interdum

266 3962 570 4027 violatam
634 3980 965 4026 cernamus
1023 3958 1239 4046 legem
1260 4006 1277 4037 ,
1340 3960 1654 4023 sexcentis
1714 3956 1870 4023 locis
1935 3955 2205 4024 firmiter
2261 3956 2652 4043 stabilitam3

268 4068 469 4133 immo
530 4066 895 4133 mirandum
958 4070 1053 4131 est
1109 4068 1356 4150 potius,
1420 4065 1592 4150 quod
1639 4067 1704 4128 in
1752 4068 1931 4130 tants
1978 4064 2492 4130 hexametrorum
2539 4065 2654 4131 ab·

272 4176 572 4239 undantis
639 4193 765 4238 non
824 4172 1009 4259 plura
1070 4174 1463 4257 reperiantur
1522 4170 1762 4237 indicia
1819 4172 2127 4255 sequioris
2173 4173 2401 4236 aetatis
2418 4218 2435 4247 ,
2493 4191 2654 4255 quse

273 4283 479 4365 spicae
523 4279 822 4344 dictionis
868 4280 1145 4343 rationes
1178 4284 1292 4343 aut
1337 4278 1662 4365 ignoraret
1707 4283 1821 4341 aut
1866 4297 2094 4363 parum
2145 4282 2410 4343 curaret.

358 4386 489 4452 Nec
551 4406 699 4454 vero
748 4384 972 4450 dubito
1018 4386 1172 4469 quin
1219 4403 1294 4449 es
1339 4385 1557 4449 omnis
1604 4382 1974 4470 corrigenda.
2017 4384 2180 4459 sint,
2229 4382 2284 4447 si
2330 4380 2466 4449 fieri
2511 4402 2655 4467 pos-
