3150 5000
609 269 742 336 324
1574 285 1835 336 cissius
1880 285 2011 336 mo.

605 451 916 528 πομπηίου
983 448 1500 531 ἑσχηματισριένη
1560 475 1618 515 κ.
1646 475 1703 514 τ.
1732 451 1855 538 λ.),
1906 449 2274 537 glossasque
2320 457 2384 514 ct
2436 449 2642 514 varias
2686 447 2962 512 lectiones

603 577 682 622 ex
728 558 1020 644 margine
1067 559 1133 621 in
1178 561 1432 623 textum
1479 561 1764 642 receptas
1810 555 2039 640 (veluti
2081 553 2201 633 39,
2244 557 2277 619 1
2298 601 2315 633 ‚
2361 555 2403 618 4
2444 554 2757 620 Mediceus
2794 553 2962 618 habet

603 662 742 735 τούς
789 685 859 727 τε
905 663 946 703 *
969 662 1186 740 ψιλοὺς
1237 668 1302 728 et
1350 664 1417 727 in
1470 664 1763 750 margine
1810 661 1849 700 ¹*
1875 661 2097 744 φίλους
2122 709 2138 739 ,
2186 660 2541 726 Vaticanus
2585 659 2723 732 τούς
2764 684 2832 724 τε
2864 659 2961 740 φί-

601 783 744 841 λους
792 768 1036 853 ψιλούς)
1060 815 1076 846 ,
1116 768 1649 854 subscriptionem
1696 768 1965 853 denique
2010 766 2415 856 singulorum
2461 766 2771 832 librorum
2816 786 2963 831 sem·

599 896 712 961 per
757 874 1020 941 eandem
1059 877 1127 939 in
1178 879 1445 959 utroque
1493 873 1707 940 codice
1750 911 1833 922 —
1875 879 1940 939 et
1986 876 2156 959 iam,
2206 876 2275 940 ni
2318 872 2541 957 fallor,
2592 873 2755 937 mihi
2801 871 2961 936 dabis

600 971 990 1047 Vaticanum
1025 979 1265 1045 librum
1311 979 1591 1045 Medicei
1639 1000 1771 1044 esse
1817 979 2281 1066 apographum.
2352 978 2537 1044 Unde
2584 980 2865 1063 sequitur
2898 996 2959 1042 ea

598 1092 811 1170 parte,
860 1105 982 1170 qua
1031 1083 1374 1150 Vaticanus
1420 1083 1706 1151 Mediceo
1754 1087 2001 1150 auctior
2040 1090 2137 1150 est
2176 1083 2349 1164 (libri
2390 1083 2477 1150 36
2516 1085 2724 1168 capita
2761 1079 2957 1146 3-19

597 1191 736 1256 dico
798 1197 862 1254 et
917 1189 1116 1255 libros
1183 1190 1302 1268 50,
1369 1187 1615 1268 6—54)
1685 1190 1969 1254 nondum
2040 1191 2313 1255 caruisse
2382 1188 2749 1254 Mediceum
2818 1206 2958 1252 anno

601 1294 774 1360 1439
823 1301 887 1360 et
931 1295 1000 1360 in
1048 1295 1148 1360 his
1195 1295 1378 1361 libris
1422 1295 1807 1361 Vaticanum
1859 1297 2041 1361 nobis
2087 1295 2357 1361 Medicei
2394 1294 2532 1361 loco
2574 1315 2724 1360 esse.
2774 1294 2959 1375 Quare

596 1400 673 1466 de
736 1402 854 1465 hac
915 1406 1092 1486 parte
1115 1450 1132 1472 .
1198 1403 1566 1487 praesertim
1616 1401 1693 1466 de
1742 1399 2041 1467 Vaticani
2088 1401 2324 1467 codicis
2371 1402 2559 1467 initio
2604 1399 2959 1488 diligentius

594 1505 977 1572 videbimus.

685 1609 930 1676 Notum
987 1617 1086 1676 est
1131 1611 1232 1676 his
1281 1613 1595 1697 capitibus
1615 1661 1633 1696 ,
1687 1614 1917 1697 quibus
1965 1611 2223 1678 Luculli
2272 1612 2594 1699 expeditio
2640 1613 2707 1676 in
2756 1611 2959 1676 Arme-

591 1718 768 1782 niam
832 1721 1125 1782 narratur
1145 1765 1162 1796 ,
1237 1725 1568 1803 tamquam
1638 1718 1786 1783 libri
1864 1717 1949 1784 35
2020 1720 2413 1807 fragmento,
2486 1720 2566 1784 ab
2634 1719 2959 1784 editoribus

591 1823 940 1907 prioribUS,
1003 1831 1149 1889 ante
1213 1823 1408 1890 verba
1436 1869 1634 1889 .....
1683 1823 2010 1904 φείδεται·
2058 1823 2420 1896 δυναστείας
2469 1849 2539 1889 τε
2592 1825 2766 1906 ἐρῶν,
2814 1843 2955 1909 quae

590 1927 832 1994 librum
901 1927 985 1994 36
1047 1930 1566 2015 exordiebantur,
1616 1929 1831 1996 locum
1880 1930 2102 1996 datum
2150 1931 2383 2015 fuisse,
2426 1929 2797 1996 Penzelium
2842 1931 2955 2013 pri-

593 2054 777 2098 mum
845 2035 1186 2102 coniecisse
1246 2035 1401 2102 haec
1448 2036 1616 2101 inter
1665 2037 1859 2102 verba
1905 2035 2462 2118 προσχωρήσαντας
2514 2039 2593 2120 (c.
2646 2039 2679 2101 1
2734 2041 2855 2114 ex.)
2902 2039 2957 2099 et

591 2137 748 2214 λέξω
807 2139 871 2204 δὲ
920 2139 1027 2215 ἤδη
1077 2143 1158 2224 (c.
1209 2140 1297 2204 20
1343 2142 1462 2225 in.)
1509 2161 1644 2206 esse
1691 2141 2161 2228 interponenda.
2237 2140 2442 2221 Quam
2490 2144 2881 2228 opinionem,
2922 2159 2955 2204 a

589 2243 928 2330 Xiphilino
990 2253 1066 2310 ut
1129 2247 1466 2313 videbatur
1525 2244 1961 2314 confirmatam
1982 2293 1999 2322 ‚
2048 2253 2339 2325 secutus,
2388 2247 2715 2314 Bekkerus
2761 2253 2950 2312 totum
3079 2315 3080 2322 q

591 2349 802 2415 locum
851 2350 920 2415 in
967 2351 1136 2417 hunc
1185 2353 1446 2418 modum
1506 2353 1855 2437 disposuit:

683 2455 743 2521 1.
785 2455 1108 2542 Xiphilini
1147 2459 1357 2542 prima
1393 2458 1587 2525 verba
1628 2458 1718 2543 (p.
1750 2457 1823 2533 1,
1873 2455 2096 2524 6—20
2140 2455 2467 2546 Diud.)=
2491 2459 2642 2525 libri
2670 2458 2753 2525 35
2799 2458 2947 2525 finis.

677 2562 740 2627 2.
789 2610 982 2629 .....
1009 2564 1318 2645 φείδεται.
1367 2564 1733 2637 δυναστείας
1778 2588 1851 2629 τε
1897 2566 2033 2647 ἐρῶν
2086 2602 2167 2614 -
2210 2568 2776 2649 προσχωρήσαντας
2820 2566 2947 2631 Lib.

586 2666 1033 2859 363.1Xi3hil.
1089 2775 1162 2853 1,
1213 2774 1467 2853 20-2,
1523 2776 1625 2840 15

674 2880 798 2946 4..
833 2927 848 2943 .
879 2928 894 2944 .
925 2928 942 2946 .
993 2904 1098 2945 και
1149 2904 1241 2945 οτι
1291 2882 1519 2963 ἰσχυρᾷ
1567 2891 1645 2963 τῇ
1694 2881 1865 2963 τυχῃρΙ
1942 2919 1998 2931 -·
2046 2882 2341 2964 διεφθάρη
2391 2883 2511 2970 36,
2562 2884 2679 2953 3-
2701 2884 2801 2951 19.

677 2986 738 3051 5.
786 2983 944 3061 λέξω
993 2986 1054 3051 δὲ
1105 2986 1212 3063 ἤδη
1261 3007 1394 3072 sqq.
1444 3007 1497 3051 c.
1551 2986 1641 3051 20
1686 3007 1822 3072 sqq.

669 3090 854 3157 Hanc
915 3099 1132 3158 tamen
1181 3092 1697 3193 dispositionem,
1746 3113 2106 3177 quanquam
2155 3114 2192 3159 a
2238 3092 2562 3161 Dindorfio
2611 3066 2939 3181 receptam.

577 3196 927 3283 genuinam
974 3216 1098 3261 non
1146 3217 1278 3263 esse
1327 3218 1472 3265 meo
1518 3197 1779 3282 quidem
1825 3197 2063 3263 iudicio
2114 3219 2153 3263 a
2198 3199 2410 3265 codice
2459 3199 2759 3269 Vaticano
2792 3199 2947 3266 clare
3079 3254 3080 3257 η

575 3303 1069 3369 demonstratur.

663 3406 964 3473 Primum
1024 3407 1192 3473 enim
1249 3408 1318 3473 in
1365 3407 1655 3475 Mediceo
1703 3408 1952 3487 codice,
2002 3410 2112 3495 qui
2159 3410 2384 3496 incipit
2430 3412 2619 3477 hodie
2666 3434 2703 3478 a
2747 3411 2941 3479 verbis

573 3514 857 3597 φείδεται
927 3514 1288 3585 δυναστείας
1352 3538 1422 3579 τε
1474 3517 1650 3593 ἐρῶν,
1699 3521 1842 3601 post
1891 3516 2156 3581 verbum
2210 3519 2765 3599 προσχωρήσαντας
2816 3524 2939 3581 sta·
3079 3530 3080 3549 *

573 3621 692 3686 tim
760 3622 982 3687 eodem
1045 3642 1234 3687 versu
1292 3620 1579 3705 sequitur
1642 3619 1799 3695 λέξω
1872 3643 1928 3685 κ.
1955 3644 2015 3685 τ.
2044 3636 2099 3685 λ.
2124 3670 2141 3698 ,
2211 3643 2371 3707 quae
2433 3644 2583 3689 cum
2632 3624 2939 3712 aptissime

571 3727 739 3794 inter
784 3748 850 3793 se
897 3727 1269 3793 cohaereant
1314 3746 1500 3791 causa
1542 3725 1722 3791 nulla
1758 3732 1853 3791 est
1892 3747 2003 3791 cur
2044 3728 2510 3815 disiungantur.
2555 3728 2721 3797 'I'um
2746 3730 2938 3816 capita
3078 3746 3080 3821 ἱ

575 3831 794 3899 3-19
853 3834 1009 3920 (9¹),
1056 3854 1199 3920 pag.
1255 3831 1353 3897 ed.
1403 3831 1593 3897 Dind.
1645 3850 1805 3916 quae
1852 3830 2133 3898 efficiunt
2179 3838 2481 3919 quattuor
2524 3836 2681 3903 folia
2724 3835 2937 3902 codicis

571 3938 870 4025 Medicei)
933 3944 1079 4005 ante
1140 3939 1336 4005 verba
1394 3937 1682 4018 φείδεται
1746 3960 1807 4003 κ.
1833 3962 1895 4006 τ.
1920 3954 1981 4003 λ.
2045 3939 2112 4004 in
2177 3938 2465 4006 Mediceo
2528 3942 2666 4027 ipso
2725 3942 2935 4027 scripta

571 4045 766 4112 fuisse
827 4066 906 4111 ex
969 4043 1272 4112 Vaticano
1333 4050 1613 4129 apparet.
1697 4041 1895 4112 Cuius
1959 4043 2259 4111 librarius
2302 4066 2447 4111 cum
2498 4054 2643 4133 post
2688 4048 2932 4116 verbum

571 4150 864 4234 διεφθάρη
926 4172 1166 4218 novum
1225 4170 1487 4216 versum
1552 4149 1891 4233 inceperit,
1950 4150 2071 4216 hoc
2130 4150 2267 4217 loco
2328 4152 2606 4221 Medicei
2657 4154 2931 4220 lacunam

570 4258 880 4323 indicasse
925 4256 1302 4323 iudicandus
1349 4262 1464 4323 est.
1537 4254 1719 4321 Unde
1756 4255 2043 4339 sequitur
2082 4278 2243 4323 anno
2286 4258 2460 4323 1439
2502 4260 2672 4327 hunc
2710 4266 2931 4327 statum

571 4362 846 4429 Medicei
895 4362 1118 4427 fuisse:
