3150 5000
1259 243 1600 296 mmmm.
2491 221 2614 292 381

326 409 440 499 Ep.
497 411 649 492 193,
700 411 741 476 5

730 517 819 584 σο)
867 518 954 584 τά
1002 517 1220 584 δίκτυα
1267 519 1784 600 τάμφίβληστρα
1829 518 2126 596 ταῦτα,’

727 625 969 704 δαῖμον,
1016 621 1226 691 εἵσατο
1270 633 1398 698 τοῖς
1446 623 1760 690 ἔθαλπε
1816 633 2035 706 γῆρας.

230 727 735 818 Interpretantur
791 732 1065 818 „quibus
1110 732 1350 816 foverat
1398 730 1787 798 senectam”.
1837 729 2090 796 Vellem
2135 729 2429 798 Fucens
2463 752 2617 798 usus

232 843 399 903 esset
462 838 652 904 verbo
719 840 935 904 minus
995 838 1331 927 ambigue,
1396 858 1543 904 nam
1596 837 1860 903 θάλπειν
1905 858 2030 903 non
2078 856 2219 903 raro
2281 838 2618 904 adhibetur

228 945 293 1008 in
362 943 599 1009 malam
666 949 943 1031 partem,
1008 951 1081 1011 ut
1126 947 1214 1010 sit
1259 946 1529 1010 cruciare
1546 993 1562 1024 ,
1616 967 1827 1010 nea-are
1846 992 1862 1022 ,
1914 965 2075 1030 quae
2120 947 2295 1011 notio
2342 943 2446 1011 hic
2493 948 2617 1010 mi·

230 1049 408 1114 nime
470 1052 684 1135 inepta
746 1057 879 1133 est,
925 1054 981 1115 si
1027 1061 1212 1137 poeta
1258 1051 1467 1117 voluit
1512 1049 1872 1139 significare
1923 1050 2298 1116 Damoetam
2349 1053 2618 1136 piscato·

227 1175 364 1220 rem
430 1157 583 1223 artis
630 1177 781 1222 suae
827 1159 1282 1237 instrumenta,
1332 1159 1564 1243 quibus
1613 1156 1958 1223 tractandis
2006 1159 2181 1223 senio
2227 1159 2440 1242 impar
2480 1161 2610 1224 iam
2645 1175 2656 1186 ·

228 1265 429 1340 esset,
481 1263 802 1330 dedicasse
845 1263 1114 1349 Priape,
1172 1265 1413 1344 μογερῷ
1459 1265 1653 1345 γήραΐ
1697 1264 2055 1342 τειρόμενον,
2116 1267 2190 1330 ut
2237 1259 2332 1329 est
2376 1266 2447 1328 in
2493 1263 2616 1330 fine

226 1368 521 1434 Anomn
569 1371 875 1454 poematii
916 1371 1366 1455 praecedentis.
1414 1370 1514 1436 Ita
1558 1372 1732 1436 enim
1783 1372 2093 1439 sententia
2135 1368 2297 1435 foret
2339 1372 2615 1455 „quibus

224 1474 609 1562 (hucusque)
648 1481 1038 1542 senectutem
1081 1497 1261 1543 suam
1291 1476 1627 1544 vexabat”.
1679 1475 2031 1564 Vulgarem
2071 1485 2286 1542 tamen
2309 1478 2615 1563 interpre-

222 1582 539 1648 tationem
585 1603 711 1649 non
760 1585 1073 1671 impugno
1092 1632 1111 1668 ,
1158 1583 1299 1650 dico
1347 1589 1604 1649 tantum
1650 1584 1961 1648 incertam
2007 1582 2232 1650 videri.

314 1794 437 1882 Ep.
486 1794 619 1861 208
666 1795 1029 1862 ΑΝΨΙΡΔΤΒῙ
1076 1795 1651 1863 Thessalonicensis
1697 1800 1792 1862 est
1840 1797 2274 1883 epigramma,
2321 1796 2491 1881 quod
2514 1816 2612 1862 re-

223 1905 425 1968 currit
496 1900 647 1990 Gap.
709 1903 803 1968 IX
860 1909 1001 1989 post
1056 1925 1153 1989 ep.
1220 1901 1351 1968 365
1413 1924 1563 1969 cum
1618 1902 1959 1968 lemmate:
2020 1903 2104 1974 εἷς
2165 1911 2324 1982 τρεῖς
2397 1901 2606 1966 πάλαι

227 2009 491 2091 πόρνας,
555 2010 880 2089 λαβούσας
944 2010 1007 2076 δὲ
1070 2009 1293 2091 ἄνδρας
1362 2010 1467 2075 καὶ
1525 2011 2053 2092 σωφρονισθείσας.
2125 2007 2446 2076 consensu
2497 2009 2609 2075 de-

224 2125 490 2200 pravata
537 2123 686 2182 sunt
732 2116 999 2194 ultima,
1049 2119 1139 2183 sic
1188 2117 1455 2202 scripta:

453 2227 665 2288 Πᾶσαι
713 2223 1040 2289 δ’άσταὶ
1091 2223 1239 2290 ἔσαν
1281 2224 1409 2288 καὶ
1459 2223 1754 2304 ἓταιρίδες
1782 2246 1797 2263 ·
1847 2223 2024 2289 άλλὰ
2069 2226 2376 2305 τυχοῦσαι

454 2329 750 2411 Κύπριδος
800 2331 1106 2415 εὖκρήτου,
1157 2335 1255 2395 νῦν
1304 2329 1426 2404 ἑνός
1472 2331 1586 2394 εἱσι
1635 2333 1779 2407 μία.

220 2433 343 2502 Pro
386 2441 679 2522 corrupto
727 2435 916 2501 άσταὶ
968 2435 1166 2503 altero
1212 2436 1349 2503 loco
1396 2443 1493 2503 est
1537 2439 1606 2502 αἱ
1654 2444 1813 2518 τρεῖς
1855 2437 2073 2503 άσταί.
2122 2435 2438 2522 Equidem
2478 2457 2602 2504 non

220 2540 445 2608 dubito
490 2546 645 2627 quin
692 2552 949 2608 ACTAI
976 2543 1117 2623 hic,
1158 2551 1232 2609 ut
1255 2542 1409 2610 alibi
1432 2565 1650 2631 saepe,
1680 2544 2014 2611 confusum
2037 2546 2124 2610 sit
2149 2565 2301 2609 cum
2327 2552 2600 2611 ΛΤΤΑΙ

225 2652 287 2712 et
336 2647 783 2737 corrigendum
838 2651 958 2715 sit:

627 2758 830 2821 πᾶσαι
879 2755 931 2821 δ’
973 2752 1222 2822 αὗται
1270 2755 1420 2822 ἔσαν
1464 2758 1644 2838 πρὶν
1694 2756 1988 2839 ἓταιρίδες
2044 2758 2177 2824 κτὲ.

305 2968 425 3057 ΕΡ.
469 2968 624 3048 220,
668 2970 750 3037 15

578 3079 706 3156 ἱρήν
751 3102 839 3144 σοι
889 3078 1201 3157 θαλάμην,
1250 3078 1525 3161 ζωάγρια
1574 3083 1680 3146 καὶ
1731 3079 2218 3160 λαλάγημα.

225 3180 359 3249 Vox
422 3184 623 3251 semel
680 3184 847 3252 lecta
906 3187 1015 3252 sed
1063 3189 1305 3272 optime
1350 3186 1652 3262 formata,
1704 3201 1896 3273 quam
1947 3193 2188 3253 temere
2235 3188 2597 3253 coniectura

220 3306 328 3355 sua
373 3288 787 3369 πλατάγημα
834 3292 1207 3358 sollicitavit·
1253 3291 1491 3359 Iacobs.
1540 3291 1638 3361 Of.
1690 3294 1979 3373 λαλαγή,
2022 3302 2363 3378 λαλαγεῒν,
2387 3307 2598 3357 λαλα-

221 3398 415 3472 >vn-nbc,-
486 3403 549 3463 et
618 3400 883 3474 λάλημα
950 3398 1119 3484 apud
1181 3396 1374 3483 Soph.
1438 3402 1588 3463 Ant.
1655 3399 1787 3464 320
1850 3406 1914 3466 et
1975 3398 2131 3465 Eur.
2191 3399 2387 3466 Andr.
2439 3396 2594 3466 98¹7.

220 3498 393 3567 Idem
453 3505 954 3569 instrumentum
1000 3504 1217 3570 λάλα
1281 3504 1602 3582 κύμβαλα
1659 3507 1824 3571 infra
1887 3513 2151 3572 vocatur
2197 3526 2295 3591 ep.
2346 3505 2502 3585 234,
2553 3506 2593 3571 ὃ

220 3626 293 3672 ex
336 3616 506 3675 certa
550 3608 863 3676 Meinekii
910 3609 1368 3679 emendatione.

225 3924 263 3991 3
302 3822 417 3911 Ep.
480 3823 614 3889 224
673 3823 1137 3891 THEODORIDAR
1189 3829 1287 3891 est
1332 3825 1433 3890 ἐπὶ
1480 3826 1718 3911 κοχλίςι
1764 3827 2101 3906 θαλασσίῳ.
2174 3826 2446 3915 Legitur
2495 3846 2591 3895 vs·

310 3952 339 3995 s
425 3981 440 3998 .

340 3952 419 4018 qq
526 4041 921 4119 Παίγνιον
968 4039 1283 4122 άντριάσιν
1332 4040 1642 4113 Διονύσιος
1681 4038 1899 4107 ἄνθετο
1947 4039 2262 4123 Νύμφαις

527 4181 611 4195 ·-
638 4144 810 4227 δῶρον
858 4146 913 4211 3·
937 4146 1006 4225 ἐξ
1062 4147 1226 4227 ἱεράς
1276 4148 1402 4225 εἰμὶ
1452 4146 1833 4227 Πελωριάδος
1861 4183 1948 4197 --

514 4252 635 4327 υίὸς
682 4251 1058 4335 Πρωτάρχου
1084 4275 1101 4292 ·
1151 4251 1389 4325 σκολιὸς
1436 4254 1489 4320 δ’
1518 4253 1820 4331 ean-rm
1871 4254 2154 4333 πορθμίς,

522 4356 660 4443 ὄφρ’
710 4356 835 4437 εἵην
880 4364 1151 4441 λιπαρῶν
1195 4361 1586 4439 παίγνιον
1632 4358 2016 4441 ’Λντριάδωω

2325 4463 2390 4517 25
