3150 5000
601 266 734 333 410
1479 264 1490 271 ”
1622 286 1942 336 nomos.

592 451 706 518 tali
779 452 1140 518 confusione
1201 452 1498 538 pleraque
1566 460 1733 519 recte
1794 454 2111 518 divinavit
2172 459 2237 519 et
2298 453 2379 518 ad
2437 458 2717 519 veterem
2772 468 2931 515 usum

595 557 892 643 loquendi
937 558 1177 624 multos
1224 557 1394 624 locos
1434 558 1809 625 Homericos
1848 559 2119 627 correxit
2155 559 2260 625 vel
2300 562 2746 645 interpretatus
2766 562 2852 622 eet
2868 553 2911 639 1)
2920 572 2933 632 ;

589 684 710 729 nec
757 685 907 729 vero
955 666 1318 730 mirandum
1365 672 1462 731 est
1508 669 1565 730 si
1608 684 1733 730 non
1780 669 1993 731 omnia
2039 666 2225 730 vidit.
2387 653 2393 664 ’

685 770 906 857 Itaque
965 778 1040 835 ut
1088 770 1275 837 finem
1325 772 1667 856 faciamus,
1724 792 1847 837 vox
1894 780 2021 853 σφε
2070 772 2227 838 olim
2274 771 2659 860 significavit
2704 793 2795 837 eos
2832 790 2935 831 am-

593 879 724 954 bos,
793 900 892 942 eas
953 883 1184 954 ambae,
1249 878 1357 943 sed
1405 899 1442 944 a
1486 880 1935 964 posterioribus
1984 878 2061 944 ad
2108 879 2265 944 alios
2314 899 2530 944 omnes
2576 874 2935 965 significatus

593 989 689 1049 eet
735 984 995 1050 detorta.
1049 984 1354 1050 Mortalia
1398 993 1624 1051 cuncta
1670 987 1999 1071 peribunt:
2041 985 2277 1051 nedum
2323 987 2660 1051 verborum
2698 992 2817 1049 etet
2848 982 2935 1045 ho-

588 1110 703 1157 noe
749 1098 813 1156 et
856 1094 1067 1179 gratia
1110 1094 1324 1157 vivax.

679 1306 858 1373 Duae
919 1308 1158 1373 formae
1217 1327 1377 1392 quae
1425 1312 1760 1394 supersunt
1805 1307 2197 1385 tractandae,
2248 1305 2428 1385 ἄμμε
2478 1312 2543 1372 et
2593 1304 2795 1388 ὔμμε,
2836 1300 2937 1367 cle·

589 1417 870 1481 mentius
915 1435 952 1480 a
999 1416 1364 1499 posteritate
1411 1422 1559 1479 eunt
1606 1414 1893 1490 habitae,
1940 1435 2090 1479 nam
2139 1420 2203 1479 et
2249 1414 2405 1480 olim
2448 1411 2937 1501 significaverunt

587 1545 693 1585 nos
737 1527 930 1585 ambos
978 1520 1132 1606 (-a8)
1152 1568 1168 1598 ‚
1215 1544 1316 1585 vos
1359 1522 1552 1585 ambos
1597 1520 1748 1605 (ms)
1766 1568 1783 1596 ‚
1834 1526 1897 1586 et
1944 1542 1981 1586 a
2025 1521 2481 1586 recentioribus
2520 1522 2649 1586 fere
2685 1524 2935 1585 constan·

586 1635 684 1694 ter
739 1634 906 1694 recte
953 1628 1366 1704 adhibentur,
1415 1631 1509 1693 ita
1553 1634 1629 1693 ut
1676 1634 1973 1713 appareat
2018 1628 2247 1695 horum
2296 1635 2464 1694 certe
2513 1626 2934 1693 vocabulorum

586 1754 802 1801 veram
880 1742 1260 1820 potestatem
1330 1734 1442 1800 diu
1513 1734 1717 1799 adhuc
1786 1740 1930 1819 poet
1995 1735 2355 1801 Homerum
2422 1735 2623 1800 fuisse
2686 1730 2935 1799 intellec·

587 1848 741 1906 tam.
817 1841 999 1922 Quod
1046 1839 1606 1906 demonstrandum
1650 1845 1884 1925 restat,
1932 1848 1998 1907 et
2044 1840 2351 1907 facillime
2397 1842 2810 1931 demonstrari
2848 1855 2935 1921 po-

585 1952 747 2023 teet,
813 1946 1122 2013 afferendo
1179 1947 1349 2012 locos
1368 1997 1385 2030 ‚
1453 1950 1610 2012 satis
1658 1968 1829 2012 raros
1848 1995 1865 2025 ‚
1914 1948 2026 2013 ubi
2074 1954 2253 2013 extra
2297 1949 2711 2014 Homericam
2751 1945 2935 2033 poesin

585 2056 986 2139 reperiuntur
1030 2052 1136 2119 vel
1183 2060 1350 2119 certe
1396 2074 1433 2119 a
1479 2074 1585 2119 me
1629 2060 1877 2139 reperta
1922 2060 2103 2133 sunt3
2154 2060 2297 2121 utor
2337 2055 2506 2120 enim
2548 2057 2713 2121 meis
2750 2050 2936 2118 collec-

585 2162 787 2226 taneis
832 2164 999 2225 inter
1045 2159 1390 2247 legendum
1437 2162 1607 2226 natis
1625 2210 1644 2245 ,
1691 2167 1757 2226 et
1802 2160 1989 2226 facile
2032 2166 2241 2246 potest
2284 2158 2422 2227 fieri
2465 2166 2541 2225 ut
2586 2180 2713 2227 non
2750 2172 2935 2225 omnes

582 2266 855 2332 latebrae
902 2265 1066 2331 unde
1115 2266 1246 2330 erui
1295 2270 1587 2352 poterant
1632 2268 2220 2355 pervestigaverim.

673 2372 856 2449 ἄμμε
919 2372 994 2437 de
1055 2372 1316 2456 duobus,
1375 2378 1545 2439 recte
1607 2374 1847 2460 igitur,
1919 2373 2258 2440 adhibetur
2318 2374 2567 2438 Heeiod.
2632 2372 2807 2439 Scut.
2863 2364 2925 2433 87

764 2479 982 2568 (quem
1020 2498 1274 2544 versum
1295 2525 1312 2558 ,
1357 2501 1663 2567 perquam
1712 2480 2058 2547 notabilem
2108 2483 2257 2568 quia
2300 2478 2417 2546 illo
2461 2480 2599 2548 loco
2624 2476 2930 2546 nominati·

759 2609 882 2653 vus
920 2593 1016 2653 eat
1053 2585 1263 2664 ἄμμε,
1305 2590 1434 2652 iam
1475 2607 1669 2672 supra
1704 2589 2407 2672 commemoravimus),
2438 2581 2933 2670 Theoqnid.1104

765 2695 870 2780 (ex
909 2693 1232 2760 Welckeri
1267 2696 1687 2777 coniectura),
1728 2697 1797 2759 in
1836 2698 2111 2760 carmine
2150 2695 2440 2781 populari
2478 2692 2711 2782 Bergk.
2750 2694 2838 2756 n0.
2860 2687 2929 2752 21

759 2801 964 2887 (Poet.
1017 2798 1222 2888 Lyr.²
1267 2821 1416 2887 pag.
1471 2799 1711 2886 1032),
1760 2801 2046 2866 Theocrit.
2100 2801 2169 2872 5.
2221 2800 2341 2879 61;
2394 2800 2478 2886 8,
2518 2799 2644 2877 253
2688 2799 2799 2881 15,
2828 2793 2931 2872 '75;

759 2907 882 2986 22,
934 2906 1062 2972 165
1109 2907 1478 2995 (legendum
1529 2909 1699 2974 enim
1750 2907 1813 2972 h.
1859 2906 1906 2972 l.
1952 2908 2206 2973 videtur
2252 2908 2432 2972 ἀλλὰ
2478 2908 2649 2988 <Diam
2675 2957 2690 2981 ‚
2738 2903 2930 2969 τούτου

757 3017 870 3092 μὲν
917 3015 1151 3080 ἒοὶσοιτε
1197 3013 1342 3092 πρὸς
1389 3015 1566 3085 τέλος
1613 3016 1811 3080 ἐλθεῖν
1850 3017 1860 3098 Ι
1903 3014 2085 3093 ἄμμε
2134 3015 2370 3092 γάμου.
2416 3053 2487 3064 -
2542 3013 2696 3081 Cod.
2743 3016 2931 3076 τοῦτον

758 3173 773 3188 .
803 3172 819 3188 .
847 3171 864 3186 .
891 3120 1061 3198 ἄμμι
1101 3121 1207 3188 vel
1247 3129 1343 3185 νῶι
1384 3121 1656 3208 γᾶμον);
1700 3122 1879 3185 Bion.
1926 3121 1966 3186 6
1988 3170 2005 3200 ,
2055 3121 2174 3199 163
2214 3124 2443 3189 Mose-h.
2484 3122 2561 3199 4,
2592 3121 2713 3200 633
2744 3117 2931 3203 Apoll.

755 3229 874 3292 Bb.
922 3226 1015 3292 ΠΙ
1065 3227 1225 3296 323,
1285 3226 1482 3292 1129.

662 3331 845 3412 ἄμμε
901 3336 1216 3400 incertum
1281 3355 1404 3419 quo
1471 3355 1659 3400 sensu
1720 3334 2000 3424 legimus
2062 3337 2382 3420 Theoqnid.
2434 3335 2607 3403 1273
2628 3387 2647 3421 ‚
2701 3335 2923 3400 Cratetis

747 3441 980 3528 fragm.
1034 3441 1151 3518 10,
1213 3441 1422 3526 Sappk.
1473 3441 1550 3507 fr.
1602 3441 1731 3506 115
1751 3492 1769 3525 ‚
1830 3443 2047 3508 Alcaei
2105 3443 2181 3508 fr.
2238 3443 2347 3510 83.
2418 3442 2736 3510 Incertum
2792 3455 2921 3507 cum

750 3548 891 3614 dico
911 3595 928 3627 ‚
976 3549 1197 3613 atatim
1245 3547 1406 3612 addo
1451 3549 1620 3612 mihi
1668 3549 1923 3634 quidem
1972 3549 2145 3615 haud
2192 3553 2505 3616 incertum
2548 3549 2749 3617 videri
2787 3547 2923 3633 quin

751 3654 828 3719 de
873 3655 1039 3720 binis
1081 3654 1452 3720 hominibus
1493 3655 1647 3720 haec
1686 3655 1859 3721 dicta
1894 3658 2023 3721 sint
2040 3677 2057 3734 ;
2088 3655 2199 3722 sed
2222 3659 2523 3742 quoniam
2549 3678 2627 3724 ex
2649 3654 2926 3722 brevibus

632 3928 682 3988 1)
718 3928 839 3978 Vide
872 3943 912 3978 e.
946 3945 990 3994 g.
1027 3929 1184 3980 Schol.
1220 3931 1279 3980 ad
1312 3937 1356 3979 A
1387 3931 1510 3982 566:

1063 4011 1134 4072 μή
1169 4011 1226 4061 νῦ
1259 4031 1339 4062 τοι
1378 4011 1432 4062 οὗ
1469 4011 1789 4076 χραίσμωσιν
1823 4013 1928 4064 ὅσοι
1964 4013 2067 4064 θεοί
2093 4013 2190 4064 εἲσ’
2226 4011 2276 4066 ἓν
2312 4013 2556 4080 Ὀλύμπῳ

1063 4091 1220 4145 ἆσσον
1253 4093 1383 4152 ἰόνθ’,
1419 4095 1506 4144 'dn
1537 4093 1620 4144 κέν
1655 4113 1734 4145 τοι
1772 4095 2002 4157 ἀάπτους
2036 4101 2213 4161 χεῖρας
2248 4096 2405 4162 {quim

563 4173 826 4234 Ζηνόδοτος
857 4176 1038 4240 γράφει
1081 4175 1264 4228 ,ἆσσον
1298 4177 1478 4234 ἷόντο”,
1511 4183 1685 4244 putans
1716 4180 1897 4229 scilicet
1933 4179 2029 4230 θοοὶ
2048 4219 2059 4228 .
2081 4218 2092 4229 .
2116 4221 2127 4232 ,
2148 4181 2279 4231 um
2311 4183 2490 4248 optime
2522 4182 2755 4249 coniungi.

629 4258 718 4307 Vel
751 4260 809 4309 ad
844 4257 867 4306 θ
896 4261 1019 4311 250:
1059 4260 1180 4309 ἀλλ’
1217 4259 1340 4323 itys,
1376 4259 1597 4318 Φαιήκων
1632 4259 1938 4322 βητάρμονες
1973 4262 2113 4313 ὅσσοι
2150 4263 2373 4326 ἄριστοι,

1061 4344 1313 4400 παίσατε,
1347 4342 1412 4402 ὥς
1445 4344 1508 4406 χ’
1544 4342 1571 4392 δ
1603 4343 1757 4408 ξεῖνος
1790 4340 1967 4408 iulo-xp
1999 4349 2129 4395 tofo-1
2162 4348 2381 4412 φίλοισιζ

557 4422 824 4483 Ζηνόδοτος
863 4423 1174 4476 ,nalem-ff
1209 4419 1354 4475 εῖτ-εν.
