3150 5000
610 248 742 316 408
1591 265 2012 318 sumnonem&

694 433 956 500 Praeter
999 437 1531 501 commemoratos
1578 435 1646 499 in
1692 434 1812 500 hoc
1858 437 2138 501 carmine
2183 456 2408 522 pueros
2453 435 2777 526 Meleager
2825 437 2970 503 XIX

606 538 765 608 alios
826 539 1193 606 celebravit.
1272 539 1450 605 Inter
1511 560 1732 606 omnes
1790 543 2075 627 primum
2123 539 2332 608 locum
2381 549 2650 628 occupat
2691 544 2975 611 Muscas

606 645 843 733 Tyrius
897 646 1136 733 insigni
1186 645 1386 712 forma
1434 664 1610 732 puer,
1661 667 1851 732 quem
1902 647 2237 714 duodecies
2283 647 2665 727 celebravit,
2709 655 2978 736 praeter-

604 772 797 838 quam
844 752 949 818 hic
988 773 1129 839 epp.
1171 751 1281 818 23.
1325 751 1431 817 59.
1473 751 1584 818 65.
1623 751 1732 821 70.
1778 752 1882 820 10.
1931 751 2081 819 106.
2111 754 2264 821 110.
2293 751 2445 820 144.
2479 755 2628 822 154.
2659 755 2806 822 159.
2834 756 2978 825 167.

1614 1001 1770 1071 Cn.
1819 1003 1996 1071 XIII.

697 1203 813 1290 ΕΡ.
866 1202 973 1289 13,
1022 1202 1063 1270 3
1154 1201 1547 1276 Κυδωνιῶτας
1595 1205 1899 1283 Κορσίλας
1948 1203 2425 1288 εἶργάξατο.

606 1309 769 1376 Vera
813 1308 1003 1377 lectio
1052 1316 1149 1377 est
1194 1311 1725 1392 εἱργοὶσσατο.
1773 1310 1916 1377 Vid.
1965 1308 2038 1377 O.
2086 1312 2142 1379 Ι.
2189 1315 2266 1380 A.
2313 1313 2368 1390 I.
2421 1311 2576 1381 403.

696 1532 813 1618 ΕΡ.
868 1530 972 1608 16,
1022 1530 1063 1597 3
1518 1531 1734 1598 Μόναν
1781 1532 1861 1598 δέ
1907 1558 2006 1611 με
2054 1534 2272 1616 φαμὶ
2322 1543 2627 1614 γυναικῶν

968 1638 1273 1712 Ἑλλάδος
1324 1641 1392 1704 ἐκ
1438 1639 1653 1712 πάσας
1703 1639 1875 1705 τόνδε
1919 1641 2145 1719 λαβεῖν
2190 1643 2523 1723 στέφανον.

607 1745 877 1831 Propter
920 1746 1311 1832 pronominis
1357 1745 1692 1832 emphasin
1741 1746 1976 1814 melius
2024 1747 2313 1816 ederetur
2360 1747 2408 1812 δ’
2447 1750 2477 1813 ἕ
2491 1751 2588 1828 μὲ
2638 1758 2693 1833 φ
2709 1775 2754 1815 οι
2769 1754 2862 1829 μὶ
2898 1751 2990 1819 vel

611 1853 662 1919 δ’
713 1851 853 1931 ἐμέ
900 1860 1145 1935 (puae.

698 2056 817 2143 ΕΡ.
868 2055 976 2142 19,
1027 2056 1132 2124 11.
1204 2055 1501 2124 Smomm
1562 2057 1880 2126 reddenda
1927 2062 2191 2146 antiqua
2237 2060 2441 2128 forma
2489 2068 2842 2130 Φλειοῦντι
2887 2083 2986 2151 pro

611 2167 919 2231 ΦλΙοῦντι.

698 2369 817 2455 ΕΡ.
865 2367 974 2446 20,
1024 2367 1067 2433 2

769 2540 773 2551 ,
967 2473 1248 2541 τέκνον
1294 2476 1593 2555 μελαίνης
1643 2484 1800 2553 Γῆς,
1851 2477 2187 2561 χαρίεντας
2235 2478 2464 2553 οοῦλοὺς
2514 2480 2646 2548 κτέ.

604 2580 752 2648 Non
808 2587 1045 2648 temere
1106 2582 1521 2660 Boissouade,
1590 2585 1759 2670 quod
1819 2588 2074 2671 ineptus
2103 2570 2110 2576 ⁸
2135 2588 2224 2651 sit
2281 2608 2586 2652 numerus
2649 2589 2984 2676 singularis

604 2690 872 2755 coniecit
917 2688 1185 2766 παῖδας,
1237 2690 1346 2756 sed
1392 2688 1600 2756 lenius
1645 2693 1926 2778 corrigas
1973 2692 2200 2771 τέκῃ,
2249 2692 2578 2759 lenissime
2625 2694 2890 2761 τόκον.

695 2892 811 2979 ΕΡ.
860 2890 970 2977 23,
1022 2890 1083 2956 3.

876 2992 937 3068 ὃς
986 2995 1256 3079 πρέσβυς
1306 2996 1630 3075 ὀγδώκοντ’
1678 2998 1856 3063 ἐτέων
1903 2999 2006 3064 τὸν
2051 3000 2138 3063 ἐκ
2184 3000 2371 3064 νέων
2421 2998 2651 3082 ἔθαψεν

942 3102 1049 3179 ἤδη
1100 3128 1157 3169 τι
1206 3102 1408 3187 τέχνᾳ
1453 3104 1557 3170 καὶ
1608 3104 1799 3186 σοφὸν
1846 3105 2138 3185 λέγοντα.

598 3210 735 3277 Sub
805 3211 1075 3276 absurdo
1143 3218 1505 3276 ΕΚΝΕΩΝ
1567 3213 1723 3297 quin
1785 3210 2114 3278 delitescat
2171 3212 2455 3278 defuncti
2509 3211 2696 3280 filioli
2765 3236 2981 3281 nomen

593 3319 705 3384 vix
745 3314 983 3382 dubito.
1036 3316 1335 3383 Fueritne
1373 3324 1589 3383 tamen
1630 3327 1681 3382 E
1701 3318 1718 3380 i
1739 3318 1818 3381 σί
1842 3318 1973 3395 ων’,
2000 3339 2079 3383 an
2120 3320 2192 3383 ’E
2214 3318 2368 3399 χέλ
2388 3344 2417 3384 ε
2438 3344 2528 3384 ων
2550 3366 2568 3397 ,
2595 3341 2676 3386 an
2701 3308 2984 3399 Εὑξένων’

600 3444 791 3490 nemo
837 3422 1023 3490 facile
1069 3423 1325 3492 dixerit.

1572 3664 1792 3735 cnm·
1839 3666 2022 3735 XIV.

693 3850 812 3936 ΕΡ.
859 3848 970 3929 28,
1022 3851 1061 3915 5

874 3957 1242 4037 δεύτερον
1292 3952 1444 4022 αὖτε
1493 3956 1814 4034 Γίγαντας
1865 3955 2135 4029 οὶολλέοες
2185 3955 2447 4022 ἄλλοθεν
2493 3955 2688 4033 ἄλλος

956 4062 1255 4141 ἐκπέμπω
1303 4070 1570 4136 πολλαῖς
1617 4063 1886 4144 χείρεσιν
1934 4061 2313 4140 ἑλκομένους.

596 4169 1059 4259 Corrigendum
1121 4168 1556 4247 δεύτατον,
1623 4191 1773 4236 nam
1840 4169 1965 4235 duo
2031 4172 2161 4235 iam
2227 4174 2294 4236 in
2361 4174 2748 4259 praegressis
2793 4172 2970 4237 huius

594 4279 811 4366 griphi
872 4284 1091 4343 auctor
1152 4275 1396 4341 labores
1460 4278 1990 4341 commemoravit
2037 4281 2141 4340 τοῦ
2193 4275 2506 4354 κανθάρου.
2577 4276 2769 4343 Hunc
2817 4280 2968 4343 enim

595 4382 995 4470 quadruplici
1058 4380 1349 4450 vocabuli
1396 4404 1583 4447 sensu
1629 4380 1975 4469 significari
2025 4385 2357 4447 verissime
2407 4388 2636 4449 statuit
2687 4384 2968 4450 Frt‘ihner.
