3150 5000
1305 248 1538 299 comm.
2495 228 2623 296 159

335 420 475 488 Non
537 421 750 507 magis
811 438 1004 504 quam
1062 438 1222 504 quae
1283 424 1437 482 tunc
1496 419 1721 502 scripsi
1743 466 1757 492 ,
1808 416 1962 483 haec
2007 419 2458 484 commentatio
2504 418 2626 482 erit

247 528 551 594 Kockiaui
613 528 820 612 operis
881 545 1176 603 censura,
1239 524 1349 589 sed
1398 525 1637 607 denuo,
1687 523 1798 588 ubi
1845 544 1944 589 res
1989 522 2363 608 postulabit,
2418 522 2617 591 libere

247 655 401 720 quae
469 636 685 699 minus
745 631 1016 698 feliciter
1079 634 1138 696 ei
1200 634 1456 696 cessisse
1522 630 1686 695 mihi
1726 629 2024 695 videntur
2067 632 2299 696 notabo
2322 677 2338 707 ,
2392 635 2465 695 ut
2510 637 2625 695 aut

245 742 378 826 ipse
454 739 695 825 aliquid
774 744 1088 823 temptem
1155 744 1268 803 aut
1341 736 1498 803 alios
1567 736 1651 802 ad
1723 757 1945 803 verum
2013 737 2449 824 indagandum
2520 756 2623 801 ex-

245 848 454 915 citem.

330 952 570 1019 Eadem
608 953 779 1019 dicta
824 957 1011 1018 sunto
1058 952 1136 1018 de
1179 954 1526 1017 novissimo
1573 950 1937 1039 Blaydesii‚
1988 952 2112 1016 viri
2158 952 2517 1017 acutissimi
2557 956 2622 1016 et

241 1060 626 1138 doctissimi,
675 1062 784 1145 qui
831 1058 1146 1124 industria
1191 1056 1376 1124 facile
1422 1078 1643 1124 omnes
1687 1060 1797 1143 qui
1842 1057 2031 1123 bodie
2077 1060 2308 1122 vivunt.
2343 1056 2619 1143 philolo-

238 1186 354 1253 gos
419 1171 708 1249 superat,
780 1186 963 1251 opere
1033 1165 1200 1251 quod
1267 1165 1639 1230 inscribitur
1698 1166 2119 1248 Aristophanis
2182 1165 2619 1247 deperditarum

239 1276 661 1339 comoediarum
715 1274 1083 1357 fragmenta.
1159 1271 1349 1337 Halia
1409 1269 1760 1355 Saxonum,
1832 1269 2025 1337 1885.
2098 1270 2300 1350 Quem
2360 1274 2415 1336 si
2461 1272 2623 1337 forte

237 1384 487 1466 saepius
543 1384 1006 1467 impugnavero
1062 1400 1252 1465 quam
1313 1378 1691 1453 laudaverO,
1756 1377 1972 1443 nullus
2033 1378 2257 1444 dubito
2317 1381 2472 1463 quin
2520 1380 2620 1444 vir

238 1488 512 1553 eximiae
560 1486 980 1551 humanitatis
1025 1507 1166 1551 eam
1215 1507 1352 1552 rem
1399 1484 1518 1551 soli
1564 1486 1759 1550 huius
1797 1488 2351 1551 commentationis
2390 1488 2619 1551 rationi

237 1598 300 1657 et
359 1592 623 1659 consilio
683 1594 1042 1658 tributurus
1089 1594 1195 1657 sit.
1245 1589 1594 1659 Censuram
1643 1594 1815 1657 enim
1864 1595 1919 1657 si
1966 1593 2342 1667 scriberem,
2386 1594 2450 1656 in
2499 1591 2617 1657 hoc

235 1704 308 1763 ut
352 1702 422 1764 in
469 1699 704 1765 Kockii
751 1718 934 1785 opere
979 1698 1188 1764 multo
1233 1698 1442 1765 hercle
1487 1698 1673 1783 plura
1717 1698 2036 1764 laudanda
2078 1699 2381 1764 haberem
2426 1719 2617 1784 quam

234 1806 672 1894 vituperanda.
719 1803 843 1871 Sed
885 1825 1206 1871 censorem
1245 1825 1448 1892 neque
1477 1807 1586 1893 egi
1612 1825 1921 1890 umquam
1944 1826 2145 1891 neque
2169 1812 2427 1871 acturus
2450 1825 2616 1871 sum.

321 2021 608 2090 MAGNBS
653 2020 780 2087 fab.
828 2023 954 2087 inc.
999 2019 1539 2100 ὦπρόστομον.

319 2128 583 2195 Praeter
627 2127 1023 2215 Magnetem,
1065 2148 1100 2192 e
1148 2148 1272 2212 quo
1319 2126 1540 2193 attulit
1579 2126 1851 2194 Photius
1870 2175 1887 2207 ‚
1906 2198 1915 2207 ,
1934 2128 2055 2194 hoc
2100 2128 2411 2195 vocabulo
2464 2150 2618 2195 usus

229 2256 362 2303 esse
424 2236 682 2303 videtur
745 2232 1199 2300 Hrrrocas'rss
1245 2235 1312 2299 in
1358 2233 1523 2300 libro
1569 2236 1643 2299 de
1691 2235 1908 2318 capitis
1953 2236 2299 2301 vulneribus
2344 2256 2479 2323 cap.
2544 2236 2619 2302 14

229 2340 391 2427 (vol.
463 2340 512 2420 I,
580 2339 706 2405 381
772 2340 868 2407 ed.
919 2340 1298 2427 Ermerius):
1352 2347 1468 2407 τῶν
1513 2342 1577 2405 δὲ
1625 2340 1860 2420 βελέων
1907 2342 2157 2423 ῥήγνυσι
2206 2341 2499 2420 μάλιστα
2526 2343 2617 2408 -τὸ

227 2446 434 2515 ὀστέον
484 2446 602 2520 τάς
650 2471 721 2512 τε
768 2448 1044 2528 Φανερὰς
1093 2446 1350 2528 ῥωγμὰς
1402 2447 1505 2513 καὶ
1555 2447 1672 2522 τὰς
1723 2449 2013 2530 rimandae,-
2062 2450 2168 2514 καὶ
2214 2457 2354 2534 Φλᾷ
2400 2474 2469 2516 τε
2511 2450 2615 2515 καὶ

229 2556 446 2640 ἑσφλξὲ
497 2553 612 2621 ἔσω
663 2557 731 2619 ἐκ
777 2561 886 2628 τῆς
935 2555 1153 2637 Φύσιος
1202 2561 1312 2628 τῆς
1361 2557 1582 2622 ἑαυτοῦ
1631 2555 1702 2620 τὸ
1750 2556 1955 2622 ὀστέον
2003 2558 2091 2623 τὰ
2131 2558 2504 2639 στρογγύλα
2545 2582 2617 2623 τε

227 2662 333 2727 καὶ
385 2661 725 2742 περιφερέαι
771 2660 877 2726 καὶ
928 2663 1438 2744 ἀρτίας-αμα,
1478 2662 1751 2741 &aesta
1788 2687 1859 2727 τε
1899 2663 2081 2730 ἐόντα
2118 2667 2222 2730 καὶ
2264 2664 2469 2744 βαρέα
2512 2667 2617 2731 καὶ

229 2767 493 2849 σκληροὶ.
555 2768 700 2835 Non
763 2771 934 2834 enim
997 2761 1370 2848 &prio-rouo&
1427 2777 1638 2856 potest
1676 2769 2034 2858 significare
2080 2773 2249 2859 quod
2294 2770 2579 2840 Galenus
2601 2823 2617 2852 ,

226 2879 338 2962 qui
402 2876 932 2960 depravatissima
987 2881 1338 2961 utcumque
1377 2878 1780 2961 interpretari
1828 2877 2090 2956 assolet,
2142 2879 2417 2965 explicat
2462 2904 2618 2945 παν·

227 2983 500 3063 τωχόθεν
548 2981 766 3059 ὁμαλά
791 3031 807 3058 ,
868 2981 976 3047 sed
1021 2979 1242 3066 procul
1287 2981 1480 3047 dubio
1526 2981 1958 3070 intellegenda
2004 2993 2153 3050 sunt
2191 2986 2347 3063 βέλη
2391 2989 2434 3052 σέ
2454 2989 2619 3068 πρό-

227 3112 498 3166 στομα
561 3092 698 3154 sive
743 3087 1038 3173 ἄστομω,
1081 3089 1128 3154 i.
1187 3108 1238 3153 e.
1287 3088 1514 3172 spiculo
1561 3091 1867 3169 carentia,
1928 3097 1993 3158 et
2041 3095 2133 3158 its
2177 3097 2433 3180 scripsit
2480 3117 2616 3162 me-

230 3194 480 3261 dicinae
527 3215 772 3280 parens.

320 3409 612 3479 Omrmo
674 3409 750 3474 fr.
813 3408 876 3487 6,
924 3409 966 3474 2
1014 3411 1219 3478 obiter
1264 3412 1564 3480 reddatur
1612 3435 1763 3482 vera
1807 3417 2015 3483 forma
2058 3419 2321 3504 antiqua
2364 3419 2618 3485 ἀπετεί-

226 3541 383 3583 σατο
431 3537 549 3605 pro
596 3516 964 3582 ἀπετίσατο.

318 3734 504 3802 Idem
551 3736 630 3801 fr.
681 3733 811 3800 195

551 3849 752 3923 ληρεῖς
801 3837 995 3921 ἔχων·
1044 3849 1285 3919 γελοῖος
1339 3839 1514 3908 ἔσται
1566 3842 1925 3919 Κλεισθένης
1972 3847 2337 3925 κυβεύων

552 3950 613 4014 ἓν
659 3948 809 4030 τῇδε
856 3959 932 4029 τῇ
984 3948 1254 4018 κάλλους
1302 3951 1498 4030 ἀκμῇ.

228 4055 475 4133 Nemo,
523 4055 692 4139 quod
739 4057 972 4131 sciam,
1023 4056 1367 4140 explicavit
1412 4078 1615 4142 neque
1660 4079 1779 4146 ego
1824 4058 2131 4148 intellego
2169 4063 2319 4146 quid
2362 4063 2616 4131 ridiculi

227 4160 462 4227 habeat
522 4162 714 4226 homo
776 4162 1041 4247 pulcher
1105 4162 1250 4228 talis
1309 4162 1560 4240 ludens,
1610 4187 1724 4230 nec
1774 4169 2090 4251 quomodo
2136 4191 2213 4235 ex
2259 4172 2359 4236 his
2408 4175 2617 4239 verbis

230 4275 532 4352 appareat
577 4265 923 4334 Clisthenis
970 4273 1290 4354 nequitia,
1338 4272 1417 4337 ob
1465 4293 1657 4357 quam
1698 4272 2045 4341 afferuntur
2084 4296 2121 4341 a
2170 4280 2613 4364 grammaticis

229 4372 386 4438 haec
455 4375 666 4440 verba.
729 4375 971 4442 Parum
1029 4374 1354 4442 lucramur
1417 4377 1725 4445 afferendo
1787 4375 1935 4446 n'oto
1996 4382 2286 4449 [socratis
2348 4383 2486 4450 loco
2534 4406 2613 4452 ex
