3150 5000
611 287 743 354 344
1586 307 1843 357 oassms
1890 307 2017 357 mo.

609 476 754 536 utor
799 473 893 558 (in
936 472 1134 558 praef.
1182 472 1280 538 ed.
1331 493 1522 557 supra
1565 472 1889 558 laudatae)
1940 493 2087 540 cum
2136 475 2272 558 ipse
2317 471 2597 540 codicem
2647 491 2771 561 non
2814 469 2957 536 vide—

606 580 729 642 rim
752 625 767 654 ,
835 577 1087 643 saeculo
1133 578 1379 650 decimo
1427 585 1607 644 sexto
1652 587 1921 646 exeunte
1967 581 2275 664 scriptum
2326 599 2457 644 esse
2502 598 2583 644 ex
2627 577 2957 644 litterarum

606 683 830 748 formis
875 687 1164 749 coniecit.
1235 683 1470 750 Verum
1523 683 1849 770 aliquanto
1896 684 2043 770 plus
2087 685 2379 771 equ-idem
2430 685 2764 750 tribuerim
2808 686 2961 749 testi·

604 791 820 854 monio
883 788 1348 855 bibliothecarii
1407 790 1741 856 cuiusdam
1808 790 2138 858 Vesontini
2184 789 2371 858 Costa
2419 793 2529 876 qui
2582 813 2694 873 „en
2738 792 2867 854 date
2905 794 2961 854 de

606 891 696 960 28
758 895 1041 960 Pluviose
1101 919 1182 958 cm
1241 892 1288 958 8
1333 897 1408 960 dc
1451 897 1516 958 la
1562 895 1935 982 Respublique
1980 897 2354 979 Franpaiee”
2400 897 2555 964 folio
2602 898 2787 962 tertio
2830 895 2961 961 haec

605 1001 966 1066 adnotavit:
1019 1003 1118 1078 „le
1161 1003 1491 1065 manuscrit
1530 1003 1810 1084 provient
1854 1003 2338 1085 oriyinairement
2382 1004 2458 1068 de
2496 1004 2559 1066 la
2604 1000 2961 1087 biblioth-{que

605 1107 678 1170 de
725 1107 1023 1170 Matthiae
1067 1108 1350 1170 Corvinus
1372 1156 1391 1190 ‚
1431 1109 1526 1171 roi
1565 1110 1641 1172 de
1678 1109 1953 1191 Honqrie
1975 1116 2033 1174 et
2054 1111 2129 1174 de
2156 1107 2475 1185 Bokessme'ss
2502 1109 2676 1194 quod
2701 1107 2961 1176 Cestium

602 1213 680 1278 de
727 1233 840 1278 suo
889 1215 1280 1299 excogitasse
1326 1215 1436 1278 vix
1477 1214 1875 1280 crediderim.
1926 1213 2147 1300 Itaque
2188 1213 2439 1280 saeculo
2480 1214 2732 1284 decimo
2768 1216 2960 1300 quinto

603 1320 874 1401 scriptus
925 1318 1200 1384 videtur.
1273 1319 1778 1398 Quaternionum
1827 1323 1999 1405 prior
2044 1319 2359 1408 longeque
2406 1323 2615 1387 maior
2656 1340 2797 1405 pars
2838 1317 2961 1403 (38)

600 1423 836 1488 litteris
895 1427 1140 1510 graecis
1159 1471 1176 1500 ,
1239 1428 1547 1509 posterior
1610 1426 1880 1492 arabicis
1936 1428 2221 1492 numeris
2274 1427 2516 1514 signati
2562 1431 2729 1492 sunt.
2798 1425 2963 1490 Prae-

600 1534 774 1594 terea
835 1549 947 1614 pro
991 1530 1508 1619 quaternionibus
1524 1579 1540 1608 ,
1593 1530 1933 1598 adnotante
1983 1529 2213 1598 Grosio
2228 1579 2247 1610 ,
2297 1531 2626 1600 interdum
2676 1533 2959 1598 terniones

597 1637 1031 1702 inveniuntur.

687 1742 816 1808 Hic
861 1763 1108 1828 quoque
1155 1743 1350 1809 codex
1395 1764 1474 1809 ex
1523 1744 1771 1810 duobus
1818 1743 2287 1811 contaminatus
2325 1749 2442 1812 est.
2506 1743 2733 1812 Media
2768 1749 2957 1810 autem

599 1870 744 1934 pars
805 1872 842 1914 a
895 1849 1138 1915 Veneto
1185 1859 1244 1915 A
1285 1857 1388 1926 ‚est
1435 1850 1783 1934 descripta,
1835 1871 1961 1935 quo
2006 1857 2292 1936 tempore
2340 1849 2699 1938 bibliopegi
2744 1852 2959 1918 incuria

597 1977 926 2040 perperam
990 1955 1286 2042 illigatus
1332 1962 1488 2022 erat.
1559 1955 1857 2021 Vidimus
1898 1959 2067 2022 enim
2116 1957 2223 2042 (cf.
2272 1975 2465 2042 supra
2506 1978 2577 2042 p.
2626 1955 2785 2042 334)
2830 1962 2957 2020 tunc
3062 1979 3064 1992 ⁴

599 2061 754 2126 folia
818 2060 1088 2125 81-88
1152 2062 1410 2147 (quibus
1477 2064 1881 2127 continentur
1928 2061 2068 2140 49„
2094 2061 2177 2139 2,
2231 2060 2495 2148 2—22,
2550 2063 2621 2149 1)
2669 2066 2827 2130 inter
2864 2059 2957 2126 fol.

600 2167 685 2234 72
734 2175 798 2235 et
855 2167 940 2236 73
989 2169 1058 2252 (f.
1113 2167 1198 2234 ’73
1247 2170 1473 2253 incipit
1519 2189 1556 2234 a
1601 2169 1815 2232 verbis
1856 2171 2162 2234 πενθοῦντι
2210 2153 2661 2234 συνελυποῧντο
2704 2167 2819 2246 48,
2864 2165 2957 2241 37,

598 2273 667 2359 8)
712 2277 1041 2338 interiecta
1081 2273 1295 2338 fuisse.
1345 2273 1437 2338 Ea
1471 2279 1689 2340 autem
1727 2277 1867 2358 ipsa
1902 2277 2113 2358 capita
2150 2277 2217 2352 in
2239 2274 2589 2341 Vesontino
2612 2279 2681 2340 in
2705 2275 2953 2340 mediam

595 2380 1064 2467 paragraphum
1116 2378 1158 2443 8
1204 2380 1356 2445 libri
1405 2381 1521 2456 48,
1573 2378 1658 2447 37
1709 2381 2011 2445 translata
2058 2401 2191 2448 esse
2240 2381 2418 2447 Gros.
2468 2381 2736 2448 indicat.
2794 2380 2955 2444 Prae-

596 2494 766 2553 terea
812 2489 928 2551 toti
977 2489 1418 2571 quaterniones
1463 2488 1549 2565 ιγ’
1599 2488 1705 2571 (=
1730 2485 1853 2571 46,
1903 2485 2030 2571 23,
2080 2485 2340 2565 2-43,
2384 2487 2455 2574 2)
2494 2494 2563 2553 et
2606 2489 2710 2559 κς’
2744 2488 2843 2575 (---
2866 2485 2953 2561 52,

597 2592 671 2672 5,
738 2590 994 2669 2-20,
1061 2594 1130 2678 4)
1188 2600 1378 2678 atque
1424 2614 1502 2658 ex
1549 2595 1959 2679 quaternione
2004 2596 2115 2671 λγ
2158 2594 2313 2661 folia
2360 2614 2503 2673 sex,
2554 2602 2852 2682 quattuor
2892 2612 2957 2657 ex
3063 2678 3064 2693 χ

591 2706 683 2767 λε’
745 2719 818 2767 eo
877 2704 1178 2783 tempore⁸
1220 2701 1350 2765 iam
1421 2702 1827 2766 interierant:
1892 2700 2047 2765 haec
2096 2703 2311 2766 omnia
2358 2700 2593 2767 desunt
2638 2705 2707 2766 in
2752 2700 2957 2767 Veson-
3063 2726 3064 2729 ¹

593 2809 748 2873 tino.
833 2806 968 2871 Nec
1035 2812 1252 2871 tamen
1313 2811 1524 2870 totum
1588 2805 1913 2871 Venetum
1974 2816 2025 2871 A
2094 2826 2243 2872 eum
2307 2805 2714 2891 descripsisse
2768 2829 2840 2873 ex
2894 2823 2955 2869 eo

591 2913 1006 2995 manifestum
1069 2916 1165 2976 est
1224 2912 1391 2996 quod
1455 2914 1522 2976 in
1586 2915 1923 2997 postremis
1989 2913 2171 2979 libris
2240 2934 2443 2999 neque
2510 2936 2657 2981 eam
2728 2918 2953 3000 quater·

590 3022 858 3085 nionum
922 3018 1464 3102 perturbationem
1485 3065 1501 3095 ‚
1551 3040 1743 3104 quam
1792 3027 1934 3104 post
1980 3020 2023 3085 f.
2080 3018 2205 3086 197
2254 3022 2322 3085 in
2369 3020 2615 3087 Veneto
2663 3032 2719 3087 A
2766 3020 2955 3103 depre-
3063 3080 3064 3107 ἶ

589 3126 966 3200 hendimus,
1019 3123 1316 3188 exhibeat
1366 3130 1430 3189 et
1476 3127 1701 3189 ceteris
1742 3126 2067 3193 codicibus
2104 3127 2415 3193 secundae
2451 3126 2711 3212 classis,
2748 3124 2954 3211 Xiphi·
3063 3182 3064 3197 ,

593 3230 708 3296 lini
757 3251 874 3315 ope
925 3228 1229 3314 expletis,
1281 3229 1516 3295 similis
1564 3236 1680 3295 est.
1751 3233 1840 3297 At
1884 3232 1957 3316 ξς
2020 3233 2091 3316 1,
2140 3232 2219 3318 2,
2270 3233 2341 3297 3⁸
2398 3233 2549 3299 libri
2601 3233 2727 3313 56,
2776 3234 2885 3315 ll,
2925 3249 2956 3293 a
2996 3303 3001 3312 ,
3063 3222 3064 3289 Ῑ

592 3338 868 3404 Medicei
909 3348 951 3401 Β
995 3336 1256 3401 librario
1295 3338 1362 3401 in
1407 3342 1663 3401 textum
1707 3358 1832 3403 non
1879 3338 2165 3423 ‘receptae
2206 3340 2311 3426 (cf.
2360 3360 2423 3424 p.
2466 3337 2652 3427 340),
2692 3361 2804 3406 suo
2838 3338 2953 3403 loco
3063 3392 3064 3405 2

592 3448 660 3510 in
722 3444 1066 3509 Vesontino
1126 3442 1452 3529 leguntur.
1539 3441 1935 3525 Crediderim
1984 3447 2237 3530 itaque,
2285 3448 2396 3531 qui
2444 3446 2724 3513 codicem
2773 3444 2951 3511 Vene-

590 3557 731 3619 tum
783 3563 831 3617 A
889 3550 1157 3617 describi
1204 3548 1528 3629 iussisset,
1575 3571 1723 3613 cum
1770 3556 1913 3635 post
1958 3552 2004 3615 f.
2066 3550 2193 3619 19¹7
2240 3555 2307 3616 in
2354 3571 2427 3617 eo
2472 3556 2693 3619 omnia
2736 3558 2949 3637 pertur-
3062 3536 3064 3567 ³

591 3659 740 3723 bata
801 3677 934 3723 esse
985 3654 1575 3739 animadvertisset,
1626 3676 1775 3721 eum
1822 3656 2159 3723 librarium
2204 3656 2477 3722 ulterius
2520 3658 2814 3746 progredi
2854 3674 2949 3719 ve·

589 3766 786 3828 tuisse
803 3756 825 3840 ,‘
862 3770 926 3829 et
964 3762 1111 3827 inde
1146 3760 1451 3847 explicari
1491 3766 1707 3827 notam
1745 3765 1812 3827 in
1850 3766 1984 3827 imo
2015 3762 2167 3828 folio
2200 3760 2325 3826 197
2350 3782 2389 3827 a
2408 3784 2515 3828 me
2540 3764 2946 3829 observatam:

582 3866 772 3947 μέχρι
821 3867 973 3932 rei&
1021 3865 1238 3948 γράφε
1287 3868 1368 3933 cf.
1415 3889 1480 3953 p.
1530 3866 1682 3935 335.
1756 3867 1893 3933 Hos
1941 3889 2087 3934 vero
2135 3867 2330 3933 libros
2377 3873 2733 3953 postremos
2764 3869 2945 3935 item-

657 4188 711 4250 1)
765 4172 912 4249 quue
963 4186 1064 4234 sine
1115 4174 1229 4233 ulla⁷
1265 4185 1461 4235 lacunae
1509 4186 1791 4251 suspicione.
1845 4188 1898 4249 L.
1938 4188 2021 4247 ⁵2,
2064 4191 2121 4249 ὅ,
2158 4190 2190 4239 2
2242 4189 2419 4251 uthoc
2454 4193 2589 4251 utar,
2624 4204 2799 4242 novum
2828 4182 2945 4243 an’i’

585 4268 784 4331 verbum
825 4270 874 4315 et
918 4266 1188 4317 inauditum
1219 4267 1443 4332 procudit
1475 4265 1584 4333 ⁸4⁶²
1618 4264 1803 4331 {uaga-1,
1841 4270 2105 4335 coniunctis
2137 4271 2333 4333 scilicet·
2350 4272 2530 4323 litteris
2562 4270 2670 4333 aar
2704 4288 2727 4321 ι
2758 4284 2871 4335 qm
2896 4264 2943 4327 ,5¹²

585 4350 760 4414 ultimo
791 4348 1118 4413 quaternionis
1153 4347 1222 4415 ιβ’
1257 4349 1378 4399 folio
1411 4350 1470 4397 de
1502 4348 1743 4399 vocabulis
1776 4350 1885 4399 καθ’
1925 4346 2136 4417 ἰητρός
2170 4357 2451 4418 supererant
2484 4346 2594 4405 cum
2627 4353 2757 4417 ycrbi
2786 4344 2939 4413 mmi-

583 4448 710 4493 ματι
745 4431 1202 4499 Ριήε-Ροείρῄρτε,
1239 4446 1358 4499 quse
1391 4431 1589 4499 inchoat
1620 4434 1753 4501 quat.
1790 4430 1917 4499 ⁴6¹„
2028 4494 2036 4499 ,
2104 4494 2109 4497 Ι
2186 4485 2193 4495 ,
2274 4492 2299 4499 ..
