3150 5000
1212 198 1685 248 meantime.
2513 179 2643 247 281

354 368 413 431 4.
462 364 571 432 22.
642 365 978 454 „Iulianus
1041 369 1377 434 mediocris
1437 371 1573 434 erat
1635 373 1916 434 staturae
1935 417 1953 452 ‚
2020 367 2270 454 capillis
2317 373 2645 456 tamquam

240 494 293 558 p
314 475 449 538 exi
468 493 543 539 ss
561 478 641 540 et
678 473 987 540 mollibus
1006 523 1021 554 ‚
1062 475 1312 540 hirsuta
1349 475 1545 540 barba
1565 477 1636 538 in
1661 481 1925 540 acutum
1951 455 2277 540 desinente
2303 477 2648 543 uestitus.”

348 578 627 664 Melius,
671 583 911 666 opinor,
962 581 1215 670 legetur
1260 580 1682 664 flexisset,
1730 602 1880 647 nam
1929 588 2177 666 pectere
2219 581 2483 667 capillos
2527 603 2650 650 non

235 682 544 773 neglexit
603 685 813 752 hercle
858 686 1167 754 Iulianae.
1216 686 1499 753 Flectere
1546 689 1750 753 crines
1795 718 1877 744 ===
1924 690 2196 773 crispare
2215 736 2230 766 ,
2283 689 2648 756 calamistro
2712 717 2730 732 ·

232 794 509 857 inurere
554 799 617 856 et
664 797 1091 879 contorquere.
1144 790 1240 860 Of.
1290 793 1435 857 qu.
1492 791 1592 859 VI.
1645 792 1811 870 492;
1859 793 2057 861 Mart.
2100 794 2184 860 X.
2229 794 2316 860 65
2335 817 2351 872 3
2392 795 2646 863 Petron.

234 897 389 964 Sat.
437 897 588 964 126.
625 897 924 965 Habebat
963 900 1171 987 igitur
1212 896 1561 984 „capillos”
1589 937 1674 948 --
1702 904 1775 964 ut
1814 904 1910 965 est
1949 900 2117 985 apud
2161 899 2534 968 Petronium
2566 939 2656 974 —a

238 1007 563 1093 „ingenio
610 1026 726 1071 suo
772 1005 1035 1073 fle108.''

341 1203 408 1271 4.
457 1200 566 1271 25.
639 1203 779 1281 „At
846 1206 915 1269 in
985 1202 1221 1271 Galliis
1267 1202 1582 1270 bellorum
1645 1209 1726 1270 te
1745 1227 1786 1269 n
1805 1225 1942 1270 ore
2006 1205 2317 1293 gliscente
2339 1254 2358 1288 ,
2408 1205 2652 1271 diffusis

232 1327 365 1397 per
410 1317 625 1378 nostra
671 1308 1014 1378 Germanis
1064 1360 1081 1375 .
1110 1361 1125 1376 .
1155 1361 1169 1376 .
1217 1309 1383 1376 nihil
1429 1359 1445 1374 .
1473 1359 1488 1374 .
1518 1359 1534 1374 .
1589 1315 1835 1395 praeter
1877 1309 2174 1376 lacrimas
2221 1317 2546 1397 supererat
2587 1317 2652 1377 et

236 1418 589 1512 terroresl’
2039 1501 2048 1506 Β

338 1525 689 1589 Ammiano
735 1522 1125 1589 reddendum
1175 1528 1331 1608 puto
1378 1521 1738 1600 „bellorum
1784 1521 1819 1585 f
1825 1522 2190 1588 eruore”.
2244 1560 2322 1572 —
2377 1523 2455 1588 In
2504 1522 2648 1590 Vat.

239 1634 351 1695 est
402 1648 870 1697 neruorum.

338 1808 407 1876 6.
460 1811 520 1875 1.
570 1809 791 1890 „Quae
831 1812 985 1877 dum
1025 1811 1195 1877 ultro
1236 1813 1520 1897 citroque
1558 1810 1951 1893 ordinantur,
1992 1809 2218 1875 hostiis
2241 1832 2354 1896 pro
2379 1811 2646 1879 Iouiano

231 1918 541 2002 extisque
585 1919 923 2003 inspectis,
973 1918 1456 2003 pronuntiatum
1506 1923 1603 1982 est
1650 1937 1795 1982 eum
1849 1918 2064 1981 omnia
2109 1917 2577 2002 perditurum.''

334 2023 501 2088 Post
546 2023 900 2102 „Ioniano”
950 2024 1188 2090 excidit
1233 2023 1642 2109 participium
1692 2021 1876 2088 uelut
1911 2025 2216 2100 ,‚caesis”,
2256 2025 2651 2102 „mactatis.”

332 2220 403 2289 ¹7.
456 2222 519 2288 4.
569 2222 852 2301 „Exacto
898 2220 1351 2287 miserabiliter
1399 2220 1594 2286 biduo
1617 2270 1636 2302 ‚
1685 2220 1936 2286 furebat
1982 2219 2198 2286 inedia
2241 2223 2460 2306 iraque
2509 2197 2645 2307 per-

235 2332 417 2396 citus
463 2327 687 2415 miles,
736 2329 899 2394 ferro
947 2348 1413 2415 properans
1461 2346 1654 2412 quam
1706 2326 1877 2392 fame
1928 2377 1942 2392 .
1971 2377 1987 2394 .
2019 2374 2033 2389 .
2085 2326 2407 2393 absumi.'’

336 2432 497 2502 Noli
546 2434 873 2520 dubitare,
923 2435 1077 2521 quin
1124 2437 1201 2501 A.
1252 2435 1573 2520 scripserit
1623 2438 2162 2520 praeoptans.

336 2631 404 2699 8.
456 2632 518 2700 2.
586 2632 755 2711 „Vbi
816 2631 1183 2697 transeundi
1246 2632 1454 2696 amnis
1520 2634 1734 2715 aperte
1793 2631 2051 2717 signum
2104 2629 2329 2697 dedere
2378 2634 2646 2701 bucinae

239 2744 697 2824 concrepantes
716 2787 733 2816 ‚
802 2741 1059 2803 inmane
1129 2757 1253 2822 quo
1329 2742 1692 2821 quantoque
1761 2736 1980 2801 ardore
2043 2740 2279 2802 temere
2344 2740 2647 2824 rapiendo

242 2851 585 2912 momenta
646 2844 1075 2930 periculorum
1140 2850 1343 2908 semet
1404 2844 1672 2928 quisque
1721 2841 1986 2927 reliquis
2032 2845 2331 2909 omnibus
2381 2850 2642 2931 antepo-

240 2973 440 3030 nens,
490 2952 774 3017 uitare
820 2950 1029 3016 multa
1074 2956 1139 3016 et
1185 2948 1497 3015 terribilia
1543 2947 1949 3015 festinabat.”

336 3058 442 3123 Ab
487 3057 605 3123 hoc
651 3056 789 3123 loco
838 3076 1095 3141 prorsus
1140 3053 1421 3121 alienum
1471 3054 1729 3119 uidetur
1776 3055 2088 3131 uitare,
2139 3077 2288 3122 nam
2329 3056 2642 3125 terribilia

238 3162 359 3230 illa
425 3184 549 3229 non
597 3164 891 3229 uitabant
936 3162 1178 3227 milites
1224 3161 1334 3227 sed
1382 3161 1555 3227 obire
1599 3166 1664 3227 et
1711 3181 2006 3246 superare
2056 3163 2417 3231 studebant.
2491 3162 2645 3231 Cor-

240 3269 589 3358 rigendum
638 3278 795 3354 puto
841 3274 1193 3335 tentare.

334 3451 401 3520 8.
455 3449 496 3516 6
558 3458 773 3518 narrat
835 3450 1078 3518 milites
1140 3451 1221 3518 ad
1282 3454 1530 3517 uictum
1576 3451 1744 3518 nihil
1788 3452 2076 3518 inuenire
2123 3454 2402 3537 potuisse
2474 3454 2641 3530 „nisi

242 3559 623 3625 abrotonum
674 3564 739 3625 et
785 3552 1180 3624 absinthium
1231 3563 1294 3623 et
1342 3558 1743 3624 dracontium
1767 3606 1783 3636 ‚
1833 3558 2085 3643 aliaque
2131 3556 2472 3623 herbarum
2520 3580 2636 3647 ge-

245 3686 398 3731 nera
444 3667 553 3730 tri
570 3671 642 3731 st
659 3666 895 3731 issim
914 3666 1016 3731 a.”

334 3770 415 3837 In
462 3769 538 3839 V.
588 3778 685 3837 est
729 3774 818 3836 ut
865 3772 1407 3839 trestissima.
1454 3768 1717 3836 Gonicio
1763 3771 1846 3834 in
1867 3770 2290 3836 festissim
2310 3791 2367 3836 a.

335 3968 402 4035 8.
457 3969 560 4037 12.
628 3968 926 4049 „Iussum
986 3974 1082 4036 est
1129 3974 1345 4036 autem
1394 3970 1473 4035 ad
1519 3968 1847 4054 implenda
1892 3969 2046 4035 haec
2093 3973 2476 4054 perrecturis
2524 3993 2636 4038 ex-

249 4073 471 4142 tollere
516 4078 742 4143 seriem
791 4082 1120 4165 gestorum
1165 4078 1248 4141 in
1294 4073 1674 4142 melius.''

337 4178 600 4271 Corrige
668 4184 847 4249 sodes
915 4182 999 4247 in
1067 4183 1371 4260 maius,
1431 4188 1505 4248 nt
1565 4183 1898 4248 Ammiani
1963 4202 2170 4249 sermo
2220 4190 2282 4249 et
2331 4182 2439 4249 hic
2483 4186 2632 4250 usui

255 4290 575 4355 communi
622 4292 955 4377 congruat.

2287 4392 2353 4444 1⁹
