3150 5000
600 235 731 300 3-’,2
1578 257 2008 307 mmmm.

594 444 809 490 mente
850 436 1165 510 poterant.
1210 425 1471 496 Ταύτης
1516 420 1618 488 οὖν
1665 432 1776 496 τῆς
1819 427 2030 496 πάσης
2073 425 2364 504 xmae»
2397 431 2758 506 cepha-§n
2793 427 2948 504 ἔμελ·

592 545 699 595 λον
746 528 801 596 οἱ
846 529 1193 614 Ἀθηηῖιι,
1242 535 1553 606 πελειάων
1597 534 1812 602 adroic
1859 531 2184 610 ἱῖρυμέιτα
2229 533 2296 594 ἐν
2337 544 2418 612 r}
2455 535 2640 616 κέρᾳ
2675 535 2782 596 zai
2819 557 2950 612 522-

592 639 705 710 λῖν
767 639 835 702 αὖ
897 641 1293 718 ταςεχέηω
1340 637 1720 716 δικάζεσθαι.
1767 637 2162 704 scholiastae
2207 641 2402 704 verba
2443 657 2632 716 sunt,
2673 643 2788 726 qui
2827 639 2952 702 vul-

590 757 813 832 gatam
860 747 1237 830 scripturam
1260 793 1281 820 ,
1328 747 1427 808 uti
1474 744 1680 820 rides,
1735 749 2224 829 interpretatum
2271 746 2382 810 sed
2425 747 2732 830 equidem
2771 748 2952 831 potius

588 850 969 916 crediderim
1028 850 1341 938 agricolas
1396 853 1465 914 in
1526 851 1750 916 urbem
1815 852 2176 936 compulsos
2221 857 2354 916 otio
2391 853 2750 918 abundasse
2791 854 2956 918 deie-

594 959 827 1042 batque
882 957 951 1022 id
1010 959 1227 1044 potius
1288 955 1465 1022 lucro
1526 959 1790 1042 apponi,
1853 961 1910 1022 si
1971 961 2466 1023 imminueretur
2509 981 2820 1024 numerus
2859 965 2956 1020 τῶι

590 1061 1033 1144 δικαζομένων,
1084 1083 1235 1128 nam
1284 1061 1582 1128 effrenata
1631 1061 1934 1150 litigandi
1979 1063 2240 1129 licentia
2279 1067 2516 1150 poterit
2561 1065 2854 1130 homines
2891 1063 2956 1128 ad

586 1180 1027 1258 paupertatem
1074 1169 1395 1257 redigere,
1442 1171 1680 1254 poterit
1725 1171 1988 1236 fortasse
2033 1192 2254 1235 meum
2303 1171 2682 1238 thesaurum
2731 1175 2802 1236 in
2833 1188 2958 1235 tuoe

584 1276 829 1342 loeulos
886 1275 1257 1352 transferre,
1318 1275 1429 1340 sed
1490 1278 1718 1340 aerarii
1779 1275 2290 1340 emolumentum
2355 1285 2472 1341 aut
2531 1299 2812 1362 parvum
2863 1292 2958 1340 aut

584 1381 841 1450 nullum
912 1394 1045 1458 est,
1116 1401 1321 1466 neque
1380 1381 1638 1466 expedit
1697 1383 1872 1446 cives
1933 1382 2014 1446 ab
2077 1385 2214 1446 suis
2257 1384 2790 1468 occupationibus
2832 1403 2960 1446 aro·

586 1493 751 1566 cari,
818 1504 893 1553 ut
952 1489 1139 1553 otiosi
1200 1489 1269 1550 in
1332 1485 1634 1552 tribunali
1689 1487 1948 1552 sedeant
1993 1498 2060 1551 et
2104 1509 2324 1552 aurem
2375 1491 2724 1584 praebeant
2767 1507 2960 1554 omo-

582 1617 727 1662 rum
786 1593 1175 1660 clamoribus
1232 1603 1301 1657 et
1344 1595 1672 1658 conviciis.
1743 1594 1886 1668 Quo
1935 1615 2040 1658 me
2083 1616 2360 1679 cumque
2407 1611 2625 1668 verto,
2669 1618 2798 1662 non
2843 1617 2958 1680 per·

582 1705 783 1788 spicio
864 1699 1021 1786 quid
1102 1698 1267 1764 illud
1336 1699 1694 1778 δικιςηρίων
1765 1701 2020 1764 tandem
2089 1700 2428 1788 significet.
2513 1702 2810 1779 Beiicio,
2874 1705 2960 1764 uti

582 1809 757 1884 dixi,
821 1806 1331 1882 &mummi-ov,
1377 1826 1525 1870 nam
1572 1805 1910 1891 pleraeque
1955 1828 2194 1871 merces
2243 1811 2404 1872 mari
2451 1809 2960 1882 advehebantur;

582 1916 801 1980 reiicio
846 1913 1249 1993 inunum,
1290 1933 1439 1976 nam
1484 1911 1880 1978 officinarum
1929 1915 2132 1997 maj0r
2175 1935 2482 1978 uumerus
2529 1916 2656 1977 tuit
2703 1919 2774 1978 in
2819 1915 2960 1978 urbe

582 2031 649 2088 et
706 2024 773 2085 in
834 2019 1093 2097 Pirae03
1158 2019 1267 2082 sed
1328 2017 1483 2102 quid
1530 2025 1628 2082 est
1673 2015 2074 2096 δικαςηρίωνῗ
2141 2019 2282 2084 Non
2333 2023 2546 2104 mag-is
2591 2021 2718 2085 hoc
2765 2022 2960 2086 video.

580 2126 1047 2194 Herwerdenus
1106 2127 1175 2189 in
1238 2123 1515 2188 editione
1574 2121 1898 2210 significat
1957 2125 2080 2188 sibi
2145 2146 2394 2209 quoqne
2441 2125 2806 2203 ὅικαιςηρὶων
2850 2145 2962 2190 non

581 2253 805 2301 vacare
867 2233 1259 2316 suspicione,
1320 2251 1435 2294 nec
1480 2239 1696 2294 tamen
1747 2229 2030 2294 multum
2079 2231 2378 2295 tribuisse
2427 2232 2686 2296 videtur
2727 2235 2960 2318 conjec-

580 2341 743 2404 turis
804 2337 937 2402 illis
984 2337 1267 2414 duabus,
1316 2355 1477 2420 quae
1522 2335 1694 2400 solae
1737 2335 2066 2422 hucusque
2111 2336 2394 2422 prolatae
2441 2338 2724 2402 fuerunt.
2779 2341 2960 2404 Abso-

576 2445 719 2513 luto
778 2451 993 2510 autem
1058 2461 1245 2528 opere
1304 2443 1372 2507 in
1416 2441 1806 2527 praefatione
1851 2442 2106 2528 scribit,
2155 2464 2324 2509 nunc
2367 2464 2437 2508 se
2483 2443 2742 2511 credere
2789 2465 2958 2511 voca·

574 2552 800 2620 bulum
850 2550 1202 2629 δικαςηρίων
1244 2548 1325 2613 ab
1366 2548 1636 2614 eruditis
1679 2550 1912 2635 injuria
1951 2552 2218 2617 tentari:
2261 2550 2482 2615 fecisse
2521 2553 2854 2636 imprimis
2893 2559 2956 2616 ut

574 2660 695 2727 hoc
762 2660 889 2724 sibi
958 2654 1397 2742 persuaderet,
1467 2654 1701 2740 Lysiae
1767 2654 1980 2720 locum
2041 2655 2254 2721 XVII.
2317 2655 2394 2720 3:
2457 2657 2518 2719 ἕν
2563 2660 2682 2733 μὲν
2729 2655 2836 2723 οὖν
2879 2660 2954 2736 τῷ

574 2766 861 2847 πολέμῳ,
934 2764 1083 2828 διότι
1151 2763 1258 2827 οὐκ
1324 2755 1477 2833 ἦσαν
1538 2762 1744 2846 δίκαι,
1805 2764 1870 2827 οὐ
1939 2762 2182 2827 δυνατοὶ
2249 2758 2400 2841 ἦμεν
2463 2768 2612 2845 παρ’
2663 2768 2872 2831 αὐτῶν
2913 2757 2952 2831 ἃ

572 2876 832 2955 ὤφειλον
870 2868 1245 2950 πράξασθαι.
1288 2868 1604 2953 Equidem
1645 2870 1926 2934 nondum
1969 2891 2196 2935 manus
2218 2869 2366 2935 dare
2389 2891 2669 2954 possum.
2721 2872 2954 2952 Quodsi

561 2982 891 3071 justitium
942 2980 1067 3042 fuit
1112 2996 1221 3061 per
1268 2995 1487 3040 omnes
1534 2974 1678 3039 illos
1727 2996 1954 3054 annos,
2005 2976 2236 3060 quibus
2279 2975 2572 3061 Spartani
2617 2977 2950 3043 Deceleam

570 3092 913 3153 tenuerunt
972 3122 1056 3133 —
1120 3102 1507 3169 quamquam
1564 3102 1691 3146 non
1739 3082 2198 3169 negligendum
2247 3090 2344 3149 est
2389 3084 2796 3151 Alcibiadem
2843 3084 2948 3149 illo

569 3202 851 3279 tempore
898 3190 1176 3256 nondum
1226 3190 1386 3253 scire
1432 3190 1748 3273 potuisse,
1802 3210 1994 3274 quam
2041 3193 2312 3256 exitiosa
2357 3190 2564 3256 clades
2605 3192 2948 3257 Athenien-

566 3304 735 3365 sium
806 3301 871 3363 in
945 3298 1093 3361 satis
1152 3302 1315 3359 esset
1380 3332 1467 3341 -
1530 3295 1641 3359 sed
1703 3296 1799 3359 fac
1859 3316 2008 3361 eum
2073 3296 2150 3361 de
2188 3297 2446 3382 justitio
2492 3304 2590 3361 tot
2636 3319 2944 3365 annorum

566 3406 977 3493 cogitavisse,
1032 3404 1087 3466 si
1135 3403 1305 3467 cives
1342 3400 1479 3485 jam
1528 3399 1778 3465 nullam
1827 3408 2081 3487 propter
2110 3402 2442 3487 judicandi
2467 3402 2748 3469 officium
2779 3426 2943 3471 mer-

564 3513 783 3580 cedem
850 3512 1240 3593 acciperent,
1307 3512 1485 3570 tanto
1546 3510 1753 3573 maior
1797 3512 2098 3593 pecuniae
2146 3510 2248 3574 vis
2295 3511 2362 3573 in
2411 3512 2652 3575 aerario
2699 3532 2944 3595 supere·

564 3627 663 3687 rat
724 3618 801 3683 ad
866 3614 1103 3681 bellum
1170 3613 1692 3691 sustentandum,
1739 3636 1854 3679 nec
1901 3622 2230 3701 propterea
2275 3637 2410 3680 sese
2457 3620 2638 3700 quasi
2685 3620 2941 3681 succisis

561 3724 911 3813 poplitibus
981 3721 1057 3785 ad
1129 3718 1406 3784 militian
1471 3720 1920 3806 accingebant;
1985 3723 2139 3804 quin
2201 3729 2265 3785 et
2325 3721 2538 3787 clausa
2602 3721 2937 3787 tribunalia

560 3835 727 3897 vires
798 3826 1029 3915 populo
1102 3826 1327 3891 addere
1398 3825 1785 3903 debuerunt,
1860 3848 2058 3920 quum
2125 3828 2204 3892 ad
2268 3826 2530 3893 classem
2595 3828 2933 3913 parandam

560 3957 790 4005 nervus
838 3954 1047 3997 rerum
1098 3932 1343 4019 largius
1386 3942 1772 4017 suppeteret.
1819 3932 1940 3997 Sed
1979 3938 2114 4021 jam
2169 3942 2423 4020 tempus
2471 3942 2566 4000 est
2610 3937 2820 4001 dicere
2863 3934 2936 3999 ad

558 4066 749 4135 quam
806 4041 1229 4125 suspicionem
1280 4038 1579 4123 equidem
1628 4039 2014 4104 devenerim.
2063 4041 2282 4106 Primo
2332 4040 2468 4107 loco
2516 4042 2683 4106 dixit
2729 4048 2932 4107 orator

556 4154 632 4219 de
686 4145 962 4213 metallis
1011 4144 1433 4221 Laureoticis3
1486 4147 1682 4210 tertio
1731 4144 1866 4211 loco
1913 4146 1990 4211 de
2037 4150 2306 4231 pecunia
2347 4168 2538 4231 quam
2585 4150 2741 4213 socii
2789 4168 2928 4231 quo·

556 4258 766 4323 tannis
825 4252 1255 4329 conferebant3
1319 4252 1592 4315 secundo
1646 4250 1786 4316 loco
1835 4254 2304 4339 conjunguntur
2351 4253 2596 4317 reditus
2643 4254 2765 4318 ἀπὸ
2812 4262 2926 4331 γῆς

553 4371 617 4429 et
681 4360 919 4427 reditus
982 4340 1134 4423 ἀνι-δ’
1174 4355 1543 4436 emmenum.
1618 4357 1948 4423 Mordicus
1995 4360 2216 4423 tenebo
2255 4357 2368 4423 has
2417 4358 2574 4423 duas
2621 4381 2752 4425 esse
2794 4379 2922 4445 spe-
