3150 5000
547 287 677 355 172
1532 304 1932 356 flmonorus.

540 471 841 553 Φυκυὶῃ
906 471 1049 540 Διὸς
1114 469 1269 548 ἱρόν,
1336 472 1466 538 κτὲ.
1554 471 1767 537 Naber
1829 470 1975 536 vult
2043 472 2349 550 ὑποφῆτις
2411 474 2765 551 πεφυκυῖα,
2821 470 2928 536 sed

542 576 731 662 (quod
769 579 905 662 ipse
944 579 1210 642 sensisse
1243 577 1502 644 videtur
1538 577 1898 644 adscribens
1935 575 2080 654 „vel
2123 580 2177 642 si
2214 576 2282 642 id
2318 579 2529 644 mavis
2553 577 2926 659 γεγονυῒαἽ

541 689 861 762 πεφυκυῖα
907 685 1182 768 pessime
1228 683 1471 749 dictum
1511 684 1690 749 foret.
1757 683 1855 748 Ne
1893 691 2192 761 γεγονυῖα
2237 681 2496 767 quidem
2535 687 2706 748 recte
2739 683 2932 749 habe·

538 795 671 868 ret,
731 792 1028 875 quoniam
1086 796 1231 876 post
1278 791 1596 877 templum
1645 790 1972 855 conditum
2022 790 2281 855 demum
2335 787 2571 854 mulier
2616 788 2789 854 facta
2833 795 2930 854 est

536 894 711 962 Iovis
774 897 1103 977 ὑποφῆτις.
1189 885 1260 961 'Si
1323 895 1666 962 difficultas
1727 896 1942 981 aliqua
2004 901 2101 961 est
2163 898 2230 960 in
2281 895 2426 960 ὑπὸ
2473 897 2698 975 Φηγῷ,
2748 897 2930 960 cuius

538 1003 777 1068 arboris
836 1005 1080 1068 mentio
1144 1023 1341 1087 paene
1398 1004 1749 1068 necessaria
1799 1001 2074 1076 videtur,
2125 1000 2304 1066 nullo
2351 1003 2610 1087 negotio
2655 1003 2930 1066 conicias

539 1109 570 1172 ἐ
586 1108 671 1172 πὶ
738 1110 927 1190 φηγῷ
946 1157 964 1192 ,
1030 1109 1137 1174 sed
1200 1108 1352 1193 quid
1415 1111 1501 1172 sit
1553 1130 1668 1174 cur
1713 1128 2017 1193 quercum
2066 1106 2249 1172 illam
2297 1107 2608 1191 peraltam
2657 1115 2724 1172 et
2771 1109 2929 1172 anti-

533 1216 916 1299 quissimam
980 1213 1202 1278 aedem
1250 1217 1407 1279 satis
1454 1213 1770 1280 humilem
1817 1213 2014 1278 fuisse
2059 1233 2368 1298 negemus
2415 1212 2714 1296 equidem
2761 1233 2931 1297 pror-

538 1339 647 1384 sus
698 1339 825 1384 non
885 1319 1091 1387 video,
1164 1319 1383 1386 Meam
1444 1320 2004 1404 transpositionem
2047 1319 2360 1399 πεφυκυίῃ
2399 1318 2611 1384 αὐτ-ὅθι
2629 1365 2647 1396 ,
2687 1321 2762 1383 in
2809 1338 2932 1403 qua

538 1425 853 1506 πεφυκυίῃ
904 1425 1223 1490 abundare
1286 1444 1449 1512 nego
1469 1474 1488 1509 ,
1553 1428 1611 1489 si
1672 1445 1795 1490 non
1856 1423 2176 1497 admittis,
2254 1444 2400 1490 cum
2474 1421 2930 1491 Valckenaerio

540 1531 811 1597 scribere
872 1534 1071 1617 possis
1134 1525 1203 1596 εὖ
1252 1531 1563 1612 πεφυκυίῃ
1583 1579 1599 1608 ,
1649 1536 1714 1596 st
1759 1532 1969 1596 nescio
2014 1551 2096 1595 an
2141 1529 2297 1596 haec
2345 1531 2710 1596 coniectura
2756 1550 2932 1615 prae-

538 1641 699 1721 stet,
748 1638 897 1722 quia
940 1639 1033 1703 sic
1082 1637 1367 1702 arborem
1419 1657 1742 1722 proceram
1792 1635 1988 1700 fuisse
2033 1637 2168 1720 ipse
2215 1637 2486 1722 scriptor
2531 1633 2932 1722 significave-

532 1743 641 1808 rit.
714 1739 1014 1809 Oeterum
1062 1743 1143 1810 cf.
1192 1742 1461 1809 Pausan.
1514 1743 1586 1808 H
1633 1740 1722 1806 28
1742 1789 1759 1820 ,
1813 1743 1877 1807 3.

628 1958 691 2024 H
758 1957 906 2024 161.
972 1960 1120 2025 Iure
1182 1961 1245 2026 N
1246 1962 1394 2026 aber
1454 1963 1780 2044 vituperat
1841 1959 2158 2025 Steinium
2219 1958 2386 2043 quod
2437 1959 2680 2024 multas
2729 1959 2932 2044 ipsius

538 2067 927 2131 coniecturas
986 2075 1189 2131 certas
1252 2072 1366 2131 aut
1410 2065 1769 2151 probabiles
1816 2063 2070 2130 silentio
2121 2066 2619 2149 praetermiserit
2635 2112 2652 2141 ,
2706 2065 2929 2129 dubito

540 2173 755 2236 tamen
795 2191 953 2235 num
992 2170 1098 2236 hic
1135 2171 1371 2236 iniuria
1410 2173 1754 2256 spreverit,
1794 2176 1869 2236 ut
1907 2169 2158 2236 Nabero
2181 2169 2476 2252 videtur,
2501 2171 2928 2236 coniecturam

542 2275 993 2351 δαημονέςατος
1046 2298 1159 2362 pro
1212 2275 1721 2354 εὖδαιμονέςατος
1745 2326 1763 2350 ,
1815 2296 2004 2361 quam
2057 2280 2122 2341 et
2165 2276 2303 2362 ipse
2345 2277 2414 2340 in
2462 2276 2744 2341 editione
2793 2295 2932 2341 mea

540 2383 745 2447 sciens
781 2401 906 2447 non
946 2385 1461 2449 commemoravi.
1510 2383 1760 2468 Nempe
1798 2382 1875 2446 de
1913 2381 2232 2446 industria
2277 2383 2547 2467 scriptor
2590 2384 2928 2466 pristinam

542 2487 758 2572 Apriei
824 2486 1197 2554 felicitatem
1220 2536 1235 2564 ,
1303 2490 1411 2574 qui
1476 2510 1586 2574 per
1633 2485 1831 2553 XXV
1878 2509 2071 2554 annos
2119 2487 2414 2575 regnavit
2432 2535 2450 2564 ,
2520 2490 2788 2573 opponit
2836 2508 2931 2551 se-

541 2596 761 2677 quenti
808 2597 933 2661 viri
978 2596 1340 2661 infortunio.

983 2696 1107 2765 ''Hv
1157 2702 1449 2772 Οἰδίπους
1496 2702 1567 2767 τὸ
1615 2703 1847 2779 πρῶτον
1895 2700 2201 2778 εὐδαίμων
2247 2702 2426 2783 ἀνήρ,

996 2802 1111 2871 εἶτ’
1162 2806 1396 2885 ἐγένετ’
1448 2802 1617 2878 αὖθις
1667 2808 2043 2878 ἀθλιώτατος
2091 2806 2345 2885 βροτῶν.

539 2910 907 2978 Sermonem
972 2912 1078 2978 hic
1136 2934 1263 2979 non
1323 2934 1457 2979 esse
1503 2914 1581 2978 de
1628 2912 1989 2989 εὐδαιμονία
2011 2959 2027 2991 ,
2075 2913 2331 2997 qualem
2383 2911 2576 2977 Solon
2623 2915 2690 2977 in
2743 2912 2931 2979 collo-

540 3021 692 3103 quio
752 3039 896 3084 cnm
956 3016 1185 3085 Croeso
1233 3020 1526 3097 volebat,
1575 3040 1700 3085 non
1749 3027 1843 3085 est
1889 3019 2055 3103 quod
2104 3040 2415 3085 moneam.
2489 3018 2690 3109 Scire⁸
2711 3028 2932 3086 autem

538 3124 739 3191 velim
786 3126 955 3190 unde
1002 3132 1300 3211 appareat
1348 3126 1611 3211 Apriem
1665 3126 1860 3191 fuisse
1906 3124 2188 3203 δαήμονα
2227 3130 2292 3189 et
2330 3125 2591 3210 quidem
2632 3132 2752 3189 τῶν
2795 3125 2932 3205 πρό·

538 3252 703 3311 τερον
751 3230 1064 3307 βασιλέων
1114 3232 1588 3308 δαημονέςατον.

628 3336 774 3403 Non
834 3334 1227 3402 intellexisse
1289 3338 1455 3402 mihi
1518 3336 1776 3404 videtur
1835 3338 2080 3402 amicus
2137 3335 2424 3402 scurrilis
2474 3357 2623 3402 sane
2671 3342 2740 3402 et
2788 3336 2934 3423 plus

538 3444 923 3532 Aegyptiaci
990 3462 1178 3526 quam
1240 3444 1442 3507 Attici
1504 3440 1656 3507 salis
1717 3441 2011 3506 habentis
2069 3443 2193 3507 ioci
2258 3444 2564 3507 rationem
2587 3490 2604 3519 ,
2673 3444 2934 3527 qualem

535 3551 921 3619 lascivorum
961 3569 1303 3634 puerorum
1337 3566 1515 3614 more
1554 3548 1847 3631 permisit
1885 3548 2010 3612 sibi
2048 3545 2310 3612 Amasis
2333 3596 2352 3621 ,
2391 3547 2500 3631 qui
2525 3547 2901 3614 Patarbemi
2917 3595 2935 3629 ‚

537 3676 726 3740 quem
775 3657 1003 3740 Apries
1046 3656 1318 3719 iusserat
1364 3652 1596 3735 ζώοντα
1647 3654 1879 3730 οὶγαγ
1906 3660 2022 3717 εῖν
2069 3654 2216 3731 παρ’
2270 3652 2520 3730 ἑωυτόν,
2571 3673 2795 3737 secum
2845 3656 2936 3717 ire

535 3763 782 3826 iubenti
850 3758 1299 3838 ἀπεματῶἵσε,
1365 3758 1469 3823 καὶ
1535 3762 1712 3823 τοῦτο
1779 3782 1887 3833 μιν
1944 3757 2185 3822 ἐκέλευε
2249 3758 2470 3839 Ἀπρίῃ
2531 3756 2930 3837 ἁπάγειν.

536 3864 785 3949 Nempe
830 3864 1197 3930 Patarbemi
1248 3866 1484 3931 dicenti
1520 3862 1806 3928 ἐκέλευσέ
1845 3888 1928 3939 με
1969 3863 2276 3943 βασιλεὺς
2316 3865 2463 3944 παρ’
2507 3861 2728 3927 ἑαυτόν
2766 3866 2936 3943 ἀγα-

538 3976 677 4047 γεῖν
739 3993 807 4034 σε
868 3972 1121 4037 Amasis
1181 3970 1551 4047 ἀποπαρδών
1614 3970 1967 4055 respondit:
2034 3970 2169 4034 ἀντ’
2240 3970 2389 4047 ἐμοῦ
2453 3968 2680 4048 ἄγαγε
2729 3976 2930 4035 τοῦτο.

538 4075 705 4142 Nam
750 4075 1191 4163 corrigendum
1248 4077 1497 4143 videtur
1536 4081 1647 4141 ant
1687 4077 2044 4154 ἆγαγεῒν
2083 4095 2198 4161 pro
2234 4074 2546 4154 ἀπάγειν,
2597 4081 2712 4141 aut
2753 4082 2936 4141 utro-

540 4182 731 4267 bique
778 4180 821 4245 ἄ
837 4206 882 4260 y
899 4206 928 4245 ε
950 4203 967 4244 ι
986 4206 1015 4246 ν
1034 4228 1051 4259 ,
1099 4191 1173 4246 ut
1218 4185 1423 4267 priore
1464 4182 1603 4248 loco
1642 4182 1900 4247 exhibet
1940 4183 2250 4247 recentior
2289 4180 2399 4247 sed
2439 4181 2658 4248 eadem
2703 4181 2937 4247 melior

539 4287 827 4354 codicum
875 4285 1144 4351 familia.
1208 4285 1442 4353 Contra
1490 4288 1793 4373 rescripto
1834 4308 1982 4352 cum
2024 4286 2278 4352 Nabero
2326 4286 2932 4367 ἀπαγγέλλειν

540 4394 706 4479 perit
752 4394 959 4459 omnis
1006 4392 1256 4457 dicterii
1307 4392 1579 4459 aculeus.
