3150 5000
1250 323 1493 374 monuo.
2436 304 2569 372 30¹7

214 497 312 555 net
351 489 424 555 ed
463 495 656 576 caput
705 488 786 554 31
810 539 829 574 ,
878 509 1041 575 quae
1087 493 1258 556 enim
1311 492 1400 556 ibi
1440 490 1749 578 leguntur
1783 497 1933 577 apte
1966 494 2339 557 continuant
2378 513 2571 580 argu-

213 604 474 662 mentum
520 597 691 682 quod
736 599 805 662 in
852 618 1043 682 supra
1089 597 1424 682 descriptis
1443 647 1460 680 ,
1509 601 1644 663 suis
1690 601 1927 683 partim
1975 600 2185 664 verbis
2203 647 2221 681 ,
2262 599 2571 685 Augusti-

209 723 314 766 nus
362 702 652 787 explicat.
743 701 1142 787 Interpositis
1189 703 1572 789 quibusdam
1624 703 1703 768 de
1748 703 2091 769 Phalaride
2142 705 2572 790 Agrigentino

209 807 343 873 haec
395 809 818 893 sequebantur
877 809 914 893 ς
977 806 1096 873 48τ
1163 855 1199 886 ,,
1232 858 1244 870 .
1281 861 1292 871 .
1325 815 1668 894 reportare.
1750 808 1922 896 Ergo
1982 807 2160 874 illam
2212 811 2569 893 (civitatem

208 909 706 1001 Agrigentinum)
767 935 905 980 rem
967 913 1225 999 populi,
1287 913 1357 980 id
1403 920 1498 980 est
1546 935 1683 980 rem
1730 913 2059 1000 publicam
2078 963 2097 998 ,
2146 916 2288 1000 quis
2334 915 2574 982 diceret

210 1023 328 1082 tum
345 1066 362 1095 ,
405 1039 554 1084 cum
603 1017 985 1086 crudelitate
1025 1021 1220 1084 unius
1258 1022 1540 1105 oppressi
1579 1026 1790 1086 essent
1828 1018 2150 1098 universi,
2177 1039 2379 1104 neque
2406 1027 2573 1087 esset

210 1145 386 1188 unum
427 1123 764 1190 vinculum
811 1127 972 1190 iuris
1016 1147 1132 1191 nec
1179 1145 1516 1192 consensus
1563 1147 1637 1192 ac
1684 1128 1953 1191 societas
2004 1132 2220 1190 coetus
2238 1173 2255 1202 ‚
2295 1127 2451 1212 quod
2482 1133 2572 1191 eet

201 1229 488 1316 populu&
561 1231 896 1298 Postrema
963 1238 1100 1297 tum
1166 1231 1426 1298 demum
1493 1239 1664 1298 recte
1722 1231 2030 1298 collocata
2091 1239 2307 1308 erunt,
2375 1233 2429 1297 si
2502 1234 2569 1296 in

209 1339 613 1421 superioribus
677 1339 814 1423 ipsa
873 1337 1094 1425 populi
1158 1337 1442 1404 definitio
1501 1341 1807 1403 restituta
1871 1341 2010 1404 erit.
2096 1336 2383 1422 Populus
2438 1343 2569 1416 est,

210 1449 274 1505 ut
324 1443 602 1508 vidimus
619 1491 638 1520 ,
709 1452 964 1526 „coetus
1023 1442 1460 1512 multitudinis
1479 1490 1498 1521 ‚
1560 1444 1722 1510 iuris
1780 1463 2086 1510 consensu
2148 1447 2215 1508 et
2264 1443 2571 1510 utilitatis

207 1549 628 1614 communione
691 1549 1029 1615 sociatus”.
1099 1549 1221 1616 -Ad
1283 1551 1438 1616 haec
1496 1549 1614 1615 illa
1658 1549 2027 1635 corrigenda
2078 1554 2271 1633 puto:
2324 1570 2569 1636 „neque

205 1664 346 1718 esset
389 1656 577 1718 ullam
625 1655 956 1721 vinculum
998 1657 1158 1720 iuris
1174 1701 1192 1732 ,
1231 1676 1346 1721 nec
1383 1675 1691 1722 consensu
1730 1675 1804 1720 ac
1842 1655 1977 1720 iure
2014 1659 2274 1718 sociatus
2311 1661 2530 1721 coetus
2546 1701 2565 1734 ,

204 1759 347 1842 quod
405 1767 502 1826 est
548 1759 884 1846 populus”.
963 1761 1110 1827 Iure
1153 1764 1465 1828 omissum
1516 1765 1614 1828 est
1657 1766 1802 1847 post
1844 1761 2003 1825 iuris
2048 1782 2241 1846 supra
2285 1759 2522 1827 lectum
2547 1807 2565 1840 ,

203 1870 323 1929 tum
384 1865 628 1951 reliqua
673 1873 894 1952 sponte
939 1873 1175 1933 secuta.
1240 1867 1494 1932 sociem
1540 1878 1740 1932 coetus
1786 1873 2002 1933 autem
2050 1887 2174 1932 non
2219 1866 2559 1955 intellego,

201 1976 254 2034 et
305 1974 726 2056 requireretur
743 2021 762 2056 ,
826 1975 882 2036 si
947 1975 1296 2039 sententiae
1355 1973 1461 2038 vel
1507 1975 1790 2039 maxime
1836 1971 2258 2038 satisfaceret:
2311 1973 2415 2058 qui
2458 1972 2565 2039 vel

206 2097 350 2159 quae.
428 2077 604 2159 Quod
655 2079 802 2143 ferri
862 2083 1072 2163 potest
1087 2128 1104 2152 ,
1169 2081 1225 2144 si
1276 2079 1635 2145 subiectum
1690 2077 2085 2165 (relativum)
2135 2085 2201 2143 et
2246 2079 2567 2163 praedica-

203 2187 322 2245 tum
386 2203 498 2268 per
562 2181 994 2250 definitionem
1041 2191 1503 2270 exaequantur,
1551 2190 1627 2250 ut
1673 2185 1793 2250 hoc
1836 2182 1975 2250 loco
2021 2190 2165 2270 post
2214 2205 2561 2262 „consensu

203 2305 263 2352 sc
313 2291 450 2354 iure
504 2289 910 2377 (hendiadys)
959 2292 1240 2356 sociatus
1288 2290 1571 2376 coetus”‚
1619 2311 1817 2377 aeque
1862 2296 2031 2356 recte
2076 2291 2234 2376 quod
2275 2293 2565 2376 sequitur

205 2411 266 2458 ae
307 2394 619 2460 diceretur
668 2400 778 2474 „id
818 2383 1034 2461 autem
1091 2403 1188 2462 est
1232 2395 1570 2482 populus”.

279 2606 382 2675 45.
450 2609 712 2690 Quaerit
769 2608 1018 2696 Scipio,
1082 2632 1237 2676 num
1301 2610 1524 2698 populi
1584 2612 1930 2697 imperium
1992 2613 2082 2676 sit
2132 2632 2235 2677 res
2282 2611 2561 2697 publica.

205 2714 394 2791 „Tum
455 2715 713 2782 Laelius
732 2762 748 2794 ,
810 2738 882 2782 ac
943 2717 1188 2783 nullam
1255 2719 1511 2803 quidem
1574 2720 1768 2784 citius
1828 2720 2201 2805 negaverim
2256 2740 2379 2782 me
2426 2740 2561 2785 rem

201 2820 502 2903 publicam
521 2870 538 2899 ,
581 2842 773 2907 quam
811 2824 1004 2888 istam
1047 2842 1208 2908 quae
1254 2828 1321 2887 to
1361 2826 1372 2909 Ι
1413 2828 1482 2888 ta
1506 2870 1792 2889 .......
1818 2845 1881 2909 p.
1922 2821 1935 2911 1
1974 2844 2062 2909 pu
2089 2869 2471 2889 .........
2513 2826 2525 2907 Ι

201 2929 348 2993 ni.s
372 2974 652 2993 .......
699 2930 712 3012 Ι
751 2948 862 2994 mo
887 2975 1084 2995 .....
1135 2930 1273 2994 obis
1313 2930 1324 3013 Ι
1363 2950 1489 2995 nou
1545 2928 1733 3014 placu
1760 2976 1775 2993 .
1808 2977 1865 2993 ..
1912 2931 1923 3014 Ι
1964 2927 2299 3016 Syracusis
2368 2928 2563 2995 fuisse

203 3052 316 3098 rem
362 3032 756 3121 publicam'’.

274 3137 376 3205 sio
437 3138 652 3205 locum
699 3140 876 3205 dedit
919 3138 1224 3206 Halmius
1269 3162 1349 3206 ex
1395 3140 1731 3207 collatione
1776 3139 2123 3206 Detlefseni
2140 3190 2159 3225 ,
2221 3142 2331 3226 qui
2376 3161 2561 3227 prae·

201 3246 348 3309 terea
407 3251 552 3329 post
605 3261 686 3310 ¹1¹0
725 3248 738 3329 Ι
777 3262 862 3311 τι
909 3248 1176 3333 agnovit
1221 3263 1293 3325 0,
1344 3253 1485 3332 post
1533 3266 1639 3313 m.
1672 3264 1708 3313 s
1750 3249 2128 3332 interposita
2170 3268 2299 3313 una
2345 3247 2565 3314 littera

203 3350 346 3415 vidit
385 3367 488 3417 128.
559 3348 830 3436 Supplet
874 3352 991 3417 H.:
1053 3372 1252 3437 „quae
1293 3357 1360 3419 to
1401 3354 1412 3440 Ι
1454 3360 1520 3418 ta
1555 3353 1833 3417 mutabili
1870 3373 1953 3439 po
1992 3357 2003 3438 Ι
2043 3354 2184 3439 puli
2225 3354 2403 3418 midi
2443 3356 2453 3439 Ι
2492 3355 2562 3418 ui

201 3454 266 3517 sit
303 3456 590 3533 ηιόἰισια,
632 3458 644 3541 Ι
683 3458 868 3523 modo
913 3466 980 3523 ut
1017 3460 1199 3524 nobis
1237 3460 1250 3543 Ι
1291 3476 1414 3525 nou
1454 3458 1766 3543 placuit’',
1812 3457 1948 3525 rell.
1998 3458 2331 3525 Postrema
2368 3457 2560 3545 paulo

197 3556 434 3627 fortasse
479 3560 714 3628 melius
759 3562 890 3651 legi
936 3570 1237 3649 possunt:
1293 3565 1388 3649 „si
1431 3566 1617 3630 modo
1666 3573 1821 3631 recte
1862 3566 2043 3631 nobis
2091 3586 2215 3631 non
2256 3565 2561 3652 placuit''.

196 3659 418 3733 Incerta
473 3670 688 3752 priora
743 3674 930 3746 sunt:
997 3672 1394 3755 scripserim:
1453 3690 1617 3756 quae
1662 3678 1731 3737 to
1770 3672 1781 3757 1
1823 3677 1889 3736 ta
1936 3672 2205 3735 oboediat
2248 3692 2325 3757 po
2366 3673 2377 3756 Ι
2417 3672 2559 3755 puli

198 3768 367 3835 lab-‘di
404 3776 416 3857 Ι
453 3776 522 3839 ni
548 3820 836 3839 .......
901 3776 958 3838 εἰ
997 3777 1008 3860 Ι
1049 3776 1232 3841 modo
1299 3783 1489 3861 recte,
1561 3775 1700 3843 rell.
1795 3774 1951 3842 Post
2020 3776 2284 3841 lubidini
2352 3780 2561 3861 spatio

199 3879 506 3963 respondet
549 3880 804 3945 incanae
821 3926 838 3959 ,
885 3882 996 3947 sed
1041 3902 1165 3949 nou
1213 3884 1426 3970 magis
1470 3883 1593 3948 hoc
1633 3902 1826 3967 quam
1867 3881 2119 3949 Halmii
2158 3882 2562 3969 supplemen-

199 3980 320 4047 tum
365 3988 662 4052 convenit
709 4006 858 4052 cum
903 3990 1199 4075 vestigiis
1248 4008 1286 4052 a
1335 3986 1699 4054 Detlefseno
1746 3989 2044 4053 inventis.

271 4088 445 4155 Libri
488 4090 602 4168 IV,
652 4095 832 4157 cuius
873 4093 943 4157 in
991 4094 1204 4160 codice
1251 4114 1454 4159 unum
1504 4101 1755 4159 tantum
1809 4094 2036 4160 folium
2084 4100 2408 4182 superest,
2456 4098 2560 4182 §4

204 4195 574 4269 „iuventutis
637 4218 789 4264 vero
835 4201 1204 4266 exercitatio
1249 4220 1440 4285 quam
1494 4200 1768 4267 absurda
1812 4203 1881 4265 in
1927 4198 2319 4288 gymnasiis!
2366 4222 2563 4287 quam

201 4294 340 4367 levis
393 4304 782 4389 epheborum
847 4303 966 4370 illa
1025 4303 1301 4371 militiai
1365 4326 1555 4391 quam
1624 4310 2150 4373 oontrectatioues
2204 4312 2269 4373 et
2312 4327 2560 4373 amores

76 4414 79 4479 ἔ
203 4404 372 4473 soluti
429 4418 496 4476 et
555 4406 779 4477 liberii
844 4414 1034 4477 mitto
1097 4414 1262 4496 apud
1315 4412 1502 4479 Eleos
1546 4418 1616 4479 et
1660 4412 2025 4494 Thebanos,
2071 4414 2241 4500 apud
2286 4434 2445 4499 quos
2488 4415 2559 4477 in
