3150 5000
512 271 643 339 406
1529 290 1851 341 nomos.

506 458 780 544 tragicos
823 458 1078 525 Atticos
1125 458 1291 524 nihil
1336 479 1460 525 non
1499 456 1855 546 significare
1878 463 2088 544 potest
2106 508 2125 543 ,
2162 450 2365 545 neilue
2391 460 2597 547 igitur
2620 456 2869 545 diligen-

506 566 698 629 tiores
757 564 953 631 fuisee
1014 571 1231 650 poetas
1292 564 1758 631 Alexandrinos
1802 567 1870 630 in
1920 586 2067 633 vero
2114 568 2252 631 eine
2298 586 2419 631 usu
2465 563 2841 631 observando
2856 608 2875 640 ,

504 688 690 735 nemo
735 669 1093 737 mirabitur.
1139 670 1340 739 Locos
1384 676 1676 737 accurate
1723 672 2107 757 conquisitos
2132 671 2347 737 efferre
2364 720 2383 750 ,
2422 670 2595 739 houd
2628 672 2879 736 fortasse

363 802 374 811 ·
505 778 629 843 erit
673 775 939 843 inutile:

601 884 667 968 1)
704 890 830 966 σφε
853 910 936 935 --
956 885 1148 951 αὐτόν
1208 885 1403 951 habes
1463 885 1633 970 apud
1694 886 2041 971 Aeschylum
2094 884 2308 951 Prom.
2364 884 2405 950 9
2424 933 2440 961 ,
2492 883 2669 971 Sept.
2720 880 2877 961 469,

1050 989 1217 1069 615,
1251 989 1437 1069 617,
1489 989 1655 1068 630,
1705 988 1915 1069 1028,
1958 990 2135 1057 Pers.
2188 989 2353 1069 198,
2388 994 2622 1079 Agam.
2679 986 2885 1065 1642,

1048 1097 1238 1162 Eum.
1286 1095 1455 1183 2343

958 1204 1127 1289 apud
1189 1205 1518 1287 Sophoclem
1582 1207 1682 1271 Αἱ.
1736 1205 1856 1283 51,
1918 1203 2039 1283 74,
2090 1209 2241 1272 Ant.
2292 1204 2415 1283 44,
2469 1201 2640 1280 516,
2692 1200 2768 1267 Ο.
2814 1200 2888 1267 R.

1055 1309 1221 1389 761,
1264 1309 1338 1377 Ο.
1363 1310 1437 1377 C.
1480 1310 1605 1389 40,
1648 1310 1819 1379 1567
1840 1310 1955 1399 (ἵ),
1996 1310 2099 1377 El.
2126 1309 2390 1397 561(?),
2428 1308 2645 1393 1396,
2672 1308 2892 1375 Traeh.

1055 1415 1221 1501 121,
1269 1416 1438 1501 234,
1488 1417 1657 1497 463,
1708 1417 1879 1495 804,
1928 1417 2099 1503 831,
2148 1418 2423 1484 Philoct.
2472 1414 2647 1495 200;

961 1525 1129 1610 apud
1167 1524 1515 1608 Euripidem
1555 1524 1747 1591 Rhee.
1776 1524 1902 1590 601
1928 1573 1944 1602 ,
1983 1526 2121 1591 Ale.
2152 1522 2238 1589 16
2259 1572 2276 1602 ,
2304 1522 2438 1589 200
2458 1571 2474 1600 ,
2502 1520 2638 1587 553
2658 1572 2677 1607 ,
2702 1521 2893 1606 Hipp.

1053 1628 1222 1709 893,
1282 1632 1484 1697 Andr.
1551 1632 1765 1715 1001,
1831 1631 2058 1697 Troad.
2122 1630 2283 1707 720,
2352 1627 2562 1707 1133,
2616 1626 2731 1695 Or.
2778 1625 2897 1703 29,

1049 1737 1377 1803 Phoeniss.
1429 1735 1599 1823 764,
1653 1736 1862 1815 1657,
1906 1737 2131 1823 Suppl.
2164 1735 2549 1814 153‚Here.
2576 1736 2712 1801 fur.
2742 1732 2896 1807 398,

1055 1843 1223 1927 541,
1283 1843 1414 1909 Ion.
1483 1843 1606 1923 54,
1674 1844 1793 1922 71,
1858 1846 1981 1919 81,
2046 1841 2215 1921 269,
2281 1842 2447 1926 282,
2502 1840 2681 1919 285,
2734 1839 2895 1925 286,

1053 1948 1221 2034 348,
1269 1950 1497 2017 Helen.
1548 1949 1716 2026 937.
1773 1950 1984 2029 1201,
2034 1940 2247 2029 1217,
2296 1950 2439 2035 Iph.
2486 1947 2687 2015 Taur.
2742 1946 2895 2029 587,

1055 2054 1224 2133 742,
1274 2054 1487 2141 1184,
1535 2057 1767 2145 fragm.
1821 2055 2035 2135 1058,
2086 2057 2162 2134 3;
2213 2064 2278 2121 et

961 2163 1128 2249 apud
1173 2164 1648 2247 Aristophanem
1678 2164 1772 2251 (in
1812 2164 2071 2249 pat-odie
2109 2163 2405 2229 dictionis
2430 2161 2659 2247 opicae)
2686 2160 2899 2247 Equit.

1057 2268 1256 2335 1020.

601 2374 674 2463 2)
711 2382 841 2459 σφε
861 2402 945 2429 =
967 2376 1161 2451 αὖτήν
1206 2376 1488 2464 legimus
1534 2376 1704 2461 apud
1751 2378 2099 2462 Aeschylum
2143 2375 2333 2440 Eum.
2384 2372 2552 2451 6103

965 2482 1134 2569 apud
1181 2484 1508 2568 Sophoclem
1555 2486 1777 2572 Antig.
1823 2483 1990 2563 772,
2032 2480 2257 2548 Trach.
2282 2478 2451 2558 878,
2492 2478 2663 2566 912,
2697 2479 2897 2564 1133;

963 2592 1132 2676 apud
1195 2591 1539 2674 Euripidem
1600 2590 1835 2656 Alcest.
1886 2590 2007 2674 20,
2064 2588 2230 2674 107,
2288 2587 2450 2666 149,
2501 2585 2682 2672 834,
2734 2587 2900 2653 Med.

1056 2695 1180 2781 33,
1245 2695 1418 2781 806,
1483 2695 1653 2781 944,
1701 2697 2008 2762 Androm.
2060 2695 2183 2774 39,
2232 2694 2400 2771 347,
2450 2692 2686 2758 Helen.
2742 2692 2901 2776 607,

1057 2801 1224 2882 989,
1272 2803 1506 2869 Electr.
1555 2803 1678 2885 27,
1730 2804 1946 2891 Iphig.
1992 2802 2141 2868 Aul.
2194 2801 2279 2866 70
2304 2798 2421 2888 (2²),
2478 2798 2693 2878 1349;

967 2909 1135 2995 apud
1187 2910 1607 2974 Callimachum
1654 2909 1903 2996 Hymn.
1948 2907 2132 2974 Dian.
2188 2905 2318 2975 197
2338 2955 2355 2984 ,
2406 2905 2545 2971 Del.
2600 2908 2711 2971 15.

605 3016 675 3103 3)
712 3023 944 3100 ccpe=
968 3019 1170 3092 αὐτώ,
1221 3025 1391 3082 reete
1434 3019 1641 3104 igitur
1686 3015 2048 3081 adhibitum
2090 3035 2267 3082 more
2302 3012 2651 3079 Homerico
2676 3063 2696 3096 ,
2738 3017 2906 3080 inve-

1057 3126 1235 3188 nitur
1319 3124 1490 3209 apud
1559 3124 1903 3207 Aeschylum
1974 3121 2148 3207 Sept.
2224 3120 2354 3188 740
2376 3168 2392 3198 ,
2481 3117 2653 3204 788,
2743 3121 2903 3200 864,

1062 3227 1274 3305 1002;

970 3333 1138 3420 apud
1185 3335 1514 3418 Sophoclem
1562 3337 1665 3400 Ai.
1714 3333 1919 3419 1389,
1962 3337 2185 3421 Antig.
2230 3331 2441 3413 1226,
2482 3331 2557 3399 Ο.
2580 3331 2665 3399 R.
2700 3335 2901 3414 1505,

1064 3439 1138 3507 O.
1189 3438 1258 3508 O.
1313 3439 1524 3528 16693

968 3548 1140 3633 apud
1179 3549 1524 3633 Euripidem
1563 3547 1737 3613 Med.
1766 3545 1891 3613 781
1918 3597 1934 3622 ,
1974 3547 2183 3630 1062,
2216 3545 2425 3623 1240,
2460 3543 2664 3626 1249,
2705 3549 2915 3626 1338,

1059 3653 1275 3732 1365,
1325 3653 1528 3732 1367,
1591 3653 1801 3732 1401,
1850 3654 2076 3720 Helen.
2131 3652 2295 3732 1403

968 3761 1140 3847 apud
1185 3762 1569 3844 Apollonium
1618 3761 1914 3825 Rhodium
1964 3759 2056 3824 111
2108 3759 2227 3844 48,
2278 3759 2410 3827 370
2432 3807 2449 3836 ,
2499 3757 2653 3824 702.

968 3868 1046 3934 In
1091 3867 1460 3954 Theogonis.
1501 3867 1816 3933 Hesiodea
1856 3865 1960 3932 vel
1999 3871 2065 3931 in
2090 3865 2373 3952 Hymnie
2396 3866 2771 3934 Homericis
2793 3888 2917 3936 non

1061 3977 1336 4040 occurrit
1391 3995 1514 4038 vox
1574 3984 1735 4054 σφε,
1786 3974 1894 4040 eod
1942 3995 2131 4038 suum
2181 3974 2425 4039 obtinet
2468 3973 2919 4059 significatum

1059 4083 1128 4145 in
1175 4077 1370 4146 Scuto
1415 4078 1606 4146 Here.
1649 4078 1735 4142 62
1757 4129 1774 4162 ,
1822 4087 1888 4146 et
1934 4080 2099 4164 apud
2149 4077 2585 4167 Theognidem
2640 4079 2804 4148 552.

610 4187 679 4272 4)
718 4195 845 4269 σφε
868 4211 949 4237 =
975 4187 1196 4259 αὐτούς
1244 4188 1558 4270 reperitur
1607 4185 1775 4269 apud
1824 4187 2168 4273 Aeschylum
2209 4183 2432 4272 Suppl.
2483 4183 2653 4270 5073

969 4291 1137 4379 apud
1194 4292 1542 4374 Euripidem
1606 4289 1774 4358 Med.
1842 4291 2011 4376 393,
2073 4293 2300 4359 Troad.
2356 4292 2475 4368 73,
2524 4289 2691 4358 Hoc..
2740 4293 2915 4366 260,

1061 4397 1314 4464 Heraol.
1373 4397 1502 4462 103
1527 4395 1639 4483 (?);
1888 4395 1896 4402 ’
