3150 5000
507 217 638 289 100
1482 236 1903 289 mammas.

500 410 854 494 terpretum
914 428 1101 493 opera
1167 406 1293 472 fuit
1307 428 1325 485 ;
1391 405 1618 473 deinde
1666 404 1986 495 Georgius
2034 400 2275 473 Grotus
2323 403 2429 469 VI.
2484 400 2612 471 197
2660 403 2895 469 itidem

499 512 716 579 locum
777 534 928 579 cum
975 532 1125 579 cura
1171 515 1566 580 examinavit
1614 519 1678 578 et
1723 515 1793 577 in
1840 515 2213 579 universum
2262 514 2397 577 iam
2445 511 2600 577 satis
2648 514 2903 577 constat

504 621 659 706 quid
697 641 910 688 rerum
951 626 1168 686 actum
1207 620 1424 686 fuerit.
1473 618 1598 685 Sed
1641 619 1794 705 quid
1830 626 1927 685 est
1952 615 2477 701 ὑφόρμισοὶμενοιῖ
2502 619 2631 683 Mr.
2657 617 2905 681 Bloom-

485 729 686 813 field,
757 730 848 794 ait
921 724 1162 795 Grotus
1211 750 1489 812 proposes
1547 728 1975 812 coniecturally
2028 725 2524 809 α’φορμισοέμενοι
2544 772 2561 803 ,
2626 724 2907 806 meaning

503 835 634 918 that
677 835 775 899 the
819 834 1320 919 Peloponnesium
1360 836 1600 923 elipped
1643 834 1800 899 their
1846 836 2095 898 anchore
2140 834 2209 897 in.
2252 834 2351 897 the
2396 833 2604 914 niqht:
2651 831 2702 896 I
2730 832 2909 915 place

505 963 583 1005 no
633 941 809 1027 saith
851 940 922 1003 in
967 942 1065 1006 me
1111 942 1442 1006 coniectare
1460 988 1477 1018 ,
1543 941 1646 1005 but
1692 940 1741 1005 I
1776 941 1994 1005 believe
2036 941 2159 1004 him
2206 950 2267 1004 to
2314 940 2382 1004 be
2417 940 2583 1025 quite
2626 938 2789 1021 right
2840 942 2909 1000 in

505 1048 825 1132 suppo-cinq
839 1097 856 1131 ‚
920 1049 1054 1112 chat
1099 1050 1197 1113 the
1238 1048 1751 1131 Peloponnesium
1795 1046 1906 1112 did
1954 1046 2241 1134 actually
2284 1047 2404 1130 clip
2452 1046 2606 1109 their
2653 1049 2911 1108 anchora

505 1154 576 1219 in
636 1156 734 1219 tlte
792 1155 980 1237 night.
1055 1152 1179 1221 Sed
1233 1154 1354 1220 hoc
1400 1161 1476 1219 ut
1520 1155 1959 1238 obtineamus,
2006 1151 2481 1219 rescribendum
2530 1156 2629 1218 est
2674 1151 2825 1233 ἐφο
2845 1175 2909 1229 ρ-

507 1286 559 1341 μ,
578 1285 596 1325 ι
615 1261 954 1338 σάμενοι
1013 1265 1476 1347 usurpavitque
1535 1265 1807 1349 scriptor
1866 1262 2138 1326 verbum
2209 1258 2645 1338 ε’Φορμίζεσθαι
2716 1256 2911 1344 plane

508 1369 730 1435 eodem
775 1367 966 1435 modo
1014 1389 1138 1454 quo
1187 1368 1351 1433 dixit
1396 1367 1512 1432 IV.
1563 1368 1642 1433 8:
1706 1364 1866 1438 ὅπως
1932 1369 2021 1444 μῆ
2070 1363 2106 1447 ᾖ
2153 1374 2278 1437 τοῖς
2328 1366 2669 1439 Ἀθηναίοις
2720 1364 2908 1445 ἐφορ-

501 1475 816 1552 Ι,ιοίσασθαι
881 1475 941 1547 ἐς
1002 1475 1105 1539 τὸν
1151 1475 1398 1551 λιμένα.
1470 1475 1683 1540 Noctu
1730 1474 2062 1540 voluerant
2113 1470 2431 1539 Corinthii
2478 1472 2716 1537 fretum
2768 1478 2909 1535 tra-

504 1585 698 1648 iicere
745 1587 810 1647 et
853 1584 923 1645 in
969 1582 1255 1647 Aetoliae
1299 1580 1617 1667 quendam
1669 1588 1927 1667 portum
1969 1580 2425 1664 ἔφορμίσασθαι
2448 1627 2465 1658 ,
2508 1579 2617 1644 sed
2642 1578 2712 1643 id
2736 1576 2910 1643 clam

511 1687 1011 1754 Atheniensibus
1057 1708 1208 1754 cum
1254 1708 1381 1755 non
1428 1691 1784 1775 potuissent
1822 1686 2117 1774 perficere
2135 1737 2154 1772 ,
2196 1706 2451 1753 summo
2475 1705 2665 1751 mane
2688 1702 2912 1771 pugna

510 1794 729 1859 initur.
802 1792 908 1860 Sic
967 1796 1092 1859 nisi
1156 1793 1375 1873 fallor,
1438 1815 1661 1860 omnes
1718 1794 2127 1861 difficultates
2186 1798 2591 1861 evanescunt.
2664 1790 2913 1856 Deinde

511 1897 829 1967 Corinthii
891 1902 1169 1986 quinque
1229 1899 1577 1967 celerrimis
1631 1901 1905 1968 navibus
1968 1900 2361 1989 singularem
2410 1900 2756 1965 stationem
2806 1918 2913 1963 as-

509 2010 802 2095 signant,
850 2004 1012 2080 ὅπως
1060 2008 1370 2074 ἐπιπλέοιεν
1417 2007 1519 2073 διὰ
1554 2008 1831 2089 βραχέος
1874 2006 2432 2089 παραγιγνόμενοι,
2478 2006 2551 2072 εἴ
2590 2031 2687 2090 πῃ
2727 2026 2911 2085 προσ-

512 2114 793 2181 πίπτοιεν
863 2115 916 2179 οἱ
983 2115 1275 2192 ἐναντίοι,
1342 2117 1524 2200 quasi
1586 2114 1707 2181 hoc
1768 2117 2085 2180 incertum
2130 2114 2328 2191 foret3
2377 2114 2488 2180 sed
2535 2132 2763 2179 verum
2814 2114 2911 2179 est

515 2216 699 2305 ὅπῃ,
745 2220 1061 2305 quomodo
1106 2226 1274 2287 recte
1323 2221 1534 2286 editur
1577 2219 1660 2286 ΙΙ.
1714 2220 1873 2287 100:
1927 2218 2047 2302 ὅπῃ
2094 2220 2291 2296 δοκοίη
2338 2219 2711 2298 ἐσέβαλλον.

603 2433 810 2503 Paulo
865 2436 1067 2502 serius
1129 2454 1320 2522 quam
1369 2434 1615 2502 solebat
1662 2455 1737 2503 eo
1783 2435 1887 2502 die
1931 2440 2162 2503 ventus
2210 2438 2461 2502 coortus
2512 2439 2608 2501 est
2656 2470 2742 2482 —
2792 2432 2913 2497 hoc

515 2544 690 2608 enim
750 2545 918 2608 inest
975 2543 1043 2606 in
1104 2542 1479 2628 imperfecto
1541 2542 1757 2620 εἰώθει,
1821 2563 1935 2628 pro
1984 2563 2108 2628 quo
2154 2543 2309 2608 haec
2355 2544 2641 2628 primum
2688 2539 2912 2627 legens

516 2651 975 2736 exspectaverit
1020 2650 1339 2735 quispiam
1387 2649 1550 2714 εἴωθε
1582 2685 1663 2698 -
1706 2655 1771 2715 et
1814 2669 1965 2716 mox
2013 2648 2279 2715 conferti
2324 2648 2609 2714 hostium
2660 2647 2911 2713 ordines

517 2758 761 2822 turbati
823 2760 1001 2832 sunt,
1067 2777 1122 2822 c.
1176 2755 1302 2821 84:
1375 2760 1519 2827 ναῦς
1584 2780 1657 2820 τε
1722 2755 1810 2831 νηὶ
1870 2755 2251 2837 προσέπιπτε
2317 2756 2421 2820 καὶ
2483 2763 2612 2828 τοῖς
2682 2761 2913 2824 κοντοῖς

521 2863 1016 2928 διεωθοῦντο.
1067 2861 1211 2928 Scio
1256 2863 1516 2946 quidem
1563 2861 1684 2928 hoc
1729 2865 1944 2948 ipsum
1992 2865 2062 2927 in
2109 2867 2242 2928 suis
2282 2862 2467 2928 libris
2504 2861 2739 2951 legisse
2762 2861 2913 2926 Dio·

518 2990 667 3034 nem
713 2965 1008 3034 Cassium
1057 2975 1122 3033 et
1169 2967 1550 3053 Procopium
1572 3017 1592 3052 ‚
1640 2971 1751 3054 qui
1795 2968 2011 3034 locum
2059 2972 2301 3034 imitati
2339 2977 2522 3053 sunt,
2546 2967 2661 3034 ille
2685 2967 2760 3032 L.
2790 2965 2911 3049 33,

519 3076 625 3141 hic
688 3080 906 3139 autem
965 3095 1030 3157 p.
1090 3071 1198 3138 99.
1267 3074 1346 3139 11
1416 3079 1481 3140 et
1539 3074 1690 3139 108.
1742 3074 1863 3158 42,
1916 3074 2025 3140 sed
2074 3081 2288 3140 tamen
2334 3073 2595 3140 difficile
2640 3082 2738 3140 est
2782 3095 2911 3140 non

519 3182 772 3249 credere
818 3179 1064 3245 dedisse
1110 3177 1552 3265 Thucydidem
1598 3180 1965 3245 διεώθουν
2012 3182 2505 3246 διεωθοῦντο.
2554 3179 2710 3246 Dixi
2736 3179 2913 3246 deea

521 3287 843 3376 elegantia
889 3287 955 3349 in
1001 3287 1210 3370 prima
1256 3283 1808 3352 Commentatione
1854 3286 2187 3354 Platonica
2223 3310 2286 3374 p.
2333 3287 2372 3353 5
2416 3293 2480 3354 et
2503 3286 2627 3354 Dio
2662 3306 2913 3375 quoque

521 3413 666 3460 eam
713 3393 1048 3479 cognovit,
1095 3388 1354 3455 XLVII.
1405 3391 1524 3456 45:
1576 3394 1931 3474 ἐτίτρωσκον
1977 3395 2401 3472 ἐτιτρώσκοντο
2451 3391 2735 3475 ἐφόνευον
2762 3395 2913 3475 ἕφο·

523 3499 778 3565 νεύοντο.
849 3495 975 3562 Sed
1039 3495 1250 3562 multo
1310 3500 1545 3562 certius
1604 3506 1701 3565 est
1746 3502 1814 3565 in
1855 3503 1935 3565 iis
1981 3521 2141 3586 quae
2184 3504 2473 3585 proxime
2520 3505 2909 3587 sequuntur:

521 3607 642 3678 τὰς
704 3603 917 3675 κώπας
975 3602 1262 3668 ἀδύνατοι
1309 3601 1475 3674 ὄντες
1526 3605 1587 3667 ἐν
1635 3605 2043 3688 κλυδωνίῳ
2092 3609 2462 3690 ἀναφέρειν,
2514 3629 2734 3674 veram
2780 3607 2912 3672 for-

523 3732 702 3776 mam
749 3731 883 3775 esse
931 3708 1308 3792 κλύδωνι,
1360 3729 1552 3794 quam
1597 3711 1766 3796 apud
1790 3711 2237 3798 Thucydidem
2261 3701 2643 3780 invenerunt
2663 3719 2909 3780 veteres

523 3815 968 3906 grammatici,
1019 3835 1288 3901 quorum
1327 3815 1797 3885 observationes
1820 3818 2092 3884 Photius
2131 3822 2197 3884 in
2222 3819 2467 3886 lexicon
2490 3841 2681 3886 suum
2708 3827 2910 3886 trans-

527 3922 682 3988 tulit
726 3928 791 3987 et
838 3941 1030 4006 quam
1077 3920 1200 3986 Dio
1248 3919 1503 3988 Cassius
1549 3923 1835 3988 indidem
1886 3925 2102 3990 hausit
2148 3925 2321 3991 XLI.
2372 3926 2494 4011 46,
2544 3925 2681 3992 LII.
2728 3926 2809 3991 16
2848 3933 2911 3992 et

527 4027 726 4094 LXV.
778 4027 898 4104 16,
947 4026 1114 4112 quod
1159 4026 1316 4093 olim
1358 4029 1691 4094 observavi
1731 4033 1794 4094 ἐν
1832 4035 2029 4112 Ἑρμῇ
2071 4030 2261 4110 λογίῳ
2286 4053 2347 4117 p.
2377 4032 2526 4097 413.
2579 4032 2809 4100 Postea
2832 4055 2907 4100 ex

525 4132 944 4202 Bloomfieldo
1007 4133 1164 4199 duas
1210 4133 1366 4200 alias
1413 4133 1811 4222 Thucydidis
1854 4141 2248 4204 imitationes
2294 4142 2599 4227 cognovi:
2658 4141 2908 4206 Arriani

522 4241 702 4310 locus
761 4247 860 4307 est
921 4239 1082 4326 Exp-
1144 4240 1327 4306 Alex.
1392 4239 1496 4306 VI.
1551 4240 1655 4307 18.
1717 4242 1797 4307 11
1850 4249 1915 4310 et
1959 4245 2237 4331 Appiani
2282 4251 2330 4310 t.
2380 4245 2423 4310 2
2469 4268 2532 4333 p.
2580 4244 2753 4326 240,
2799 4247 2910 4312 ubi

525 4350 793 4417 recurrit
839 4348 959 4413 hoc
1003 4349 1254 4434 ipsum:
1303 4347 1422 4420 τας
1472 4349 1683 4422 κώπας
1734 4351 1795 4414 ἐν
1842 4349 2096 4417 κλύδωνι
2144 4351 2497 4435 ἀναφέρειν.
