3150 5000
503 268 633 336 136
1092 217 1097 222 -
1496 288 1898 340 moneres.

492 454 829 533 reddatur,
891 456 948 520 si
1007 455 1169 523 forte
1226 455 1511 523 nondum
1554 455 1883 523 redditum
1927 461 2069 541 est,
2116 456 2216 522 ἐπ’
2263 457 2434 538 αὐτῷ
2481 457 2620 544 (pro
2665 456 2904 543 αὐτὸν)

499 560 847 642 τεθυμένος.

590 774 656 842 V
705 773 792 842 53
840 775 892 842 ei
938 775 1004 842 δὲ
1054 813 1137 826 --
1185 776 1214 841 ὅ
1263 773 1699 857 παρασάγγης
1745 775 2007 843 δύναται
2053 777 2378 858 τριήκοντα
2422 774 2644 854 ςαδια,
2689 773 2906 857 ὥσπερ

499 879 671 958 οὗτος
720 907 819 962 γε·
845 882 1101 949 δύναται
1149 907 1247 948 τα
1268 886 1361 948 ῦτ
1379 906 1459 961 α,
1508 883 1640 948 κτὲ.
1687 882 1836 950 Nisi
1879 883 2042 949 forte
2080 888 2293 950 ταῦτα
2316 884 2479 950 vitio
2500 887 2908 970 prognatum

472 992 599 1061 ,est
636 1009 715 1056 ex
752 1009 1119 1077 praegresso
1154 996 1307 1054 TAI
1334 1037 1351 1069 ‚
1383 990 1529 1056 sine·
1557 989 1792 1055 damno
1817 991 1988 1055 enim
2014 989 2230 1056 abesse
2251 993 2496 1074 potest,
2519 1011 2660 1054 τοσ
2677 1013 2724 1053 α
2743 993 2782 1054 ὖ
2799 1013 2908 1053 τα

500 1095 903 1162 scribendum
947 1100 1126 1182 puto.

589 1307 658 1375 V
728 1306 815 1374 56
885 1312 1046 1374 extr.
1110 1307 1696 1388 ἀπειπάμενος
1757 1311 1869 1385 τῆν
1932 1307 2072 1389 ὄψιν
2132 1306 2382 1388 ἔπεμπε
2442 1310 2553 1384 τὴν
2609 1310 2909 1385 πομπήν.

504 1414 754 1483 Collato
814 1413 1143 1500 Euripidis
1200 1416 1537 1482 notissimo
1597 1414 1740 1483 loco
1801 1417 1870 1481 in
1930 1415 2201 1482 Hecuba
2246 1417 2484 1488 conieci
2529 1415 2574 1480 ἆ
2591 1438 2639 1479 ιι·
2654 1438 2683 1482 ο
2701 1439 2762 1480 τι·
2780 1439 2813 1479 ε
2827 1438 2910 1493 μ·

502 1527 557 1602 ψ
576 1520 619 1586 ά
633 1544 686 1599 μ
702 1545 733 1586 ε
751 1545 780 1586 ν
797 1545 826 1589 ο
844 1545 874 1594 ς
896 1568 915 1601 ,
960 1521 1071 1588 sed
1117 1527 1215 1587 est
1259 1541 1385 1607 qno
1430 1521 1744 1588 librorum
1790 1520 2133 1589 lectionem
2181 1524 2435 1588 tuearis.

594 1732 659 1799 V
720 1732 808 1799 68
869 1735 1002 1800 iam
1048 1738 1197 1801 ante
1241 1755 1348 1801 me
1392 1733 1802 1823 Kruegerum
1850 1731 2214 1815 κατήραξαν
2257 1754 2370 1819 pro
2409 1733 2720 1817 κατέρξαν
2765 1757 2912 1822 rep-

502 1842 740 1927 perisse
783 1859 922 1906 sero
964 1839 1123 1908 vidi.

596 2050 651 2117 V
716 2050 803 2120 ‘72
863 2052 1079 2139 spuria
1123 2072 1258 2119 esse
1303 2053 1590 2138 suspicor
1633 2052 1830 2119 verba
1877 2053 2080 2120 otiosa
2125 2051 2376 2132 μέλλων
2421 2054 2492 2128 δὴ
2541 2055 2744 2131 αὐτὴν
2792 2079 2908 2120 κα-

505 2156 870 2242 τασχήσειν.
2872 2171 2878 2176 ’

593 2371 649 2438 V
696 2371 783 2438 98
831 2371 1120 2455 σωτηρίην
1166 2407 1193 2422 -
1240 2369 1686 2453 ὑποθησόμενον
1729 2375 1970 2440 temere
2021 2373 2370 2440 tentabam.

587 2587 653 2655 V
705 2585 834 2657 106
896 2587 1001 2655 τὸν
1060 2587 1125 2655 δὲ
1186 2585 1468 2668 ἡγεμόνα
1528 2584 1816 2666 γενέσθαι
1883 2587 2027 2673 [τῆς
2075 2535 2420 2675 suasoriis]
2475 2582 2633 2652 ὅστε
2681 2592 2902 2655 ταῦτα

504 2697 981 2780 συνυφανθῆναι.

597 2908 653 2975 V
704 2908 835 2977 110
879 2905 1355 2984 ἀντιτάσσοντες
1398 2888 1807 2995 adscripsisse
1841 2907 2050 2977 aliena
2093 2928 2324 2975 manus
2361 2908 2622 2977 videtur
2642 2912 2907 2996 propter

506 3035 773 3103 sequens
817 3013 1219 3083 ὀντέτασσον.

562 3177 671 3293 'V'
702 3225 833 3293 112
894 3230 1050 3293 extr.
1118 3227 1147 3292 ὅ
1194 3224 1504 3308 ςρατηγὸς
1554 3232 1673 3293 τῶν
1720 3225 1994 3310 Περσέων
2045 3226 2488 3315 interpolatori
2534 3226 2758 3293 deberi
2805 3247 2906 3293 ar-

505 3334 727 3403 bitror.

595 3548 938 3617 Librorum
990 3548 1343 3633 scripturae
1385 3546 1818 3634 patrocinium
1863 3548 2210 3631 suscipiam
2270 3551 2489 3615 contra
2530 3545 2595 3613 N
2596 3547 2868 3615 aberam
2885 3596 2907 3634 ,

506 3658 614 3722 cui
672 3656 884 3722 multa
942 3656 1099 3721 scite
1160 3653 1493 3720 observata
1560 3658 1712 3719 sunt
1780 3655 1849 3718 in
1915 3652 2242 3719 Herodoto
2312 3652 2454 3719 Mn.
2517 3651 2650 3748 vol..
2697 3652 2871 3719 xm
2885 3702 2901 3731 ‚

506 3783 569 3847 p.
620 3759 703 3828 '71
754 3782 845 3846 sq.
896 3760 1301 3829 contendenti
1343 3758 1400 3824 V
1444 3757 1533 3824 92
1560 3759 1630 3845 η)
1691 3757 2092 3826 Herodotum
2140 3748 2468 3845 scripsisse
2509 3765 2632 3825 τῶν
2667 3760 2801 3842 γάρ
2856 3760 2905 3826 οἱ

509 3864 957 3947 συγκατέθαψε
1019 3866 1293 3945 εἱμάτων
1359 3862 1586 3947 ὄφελος
1649 3861 1804 3931 εἶναι
1865 3865 2032 3931 οὐδὲν
2095 3864 2750 3949 ’συγκατακαυθέντων
2795 3885 2908 3954 pro

508 3975 575 4039 οὐ
623 3970 1131 4039 κατακαυθέντων
1178 3977 1244 4039 et
1292 3971 1519 4038 deinde
1565 3973 1903 4047 κατεκλιέιε
1945 3992 2062 4057 pro
2111 3971 2437 4038 κατέκαιε.

598 4078 995 4145 Lenissimae
1052 4098 1203 4145 sane
1248 4079 1670 4155 mutationes,
1720 4078 1831 4143 sed
1877 4082 1953 4145 ut
1999 4077 2169 4143 mihi
2215 4077 2480 4163 quidem
2527 4099 2904 4165 persuasum

510 4190 643 4263 est,
691 4205 816 4251 non
862 4190 1116 4251 tantum
1162 4205 1289 4251 non
1332 4186 1720 4253 necessu-iae
1765 4184 1876 4249 sed
1922 4182 2109 4269 plane
2155 4205 2506 4270 perversae.
2567 4184 2905 4263 „Inaudita

509 4291 766 4378 querela
824 4296 921 4359 est
965 4292 1228 4377 (inquit)
1272 4311 1467 4377 quam
1515 4297 1657 4357 tum
1705 4290 1964 4357 demum
2007 4290 2380 4378 intelligere
2427 4310 2763 4377 possemus
2787 4340 2807 4376 ,
2853 4292 2906 4355 si

510 4396 778 4466 Melissa
838 4400 1017 4465 omui
1075 4403 1255 4466 veste
1314 4398 1598 4465 detracta
1658 4399 1727 4462 in
1789 4416 2019 4484 rogum
2081 4398 2386 4485 imposita
2432 4396 2714 4465 fuisset”.
2779 4396 2900 4465 Sed
