3150 5000
551 258 645 327 86
1504 281 1592 328 An
1638 281 1986 330 mmmm.

548 445 879 520 restitues,
950 446 1063 510 ubi
1117 467 1285 512 nunc
1332 448 1487 513 satis
1536 447 1804 512 absurde
1850 446 2088 513 editur:
2143 449 2269 510 πᾶν
2317 441 2408 509 ὅτι
2464 445 2776 522 κειμήλιον
2829 445 2956 510 εὖ·

550 551 776 631 πρεπὲς
823 550 969 617 οἴκοι
1018 551 1442 633 Φυλάττοιτο,
1490 551 1660 616 τοῦτ’
1707 549 1773 627 ἦν
1822 554 2114 630 ἀνάθημα
2153 559 2265 626 τῆς
2318 553 2472 618 θεοῦ.
2535 549 2732 631 Quasi
2789 569 2954 616 vero

549 658 865 736 κειμήλιον
911 657 1191 739 άπρεπές
1240 660 1512 746 cogitari
1558 656 1791 744 possit!

636 872 1019 937 Prometheus
1078 895 1137 936 ee
1197 877 1263 937 in
1310 873 1503 936 verbis
1549 893 1686 957 cap.
1738 871 1814 938 2:
1864 873 1915 938 οί
1965 873 2024 942 ἐς
2071 871 2158 936 τὰ
2205 873 2405 947 πλήθη
2457 869 2778 950 παριόντες
2833 869 2950 936 καὶ

546 977 664 1049 τὰς
729 977 1025 1050 τοιαύτας
1089 985 1205 1044 τῶν
1264 979 1610 1058 άκροάσεων
1682 977 2129 1056 έπαγγέλλ
2152 1001 2403 1050 οντες.
2495 975 2746 1043 Sanum
2815 997 2956 1042 non

543 1093 641 1150 est
702 1085 1437 1169 ἐπαγγέλλοντες-ς
1486 1105 1634 1150 nam
1680 1084 1953 1167 profiteri
1998 1083 2168 1168 apud
2215 1104 2433 1150 omnes
2481 1103 2744 1148 summa
2789 1101 2953 1148 con-

544 1192 779 1255 stantia
840 1189 1523 1267 ἐπαγγέλλεσθαι
1591 1189 1858 1267 dicitur,
1926 1209 2252 1274 nunquam
2313 1187 2954 1266 ἐπαγγέλλειν,

540 1301 619 1360 ιιι
663 1295 832 1380 apud
876 1295 1185 1362 Nostrum
1236 1299 1301 1361 in
1352 1295 1487 1360 Vit.
1541 1298 1728 1362 Auct.
1776 1317 1906 1380 cap.
1967 1295 2006 1362 7
2050 1298 2192 1360 τίνα
2230 1296 2340 1369 την
2381 1293 2641 1368 ἄσκησιν
2683 1296 2953 1372 ἐπαγ-

542 1401 986 1486 γέλλεται;
1052 1402 1221 1466 Fieri
1283 1407 1526 1486 potest,
1591 1408 1666 1466 ut
1727 1403 2138 1486 participium
2206 1422 2533 1486 perperam
2606 1399 2686 1465 ad
2759 1421 2953 1486 prae·

541 1527 835 1594 gressum
890 1506 1327 1588 παριόντες
1386 1510 1471 1572 sit
1522 1506 2112 1592 accommodatum3
2161 1505 2296 1572 fieri
2345 1513 2586 1590 potest,
2635 1510 2710 1571 ut
2759 1505 2952 1572 aliud

540 1611 764 1688 lateat;
832 1614 941 1677 sed
1004 1612 1340 1699 vulgatam
1402 1618 1569 1678 recte
1632 1612 1861 1676 habere
1923 1631 2102 1698 nego.
2200 1612 2518 1692 Quaerant
2579 1608 2944 1678 acutiores!

541 1717 694 1784 Mox
738 1725 880 1803 post
926 1716 1257 1798 ἔμπροσθεν
1305 1721 1508 1783 insere
1552 1719 1739 1793 ἡμῖν
1779 1725 1842 1782 et
1880 1738 2104 1784 revoca
2142 1719 2338 1796 λέγε
2361 1741 2426 1790 ις
2466 1737 2580 1804 pro
2617 1717 2826 1794 λέγο
2849 1742 2870 1782 ι
2894 1740 2946 1788 ς.

632 1927 795 1993 Ibid.
839 1926 897 1993 εἴ
932 1953 1012 2006 γε
1058 1952 1148 1994 σοι
1196 1933 1375 1994 σοῦτο
1424 1927 1728 2004 βούλεται
1781 1923 1994 2014 [εἶναι]
2045 1929 2072 1994 ὅ
2122 1928 2492 2008 Προμηθεύς.
2541 1925 2692 1994 εἶναι
2737 1928 2946 1995 sciolo

538 2034 753 2100 deberi
812 2035 1005 2099 multi
1066 2033 1189 2099 loci
1251 2034 1720 2109 demonstrant,
1788 2033 1900 2098 ubi
1955 2040 2124 2099 recte
2186 2037 2548 2118 omittitur3
2611 2056 2675 2099 v.
2747 2055 2800 2098 c.
2857 2033 2942 2099 D.

535 2139 731 2204 Mort.
798 2139 1102 2206 XXVIII.
1170 2139 1244 2224 23
1295 2139 1590 2204 Hei-mot.
1639 2159 1774 2225 cap.
1829 2141 1951 2216 15,
2003 2146 2188 2206 caett.
2263 2140 2333 2205 In
2384 2139 2508 2206 fine
2556 2161 2670 2226 pro
2717 2141 2943 2220 μικρόν

532 2268 625 2317 τις
674 2247 885 2311 λίθον
935 2267 1162 2332 repone
1211 2244 1586 2320 λιθίδιον,
1640 2251 1714 2308 ιιι
1763 2251 1858 2310 est
1905 2247 1972 2310 in
2013 2245 2186 2310 Hist.
2230 2267 2365 2330 cap.
2407 2246 2482 2312 4:
2527 2248 2672 2326 πρὸς
2715 2244 2940 2325 μικρόν

532 2374 591 2416 τι
640 2351 987 2417 λιθίδιον
1037 2351 1573 2429 προςπταίσαντα.

621 2562 776 2651 Gap.
842 2564 881 2629 3
942 2566 1333 2639 ἐννοήσας
1396 2563 1695 2635 αὐτοὺς
1760 2561 2100 2628 άνέπλασε.
2190 2564 2330 2629 Iam
2394 2564 2674 2630 indicavi
2755 2564 2938 2648 (vide

526 2672 837 2739 Mnemos.
902 2670 1047 2737 Vol.
1112 2670 1178 2735 X
1240 2691 1302 2754 p.
1368 2666 1526 2751 248)
1596 2668 1840 2741 αὑτός
1905 2691 2126 2735 verum
2190 2691 2360 2755 esse3
2426 2690 2594 2735 nunc
2663 2670 2938 2755 insuper

526 2778 946 2852 ἐπινοήσας
1032 2777 1303 2859 requiro.
1405 2772 1680 2839 Gravius
1765 2780 2092 2858 peccatum
2167 2783 2262 2840 est
2331 2778 2398 2840 in
2471 2777 2932 2859 sequentibus:

523 2888 784 2949 τοιαῦτα
851 2882 977 2961 ζῷα
1042 2880 1375 2960 μορφώσας
1442 2877 1545 2941 καὶ
1610 2879 2070 2955 διακοσμήσας,
2137 2882 2226 2951 ὦς
2298 2880 2588 2955 εὐκίνητά
2661 2904 2734 2945 τε
2803 2881 2932 2957 εἴη

523 2988 629 3053 καὶ
678 2987 933 3067 ὀφθῆναι
990 2988 1306 3065 χαρίεντα.
1382 2983 1797 3049 Manifestum
1845 2988 1942 3049 est
1982 2986 2428 3073 corrigendum
2481 3006 2615 3051 esse
2665 2989 2760 3059 ὥς
2820 2986 2932 3055 vel

522 3090 693 3157 ὥστ’
758 3090 1045 3163 εὐκίνητά
1109 3114 1180 3153 τε
1242 3085 1475 3153 εἶναι.
1552 3088 1916 3153 Innumeris
1976 3110 2174 3174 paene
2237 3090 2395 3156 locis
2458 3092 2722 3159 confusa
2771 3100 2932 3159 sunt

522 3196 642 3272 είη
694 3203 758 3262 et
805 3192 1055 3269 εἷναι;
1112 3194 1219 3258 sed
1268 3212 1618 3277 nusquam,
1671 3193 1836 3277 quod
1885 3196 2080 3260 sciam
2110 3246 2124 3267 ,
2185 3218 2334 3261 cum
2379 3202 2622 3263 maiore
2667 3204 2933 3265 senten-

520 3305 648 3370 tiae
696 3302 1077 3367 detrimento
1126 3319 1315 3382 quam
1367 3298 1535 3381 apud
1583 3299 2002 3364 Plutarchum
2043 3302 2112 3365 in
2153 3300 2644 3387 Comparatione
2685 3302 2932 3372 Thesei

517 3414 583 3474 et
628 3406 911 3471 Romuli.
964 3404 1229 3487 Legitur
1275 3404 1398 3479 ibi,
1449 3423 1666 3468 versus
1713 3402 1939 3468 finem:
1995 3407 2028 3480 ή
2079 3406 2283 3482 μέντοι
2333 3409 2536 3487 μήτηρ
2587 3410 2621 3481 ἦ
2667 3410 2928 3483 Θησέως

515 3514 625 3578 οὐκ
689 3512 1137 3582 ἐκινδύνευσεν,
1196 3510 1346 3573 ἀλλ’
1410 3506 1602 3571 ἔπαθε
1665 3510 1748 3573 τοὶ
1817 3518 1927 3583 τῆς
1983 3510 2308 3591 Ἑκάβης,
2373 3514 2924 3590 ἐγκαταλιπόντος

515 3617 620 3682 καὶ
688 3615 1014 3695 προεμένου
1063 3618 1169 3678 τοῦ
1220 3612 1475 3695 παιδός,
1526 3612 1662 3689 εἴγε
1708 3613 1797 3689 μὴ
1847 3614 2216 3680 πέπλασται
2267 3618 2352 3681 τοὶ
2402 3626 2512 3691 τῆς
2565 3620 2927 3701 αἰχμαλω-

513 3725 694 3796 σίας,
760 3723 850 3795 ὥς
912 3718 1067 3784 ἔδει
1118 3743 1198 3796 γε
1252 3719 1355 3782 καὶ
1406 3722 1584 3782 τοῦτο
1643 3718 1864 3794 ψεῦδος
1915 3714 2128 3784 εἶναι
2176 3722 2278 3787 καὶ
2331 3724 2418 3787 τὰ
2467 3734 2748 3792 πλεῖστα
2801 3736 2927 3795 τῶν

512 3828 738 3893 ἄλλων.
800 3825 1003 3890 Sensu
1054 3824 1286 3889 ultima
1338 3831 1586 3887 vacant.
1657 3822 1824 3889 Scin'
1876 3826 2028 3907 quid
2069 3826 2414 3913 legendum
2457 3829 2588 3895 sit?
2623 3834 2702 3905 ὥς
2744 3834 2924 3902 εἴθε

510 3957 589 4011 γε
655 3931 760 3995 καὶ
820 3934 997 3995 τοῦτο
1060 3930 1283 4008 ψεῦδος
1350 3925 1464 4000 εἴη
1530 3930 1634 3991 καὶ
1703 3928 1787 3992 τοὶ
1849 3938 2127 3994 πλεῖστα
2190 3939 2308 3997 τῶν
2373 3934 2606 4001 ἄλλων.
2693 3938 2922 4019 Velim,

510 4040 635 4113 ait,
706 4048 771 4107 ut
832 4044 889 4099 et
950 4038 1056 4099 ho'c
1120 4035 1481 4096 mendacium
1544 4040 1690 4096 esset
1758 4041 1813 4097 et
1861 4034 2149 4120 pleraque
2209 4040 2359 4104 alia.
2443 4046 2550 4107 Ἐν
2623 4046 2923 4129 παρέργῳ

508 4141 687 4207 aliud
750 4144 985 4205 vitium
1050 4136 1243 4221 tollo,
1310 4136 1475 4221 quod
1540 4138 1712 4201 idem
1778 4137 1896 4201 hoc
1946 4148 2135 4224 caput
2183 4144 2452 4211 obsidet.
2524 4146 2788 4215 Dicitur
2837 4153 2923 4220 de

508 4244 789 4311 Romulo
833 4243 1100 4309 Sabinos
1140 4240 1215 4306 et'
1246 4242 1569 4306 Romanos
1607 4242 1962 4306 arctissimo
2009 4242 2256 4313 foedere
2303 4250 2768 4339 coniungente:
2822 4256 2924 4323 οὕ-

505 4374 591 4417 τω
652 4348 967 4427 συνέμιξεν
1031 4350 1326 4423 αλλήλοις
1389 4348 1471 4410 τοὶ
1523 4348 1670 4423 γένη
1723 4346 1826 4409 καὶ
1877 4348 2160 4431 πάρεσχε
2211 4356 2416 4431 πηγὴν
2464 4364 2574 4429 τῆς
2631 4360 2914 4436 εἰσαῦθις
