3150 5000
1861 27 1900 42 Q

570 205 701 312 390
1549 227 1959 278 mnenoeu

562 390 869 458 Facetum
929 391 969 458 J
972 409 1195 458 unum
1254 395 1654 481 epigramma
1677 393 1976 480 'perdidit
2017 393 2261 460 insulsa
2306 392 2599 462 clausula
2616 441 2634 474 ‚
2676 415 2832 462 nam
2875 394 2944 460 in

518 580 531 588 ‚
564 501 773 583 aprico
835 504 931 564 est
990 501 1301 565 viatorem
1355 506 1495 584 post
1544 500 1898 589 Pyrrhonis
1940 521 2236 587 responsa
2274 501 2512 568 dixisse
2546 503 2754 590 ipsum
2799 522 2948 567 con-

563 607 834 671 trarium
881 607 1021 671 eius
1066 605 1235 691 quod
1280 605 1570 674 traditur.
1621 607 1935 694 Requiro:

1975 713 2196 796 σκέψιν
2243 711 2489 782 ἔσωσε
2536 714 2764 799 τάφος.

561 815 853 884 Fortasse
914 818 1413 906 superscriptum
1461 822 2098 905 interpretamentum
2151 823 2256 888 οὐκ
2305 818 2541 888 ἔπαυσε
2591 843 2776 890 causa
2821 823 2950 888 fuit

564 923 979 1011 corruptelae.

650 1175 771 1261 ΕΡ.
828 1174 960 1240 600
1021 1181 1085 1242 et
1134 1175 1261 1242 601
1282 1227 1301 1262 ,
1365 1177 1408 1243 4
1470 1177 1548 1245 de
1594 1179 1881 1247 eiusdem
1929 1181 2304 1248 Anastasiae
2351 1186 2560 1250 aetate
2603 1203 2732 1269 qua
2775 1183 2948 1249 diem

562 1282 723 1350 obiit
767 1282 1016 1350 diversa
1061 1283 1341 1349 tradunt.
1388 1284 1559 1352 Nam
1606 1288 1812 1371 priore
1855 1285 1993 1353 loco
2041 1289 2380 1355 scribitur:

971 1388 1579 1468 ἑκκαιδεκέτιν,
1629 1398 1791 1472 Φεῦ,
1843 1392 2106 1474 κατέχει
2151 1417 2224 1460 σε
2269 1395 2477 1470 τάφος

697 1495 925 1562 altero:
975 1494 1352 1572 πέμπτον
1398 1497 1502 1579 ἐφ’
1549 1497 1848 1579 ἑνδεκάτῳ
1895 1502 2102 1580 πικρὸν
2149 1500 2432 1578 ἄγουσαν
2478 1498 2633 1573 ἔτος.

560 1604 697 1669 Aut
755 1604 962 1690 igitur
1022 1605 1228 1687 priore
1287 1603 1424 1670 loco
1485 1611 1804 1690 poetaster
1849 1612 2054 1673 metro
2099 1613 2353 1673 coactus
2400 1628 2565 1674 anno
2609 1609 2763 1674 fecit
2807 1630 2950 1675 eam

560 1711 867 1776 maiorem
888 1755 905 1787 ,
970 1715 1083 1774 aut
1129 1709 1326 1777 altero
1374 1695 1710 1797 scripserat
1757 1709 1790 1776 ἕ
1804 1735 1843 1777 κ
1863 1736 1903 1778 r
1916 1737 1944 1778 0
1961 1736 1990 1775 ν
2039 1715 2146 1795 ἐφ’
2195 1713 2520 1795 ἑνδεκάτῳ.
2569 1713 2766 1781 Prius
2812 1736 2948 1781 ere-

564 1817 856 1886 diderim.

652 2069 771 2157 Ep.
821 2069 977 2156 628,
1026 2070 1067 2136 5

924 2178 1107 2244 Παιδὶ
1155 2177 1320 2262 γάρ,
1368 2171 1396 2243 ὃ
1437 2177 1670 2261 ,τύμβῳ
1714 2179 1892 2254 δίης
1943 2180 2292 2256 §monime-s
2338 2182 2585 2262 βώλου,

926 2285 1155 2365 οὕνομα
1195 2286 1301 2352 καὶ
1340 2286 1582 2368 μορφὴν
1629 2287 1816 2360 αὐτὸς
1861 2285 2075 2353 ἔδωκεν
2115 2291 2337 2366 Ἔρως.

558 2391 756 2458 Recte
803 2393 872 2457 in
918 2390 1046 2467 δίης
1091 2391 1430 2459 haeserunt
1477 2395 1722 2478 critici,
1771 2393 1880 2460 sed
1927 2394 2092 2460 nihil
2129 2395 2516 2461 reconditius
2553 2394 2753 2462 latere
2792 2403 2938 2482 puto

556 2521 751 2586 quam
799 2502 817 2566 ἲ
836 2500 911 2565 δι’
930 2526 1034 2576 ης.
1084 2500 1501 2586 Persrequens
1542 2507 1640 2567 est
1687 2502 1853 2587 apud
1904 2504 2224 2588 sequiores
2267 2505 2642 2587 praesertim
2691 2504 2796 2569 hic
2840 2504 2938 2569 ad-

556 2608 777 2673 iectivi
822 2604 967 2677 ἵδιος
1008 2628 1160 2672 usus
1198 2612 1269 2673 ut
1308 2613 1582 2693 ponatur
1620 2629 1730 2692 pro
1770 2610 2139 2692 pronomine
2180 2610 2550 2693 possessivo.
2579 2606 2934 2675 Sententia:

528 2700 753 2779 'Puero
813 2714 967 2778 enim
986 2763 1004 2798 ‚
1066 2737 1230 2800 quem
1294 2736 1393 2779 voc
1452 2722 1512 2793 (ο
1560 2713 1830 2799 insulae)
1876 2715 2156 2798 propriae
2203 2716 2274 2797 (i.
2323 2735 2379 2780 e.
2427 2716 2706 2800 vestrae)
2744 2716 2937 2797 gleba-e

554 2821 779 2883 tumulo
847 2821 1237 2904 supposuistis
1255 2867 1271 2899 ,
1337 2842 1543 2884 nomen
1605 2827 1783 2919 atque
1833 2821 2098 2906 formam
2143 2826 2270 2904 ipsc
2317 2821 2487 2885 dedit
2536 2824 2742 2887 Amor.
2800 2818 2934 2887 ORI-

549 2942 847 2993 meonnu
894 2932 990 2993 est
1038 2927 1327 3014 epigram
1336 2946 1465 2993 ma.

647 3158 763 3247 ΕΡ.
816 3159 967 3239 690,
1019 3160 1062 3226 4

915 3270 999 3350 τῷ
1046 3272 1123 3349 ῥα
1171 3269 1272 3334 καὶ
1324 3277 1385 3341 ἐς
1432 3268 1731 3350 μακάρων
1779 3278 2012 3346 νῆσον
2061 3268 2253 3356 ἔβης,
2299 3269 2530 3339 Πυθέα.

552 3372 697 3439 Una
762 3374 1087 3441 beatorum
1149 3374 1361 3441 insula
1422 3375 1591 3461 apud
1636 3380 1882 3442 veteres
1905 3424 1920 3450 ,
1974 3378 2142 3463 quod
2189 3380 2387 3443 sciam
2407 3426 2422 3455 ,
2474 3384 2796 3464 praetereo
2837 3382 2914 3444 bis

551 3485 809 3546 tantum
840 3488 1412 3566 commemoratur,
1438 3481 1547 3547 sed
1571 3483 1909 3569 utrobique
1931 3486 2174 3550 incerta
2199 3486 2515 3570 scriptura
2539 3493 2654 3553 est.
2697 3486 2912 3569 Nempe

551 3586 721 3671 apud
782 3586 1181 3653 Herodotum
1232 3586 1340 3665 111,
1395 3585 1482 3651 26
1530 3588 1839 3654 recentior
1884 3588 2258 3675 (eademque
2306 3611 2490 3677 saepe
2537 3590 2787 3679 melior)
2829 3610 2908 3655 co·

551 3691 769 3759 dicum
830 3692 1080 3759 familia
1141 3714 1252 3779 pro
1318 3700 1493 3768 νῆσος
1556 3694 1748 3759 habet
1811 3702 2006 3772 νῆσοι,
2073 3717 2266 3783 quam
2329 3696 2672 3763 lectionem
2719 3698 2905 3783 probat

550 3796 749 3865 Cobet
816 3798 1059 3866 Mnem·
1122 3798 1272 3879 XI',
1334 3798 1487 3867 271.
1550 3800 1792 3867 Eadem
1858 3802 2132 3866 varietas
2193 3810 2286 3867 est
2353 3803 2521 3888 apud
2587 3803 2899 3869 Pindarum

550 3904 647 3973 01.
699 3905 781 3984 ΙΙ,
832 3904 918 3971 ’70
965 3906 1103 3974 ἔνθα
1156 3909 1450 3989 μακάρων
1496 3914 1530 3991 Η
1578 3912 1824 3974 νᾶσον
1873 3908 2226 3985 ὠκεανίδες,
2281 3910 2395 3974 ubi
2439 3930 2606 3975 unus
2654 3912 2899 3974 veterum

550 4013 839 4078 codicum
904 4035 1052 4079 cum
1113 4017 1565 4083 recentioribus
1630 4014 1924 4080 omnibus
1977 4015 2170 4079 habet
2219 4017 2398 4085 νᾶσος
2419 4062 2436 4095 ,
2487 4034 2682 4098 quam
2727 4019 2900 4080 tamen

547 4121 915 4185 Accusativi
960 4120 1127 4206 plur.
1175 4124 1636 4207 correptionem
1687 4118 1963 4184 Pindaro
2014 4119 2412 4186 abiudicavit
2463 4120 2681 4209 Bergk
2723 4122 2786 4185 in
2825 4117 2898 4183 ed.

545 4222 703 4291 IVta
746 4224 901 4312 Lyr.
950 4222 1088 4305 Gr„
1136 4247 1326 4311 quem
1373 4228 1491 4293 hoc
1542 4226 1941 4312 epigramma
1984 4228 2385 4310 praeteriisse
2434 4226 2711 4295 videtur.
