3150 5000
549 190 680 263 146
1521 215 1950 265 moninus.

549 356 894 451 servarent'
914 382 985 445 in
1030 385 1285 468 tempus
1302 429 1319 459 ,
1371 401 1496 468 quo
1541 380 1786 449 bellum
1833 386 2241 450 renovaretur
2284 402 2552 469 eamque
2598 402 2737 448 rem
2782 380 2933 467 Epi-

547 485 765 553 tadam
829 485 1099 553 fideliter
1159 488 1704 557 administravisse
1764 489 2081 557 videmus.
2128 488 2329 555 Fraus
2373 490 2795 555 Athenienses
2838 488 2935 555 ls-

548 598 792 673 tuerat,
857 581 969 659 sed
1033 599 1176 680 post
1201 596 1588 662 incendium
1605 643 1621 673 ,
1672 617 1871 683 quum
1924 596 2219 683 Spartani
2263 616 2579 683 nusquam
2624 594 2935 671 laterent,

549 702 846 787 apparuit
889 721 1233 768 numerum
1282 723 1415 771 esse
1462 704 1776 768 minorem
1826 723 2016 790 quam
2067 723 2285 769 omnes
2330 705 2398 769 in
2444 701 2937 769 Atheniensium

548 809 774 873 castris
832 816 1162 893 putassent
1217 788 1281 875 et
1346 829 1418 876 ea
1479 830 1579 875 res
1643 812 1777 875 iam
1826 815 1971 876 ante
2016 810 2361 877 adventum
2408 804 2663 875 Cleonis
2706 807 2941 876 Demo-

547 913 755 980 stheni
798 918 1087 981 animum
1113 914 1462 981 eddiderat.
1508 914 1570 981 N
1573 937 1696 981 unc
1721 917 2058 982 audiamus
2083 916 2236 1003 quid
2263 914 2671 1003 Thucydides
2692 914 2935 981 tradat:

547 1019 689 1095 τούς
752 1044 823 1086 τε
888 1022 1412 1100 Λακεδαιμονίους
1460 1024 1782 1100 μᾶλλον
1829 1023 2087 1088 κατιδὼν
2136 1023 2472 1095 πλείους
2520 1018 2737 1100 ὄντας,
2790 1022 2940 1087 ὑπο-

551 1133 688 1194 νοῶν
760 1126 1040 1209 πρότερον
1114 1126 1414 1213 ἐλάσσο
1435 1152 1508 1195 σι
1573 1128 1678 1193 τὸν
1740 1136 1905 1195 σῖτον
1969 1129 2192 1199 αὐτοὺς
2256 1127 2627 1213 ἑσπέριοι-ειν,
2687 1128 2809 1205 τήν
2870 1153 2941 1194 τε

553 1240 725 1309 νῆσον
766 1234 1332 1317 εὖαποβατωτέραν
1369 1232 1553 1301 οὖσαν
1597 1237 1729 1301 κτὲ.
1778 1235 2106 1315 Quomodo
2131 1235 2561 1302 obtinebimus
2584 1226 2755 1321 quod
2778 1236 2943 1301 ratio

551 1339 845 1430 flagitat?
907 1341 1122 1409 Multa
1180 1344 1249 1407 in
1310 1342 1547 1410 vicinia
1615 1341 1783 1408 male
1828 1341 2049 1409 habits
2094 1348 2243 1409 sunt
2289 1347 2356 1409 et
2401 1341 2740 1408 verborum
2790 1341 2943 1409 ordo

552 1447 849 1514 turbatus
898 1449 1023 1515 fuit
1038 1496 1055 1525 ,
1107 1470 1232 1535 qua
1278 1449 1356 1516 d'e
1402 1471 1469 1516 re
1515 1455 1659 1535 post
1702 1448 1861 1515 alios
1908 1470 2126 1515 omnes
2172 1454 2533 1535 postremus
2578 1446 2943 1516 Classenius

554 1556 755 1640 dixit,
819 1555 929 1621 sed
984 1555 1170 1623 facile
1228 1554 1566 1623 intellectu
1627 1562 1758 1621 est:
1805 1556 1944 1629 τούς
1993 1579 2065 1621 τε
2110 1554 2629 1633 Λακεδαιμονίους
2680 1555 2944 1621 κατιδὼν

556 1659 964 1734 ἐλάσσους
1026 1661 1244 1743 ὄντας,
1303 1663 1560 1729 ὑπονοῶν
1624 1661 1903 1743 πρότερον
1966 1662 2297 1728 πλείοσι
2346 1663 2449 1729 τὸν
2495 1670 2661 1729 σῖτον
2710 1661 2941 1733 αὐτοὺς

555 1767 897 1848 ἐσπέμπειν
961 1770 1073 1845 τήν
1125 1794 1195 1835 τε
1259 1776 1433 1844 νῆσον
1494 1769 2054 1853 εὖαποβατωτέραν
2118 1765 2304 1836 οὖσαν
2365 1770 2498 1838 zerl-
2562 1768 2855 1836 Mirabor
2890 1768 2945 1833 si

557 1877 701 1961 quis
746 1876 953 1943 lenius
998 1876 1354 1944 remedium
1401 1879 1765 1967 excogitare
1810 1878 2110 1963 potuerit.

649 2092 1044 2158 Describitur
1087 2090 1174 2159 IV
1224 2088 1332 2169 32,
1381 2090 1462 2158 ad
1507 2096 1774 2178 quantas
1822 2092 2149 2179 angustias
2196 2090 2492 2177 Spartani
2531 2090 2776 2158 redacti
2814 2090 2949 2155 fne-

557 2202 723 2276 rint,
764 2206 1100 2283 postquam
1141 2195 1603 2263 Demosthenes
1638 2199 1707 2263 in
1745 2196 1955 2263 insula
1994 2194 2369 2283 Sphscteria
2402 2199 2615 2283 copias
2650 2216 2803 2264 suas
2842 2216 2946 2263 ex-

558 2304 863 2392 plicavit,
919 2304 1026 2369 sed
1083 2306 1152 2368 in
1201 2324 1274 2368 es
1320 2303 1740 2389 descriptione
1784 2303 2068 2370 nondum
2118 2306 2453 2389 quisquam
2500 2304 2713 2389 potuit
2760 2302 2947 2369 intel-

559 2410 773 2498 legere
841 2429 1001 2495 quae
1067 2414 1448 2494 sequuntur:
1519 2409 1693 2474 κατὰ
1756 2406 1937 2475 νώτου
2000 2434 2073 2475 τε
2130 2408 2231 2474 ἀεὶ
2294 2407 2558 2486 ἔμελλον
2607 2408 2823 2481 αὐτοῖς
2843 2458 2863 2494 ,
2911 2404 2948 2491 ᾖ

558 2519 936 2598 χωρήσειαν,
1007 2517 1057 2581 οἱ
1129 2507 1407 2591 πολέρὶιοι
1483 2514 1727 2582 ἔσεσθαι
1797 2516 2029 2600 ψιλοὶ
2100 2517 2237 2584 κα)
2309 2514 2359 2583 οἱ
2432 2517 2947 2598 ἀπορώτατοι

560 2623 896 2704 τοξεύμασι
963 2624 1066 2688 καὶ
1137 2624 1433 2696 ἀκοντίοις
1504 2622 1610 2689 καὶ
1682 2624 1864 2696 λίθοις
1926 2634 2031 2690 καὶ
2095 2622 2451 2707 σφενδόναις
2511 2623 2591 2690 ἐκ
2636 2627 2945 2689 πολλοῦ

562 2731 809 2814 ἔχοντες
857 2731 1056 2806 ἀλκήν
1073 2779 1090 2808 ,
1141 2727 1225 2804 οἷς
1276 2729 1423 2809 μηδ’
1471 2731 1746 2796 ἐπελθεῖν
1792 2726 1909 2796 οἶόν
1958 2731 2019 2796 τ’
2067 2723 2151 2804 ἦν.
2200 2731 2301 2796 Ad
2345 2731 2502 2796 haec
2548 2730 2741 2797 verba
2780 2730 2949 2796 Her·

561 2838 890 2906 werdenus
951 2838 1280 2906 adnotavit
1342 2835 1670 2904 Stahlium
1732 2837 2039 2906 delevisse
2102 2836 2489 2904 vocabulum
2535 2836 2709 2916 ψιλοί
2724 2884 2741 2914 .
2794 2856 2945 2902 6011·

553 2947 953 3032 junctionem
1020 2950 1235 3011 autem
1296 2946 1405 3011 καί
1473 2942 1834 3033 sig-nificare
1894 2945 2070 3010 eciam
2089 2991 2106 3022 ‚
2166 2945 2293 3022 vel,
2358 2964 2463 3011 eos
2526 2949 2744 3010 autem
2811 2963 2947 3008 esse

564 3051 1024 3133 ἀπορωτάτους,
1094 3054 1238 3130 πρὸς
1302 3047 1398 3123 οὓς
1461 3051 1678 3116 οὐδένα
1740 3049 1915 3130 πόρον
1983 3050 2107 3119 ἕςὶν
2153 3049 2363 3131 εὑρεῖν.
2412 3048 2621 3115 Aliter
2668 3045 2949 3114 Cobetus

567 3160 790 3226 Mitem.
856 3155 1016 3221 XIX
1079 3155 1232 3234 44¹7,
1298 3160 1408 3242 qui
1463 3158 1789 3224 contendit
1836 3177 1971 3222 esse
2015 3156 2421 3222 scribendum
2468 3154 2641 3236 ψιλοὶ
2690 3155 2795 3220 καὶ
2840 3150 2949 3220 οἶοι

567 3266 970 3344 ἀπορώτατοι.
1032 3262 1250 3330 Multa
1295 3284 1541 3350 quoque
1588 3263 1891 3349 molitur,
1936 3281 2053 3328 nec
2098 3264 2253 3327 satis
2302 3261 2659 3348 probabilia
2704 3258 2951 3329 Classe-

566 3373 712 3437 nius
757 3373 826 3437 in
873 3371 1276 3437 adnotatione
1321 3372 1559 3436 critica.
1611 3368 1782 3435 Mihi
1828 3369 2086 3455 quidem
2137 3387 2376 3456 magno
2424 3387 2611 3453 opere
2656 3365 2952 3453 displicet

565 3479 732 3546 illud
779 3478 1196 3558 ἀπορώτατοι,
1248 3480 1360 3565 qui
1404 3476 1755 3543 secundum
1803 3473 2295 3542 Bloomfieldum
2342 3474 2519 3541 fuere
2566 3475 2665 3538 the
2707 3475 2953 3538 hav-dest

569 3597 628 3652 to
689 3587 830 3652 deal
886 3586 1029 3648 with
1047 3631 1064 3663 ,
1129 3583 1476 3650 secundum
1541 3581 1897 3648 Arnoldum
1946 3585 2198 3648 autem:
2250 3583 2347 3646 the
2390 3589 2538 3646 most
2582 3581 2835 3662 hecplm
2882 3579 2961 3666 qs

568 3693 724 3760 their
782 3693 1042 3758 number.
1106 3687 1404 3758 Conferat
1448 3689 1613 3754 mihi
1658 3691 1801 3773 quis
1846 3708 2007 3772 quae
2052 3688 2271 3773 Poppo
2317 3687 2397 3754 de
2439 3708 2513 3753 eo
2558 3685 2952 3773 superlativo

571 3801 886 3888 congessit
949 3802 1013 3863 et
1074 3797 1436 3883 apparebit,
1501 3814 1694 3880 quam
1756 3813 1982 3879 perum
2044 3794 2421 3878 interpretes
2468 3793 2591 3858 sibi
2638 3799 2947 3860 constent.

569 3908 701 3975 Nec
762 3906 1056 3992 neg-arim
1116 3902 1412 3989 equidem
1476 3920 1611 3966 esse
1668 3897 1925 3978 ἀπόρους
1990 3919 2095 3964 606
2142 3919 2299 3985 quos
2345 3899 2644 3965 dixerunt
2690 3899 2951 3966 Bloom·

569 4013 826 4090 fieldus,
878 4008 1235 4092 Dobraeus‚
1280 4005 1780 4082 Herwerdenus,
1831 4003 1947 4070 alii
1994 4009 2058 4069 et
2102 4006 2255 4070 novi
2300 4027 2451 4071 sane
2496 4006 2721 4072 eodem
2761 4005 2951 4071 modo

569 4118 956 4191 vocabulum
1025 4115 1426 4200 usurpavisse
1493 4111 1764 4180 Dionem
1836 4107 2129 4178 Cassium
2200 4111 2421 4177 XLIX
2480 4109 2541 4190 6,
2614 4113 2726 4178 sed
2787 4111 2951 4177 mihi

571 4230 848 4309 dabunt,
897 4225 1116 4309 opinor
1137 4269 1152 4296 ,
1201 4223 1392 4307 periti
1437 4218 1681 4284 iudices
1724 4219 2107 4285 sententiam
2156 4217 2343 4284 valde
2389 4224 2746 4286 contortam
2794 4239 2946 4284 esse.

569 4336 808 4404 Verum
870 4348 1064 4419 quam
1123 4325 1312 4392 facile
1373 4323 1705 4392 intellectu
1763 4328 1896 4392 est:
1964 4324 2136 4392 κατὰ
2184 4325 2369 4392 νώτου
2417 4350 2487 4391 τε
2537 4325 2634 4392 ἀεὶ
2686 4323 2947 4410 ἔμελλον
