3150 5000
534 218 620 317 54
1454 240 1700 289 ron-un
1748 238 1997 287 eruam.

531 406 818 471 cativum
879 404 1037 472 olim
1092 410 1291 473 sensit
1334 406 1670 494 Heyniua,
1719 408 1830 476 sed
1876 406 2214 475 conicienti
2257 429 2353 488 πρ
2371 410 2484 471 οἵε
2502 412 2532 470 ῒ
2541 428 2617 470 σι
2637 427 2668 470 ν
2715 407 2908 491 impo-

529 512 661 576 suit
698 509 857 578 falsa
892 510 1117 592 lectio,
1161 519 1235 579 ut
1273 516 1587 599 suspicor,
1626 517 1832 581 Anab.
1855 512 2073 599 V112,
2120 513 2235 580 15:
2277 512 2478 579 ἐθύετο
2515 515 2568 579 εἰ
2609 519 2908 596 προεῒεν

530 618 697 696 αὐτῷ
745 618 798 684 οἱ
846 617 960 684 θεοὶ
1010 622 1331 701 πειρᾶσθαι
1380 620 1525 701 πρὸς
1574 621 1800 697 Ζεύθην
1845 618 2024 700 ἄγειν
2062 624 2132 687 τὸ
2173 618 2576 704 στράτευμα,
2623 620 2736 686 ubi
2761 618 2910 685 Din-

529 722 763 791 dorfius
808 746 845 790 e
890 726 1067 793 varia
1110 726 1381 793 lectione
1427 726 1596 807 εἴπερ
1643 723 1764 793 εἷεν
1806 730 2091 816 reposuit
2137 728 2186 792 εἰ
2243 751 2397 808 παρ
2417 734 2530 793 εῒε
2549 750 2580 791 ν
2600 774 2619 806 ,
2667 725 2745 793 de
2791 744 2912 813 qua

530 832 969 899 emendatione
1031 853 1219 900 nemo
1280 854 1469 901 sanus
1530 841 1843 921 punctum
1907 836 2214 921 temporis
2259 833 2584 901 dubitabit
2631 833 2786 920 quin
2831 832 2912 899 sit

529 940 882 1006 verissima.
954 937 1272 1006 Similiter
1315 942 1521 1029 igitur
1562 940 1924 1008 Homerum
1973 940 2216 1007 dedisse
2263 942 2582 1027 suspicor:
2645 1009 2652 1017 ,

801 1044 1059 1113 τοῦνεκα
1105 1070 1183 1113 τοι
1231 1055 1650 1130 παριεῒσιν
1698 1048 1931 1113 ὀνείδεα
1972 1048 2402 1126 avonis-aeonum

622 1150 818 1239 Apud
878 1151 1237 1219 Homerum
1299 1154 1559 1241 quidem
1616 1176 1689 1222 eo
1736 1176 1920 1221 sensu
1967 1153 2237 1221 verbum
2284 1152 2444 1219 alibi
2487 1173 2614 1220 non
2661 1150 2915 1219 adhibe-

534 1264 675 1345 tur,
724 1259 836 1325 sed
882 1260 962 1326 ab
1010 1260 1241 1326 Ionum
1287 1281 1576 1329 sermone
1623 1264 1714 1328 sie
1759 1266 2138 1349 usurpatum
2181 1260 2450 1327 verbum
2485 1259 2772 1327 alienum
2792 1279 2915 1325 non

532 1386 667 1433 esse
713 1366 895 1432 docet
940 1366 1321 1434 Herodotus.
1368 1368 1704 1437 Leniorem
1743 1373 1911 1435 certe
1942 1366 2068 1435 loci
2091 1369 2544 1449 correctionem
2568 1364 2910 1443 eiusmodi,

532 1493 659 1559 qua
690 1472 888 1539 simul
918 1475 1266 1541 sententiae
1288 1473 1556 1543 satisfiat
1578 1480 1645 1541 et
1665 1477 2155 1563 grammaticae,
2178 1476 2436 1561 reperiri
2459 1493 2645 1559 posse
2668 1472 2912 1539 dubito.

1583 1889 1859 1957 Sumo.

621 2120 727 2187 Fr.
778 2121 857 2187 51
954 2128 1047 2195 Κῆ
1094 2118 1148 2185 δ’
1196 2118 1548 2198 ἀμβροσίαις
1595 2119 1708 2198 μὲν
1757 2118 1984 2201 κράτηρ
2031 2118 2319 2201 ἐκέκρατο
2342 2170 2360 2201 ,

952 2228 1187 2307 Ἑρμᾶς
1239 2222 1296 2290 δ’
1348 2222 1483 2291 ἕλεν
1529 2224 1706 2291 ὄλπιν
1756 2226 1906 2299 θεοῖς
1951 2226 2338 2308 οἱνοχοῆσοιι·

984 2338 1145 2403 κῆνοι
1191 2332 1247 2398 δ’
1290 2329 1417 2413 ἄρα
1464 2329 1697 2405 πάντες
1748 2332 2066 2415 καρχήσιοὶ
2111 2330 2174 2397 τ’
2226 2327 2378 2415 ἦχον

988 2436 1281 2518 κᾶλειβον
1297 2486 1316 2519 ‚
1361 2435 1677 2520 ὦροὶσοιντο
1723 2437 1787 2504 δὲ
1834 2436 2112 2519 πάμπαν
2161 2438 2323 2508 ἐσλὰ

982 2547 1067 2628 τῶ
1111 2545 1409 2629 νῶμβρφ·

619 2655 799 2722 Haec
850 2674 929 2721 ex
988 2652 1403 2740 epithalamio
1464 2651 1678 2739 aliquo
1723 2656 1927 2740 petita
1973 2653 2275 2720 videntur
2320 2653 2621 2743 Bergkio.
2680 2691 2756 2704 -
2796 2653 2918 2722 De-

530 2765 723 2830 scribi
781 2763 1119 2849 suspiceris
1164 2763 1421 2847 nuptias
1465 2759 1642 2826 Pelei
1690 2765 1754 2826 et
1801 2759 2093 2827 Thetidis
2139 2766 2396 2848 propter
2443 2760 2679 2827 ultima
2731 2760 2918 2828 verba

530 2871 848 2954 ἀράσαντο
874 2907 957 2918 -
985 2868 1281 2950 γάμβρῳ.

621 3085 723 3152 Fr.
774 3084 860 3151 54
952 3083 1232 3166 Κρῆσσαί
1274 3106 1343 3147 νυ
1388 3084 1527 3147 ποτ’
1576 3079 1677 3148 ὧδ’
1723 3080 2045 3160 ἐμμελέως
2095 3078 2378 3147 πόδεσσιν

952 3187 1246 3272 ὠρχεῦντ’
1295 3189 1569 3262 ἀπόλοιο
1617 3189 1788 3269 ἀμφ’
1839 3187 2081 3270 ἐρόεντα
2124 3187 2338 3266 βῶμον

952 3295 1113 3370 πόας
1154 3295 1321 3376 τέρεν
1368 3292 1539 3367 ἄνθος
1587 3292 1880 3371 μάλακον
1933 3291 2281 3360 Mdv-emm.

622 3405 695 3472 Si
740 3409 909 3472 recte
956 3403 1164 3469 critici
1210 3421 1469 3468 versum
1516 3403 1784 3466 tertium
1803 3447 1822 3479 ‚
1863 3401 1976 3485 qui
2015 3399 2264 3466 diverso
2302 3401 2474 3487 apud
2497 3399 2912 3489 Hephaestio·

532 3533 680 3580 nem
726 3510 864 3579 loco
903 3510 1149 3599 legitur
1163 3555 1181 3586 ,
1223 3506 1746 3593 praecedentibus
1783 3508 2280 3590 coniunxerunt,
2318 3509 2577 3576 omnino
2601 3509 2918 3597 corrig-en-

534 3620 689 3685 dum
768 3618 1025 3685 videtur
1092 3617 1424 3681 Ποίτεισοιι.
1508 3612 1678 3680 Nam
1742 3633 1996 3699 prorsus
2055 3612 2448 3680 incredibilis
2509 3620 2606 3680 est
2667 3614 2918 3683 Ioannis

532 3725 943 3815 grammatici
989 3724 1219 3789 notitia
1263 3719 1599 3787 Aeolicum
1647 3740 1780 3786 esse
1825 3719 2037 3799 μάτην
2086 3740 2198 3807 pro
2245 3727 2492 3787 πατεῖν.

622 3940 727 4007 Fr.
778 3937 865 4005 85
937 3936 1045 4004 Sic
1090 3937 1220 4004 fere
1266 3933 1693 4023 supplendum
1741 3935 2033 4002 videtur:
2079 3947 2086 3954 '

888 4047 1077 4111 Ἔστι
1126 4067 1229 4122 μοι
1276 4042 1450 4108 κάλοι
1498 4041 1650 4115 πάϊς
1669 4090 1688 4121 ,
1735 4039 2082 4124 χρυσέοισιν
2125 4041 2467 4124 ἀνθέμοισιν

895 4149 1167 4232 ἕμφέρην
1214 4147 1435 4232 ἔχοισα
1483 4147 1770 4230 μόρφοιν,
1821 4153 2020 4221 Kaine
2067 4149 2431 4236 dyas-dra,

895 4257 1032 4325 ἀντὶ
1079 4261 1199 4329 τᾶς
1245 4257 1368 4337 ἐγὼ
1415 4256 1549 4323 οὐδὲ
1597 4255 1832 4322 Λυδίων
1881 4264 2123 4324 παῖσαι·
2169 4255 2290 4323 οὐδ’
2334 4255 2586 4339 {pavum

898 4373 1066 4446 <-ν
1116 4363 1194 4433 ἂν
1238 4364 1469 4444 θέλοιμ’
1514 4360 1875 4444 datvs-m>-
