3150 5000
636 267 769 336 840
1604 281 1864 338 oassms
1909 283 2039 336 mo.

633 452 928 519 Ῥαίτινον
991 452 1266 526 ἐλθόντες
1329 453 1382 518 ol
1445 455 1733 529 Ῥωμαῖοι
1791 453 1912 534 οὐχ
1958 451 2177 530 ὁμοίως
2225 450 2647 536 ἀπήλλαξαν,
2694 472 2774 518 ne
2814 453 2997 517 oratio

631 559 874 634 hiaret,
924 561 992 624 in
1034 559 1206 625 hunc
1253 558 1520 624 modum
1563 561 2019 624 commutatis:
2065 559 2119 624 01
2171 557 2250 623 δέ
2296 582 2391 638 γε
2436 557 2608 636 μετὰ
2646 562 2996 638 Γερμανικοῦ

632 671 924 741 Ῥωμαῖοι
985 664 1085 730 ἐπὶ
1153 664 1446 732 Ῥαίτινον
1507 671 1623 739 τῆς
1682 665 2073 742 Δαλματίας
2141 664 2323 730 πόλιν
2376 664 2650 738 ἐλθόντες
2698 664 2765 729 οὗ
2808 669 2994 736 καλῶς
3067 717 3068 722 ,

631 773 1038 850 ἀπήλλαξαν.
1087 770 1214 836 Sed
1252 771 1516 836 Batonis
1553 791 1804 856 quoque
1844 770 2233 837 deditionem
2276 777 2339 837 et
2378 770 2651 837 liberam
2697 771 2777 836 ad
2821 769 2997 836 'I'ibe-
3067 835 3068 840 ,

629 878 800 941 rium
862 897 1085 944 vocem
1133 875 1279 963 (56,
1331 874 1414 941 16
1435 923 1452 952 ,
1505 875 1576 962 2)
1639 878 1709 940 in
1755 875 1995 942 Veneto
2046 879 2309 963 reperiri
2354 895 2479 942 non
2540 876 2993 942 animadvertit.

627 981 808 1050 Haec
869 983 1088 1068 itaque
1145 983 1245 1048 bis
1289 985 1359 1046 in
1405 981 1619 1049 codice
1664 981 1951 1048 Mediceo
2004 993 2043 1048 Β
2091 985 2527 1050 inveniuntur.
2594 980 2884 1048 Ceterum
2931 988 2997 1046 ut

628 1091 698 1154 in
745 1093 975 1155 mediis
1020 1090 1231 1157 verbis
1267 1093 1412 1155 ante
1460 1086 1687 1154 Veneti
1725 1087 2017 1154 lacunam
2054 1090 2347 1155 substitit
2393 1091 2597 1156 oratio
2618 1135 2639 1168 ,
2684 1091 2779 1154 ita
2812 1092 2851 1152 f.
2878 1085 2995 1152 188
3067 1105 3068 1108 ’

490 1231 496 1238 ·
629 1195 696 1260 in
743 1195 972 1260 mediis
1019 1194 1372 1272 exorditur,
1430 1195 1664 1279 quibus
1706 1193 2020 1282 neglectis
2058 1201 2271 1261 noster
2306 1193 2457 1260 inde
2495 1215 2533 1260 a
2568 1215 2737 1262 nova
2772 1199 2997 1260 senten·

629 1303 722 1366 tia
758 1301 1036 1368 codicem
1077 1301 1282 1366 denuo
1323 1301 1674 1366 exscribere
1708 1304 1949 1387 coepit:
1992 1300 2135 1367 τότε
2197 1300 2263 1366 δὲ
2311 1300 2481 1386 <sal
2523 1301 2553 1365 ὁ
2592 1300 2993 1379 Animum-04>
3067 1353 3068 1356 ,

627 1416 702 1490 τῇ
751 1407 864 1484 μὲν
911 1408 1204 1488 γερουσία
1253 1431 1308 1472 κ.
1336 1432 1397 1471 τ.
1423 1421 1485 1472 λ.
1537 1408 1573 1491 §
1622 1404 1688 1470 2.

716 1512 916 1578 Plane
962 1514 1225 1579 eandem
1275 1513 1663 1578 medicinam
1715 1514 1781 1576 in
1828 1515 2055 1578 ceteris
2102 1512 2349 1578 lacunis
2391 1513 2803 1579 resarciendis
2836 1511 2997 1578 adhi-

626 1618 806 1693 buit,
871 1618 983 1684 ubi
1045 1618 1210 1685 nihil
1268 1621 1336 1686 in
1383 1617 1721 1703 Xiphilino
1766 1620 2083 1684 inveniret
2126 1639 2201 1684 eo
2248 1624 2583 1684 contentus
2630 1620 2823 1685 verba
2865 1625 2998 1684 ants

625 1730 692 1791 et
735 1731 880 1810 post
927 1725 1222 1790 lacunam
1273 1729 1564 1790 truncata
1604 1730 1739 1790 tota
1774 1725 2083 1790 omisisse.
2132 1723 2319 1800 Quod
2358 1744 2516 1810 quos
2554 1745 2795 1792 errores
2830 1744 2995 1810 pepe-

621 1833 779 1896 rerit
843 1851 968 1896 uno
1031 1830 1310 1904 alterove
1368 1829 1662 1915 exemplo
1718 1837 2071 1896 monstrare
2125 1831 2329 1897 iuvat.
2416 1830 2559 1896 Lib.
2627 1830 2751 1915 56,
2796 1829 2917 1913 22,
2958 1831 2997 1894 2
3067 1917 3068 1920 ¹

624 1936 737 2001 ubi
784 1936 1062 2002 Venetus
1107 1937 1264 2001 haec
1309 1936 1500 2002 babet
1546 1935 1653 2022 (de
1692 1935 1869 2002 clade
1916 1934 2189 2002 Variana
2235 1956 2445 2002 sermo
2501 1937 2657 2022 est):
2720 1933 2999 2001 ἐκόπτετό

623 2067 695 2108 τε
735 2040 833 2110 οὖν
872 2043 1060 2115 ἀδεῶς
1101 2045 1229 2113 πῶς
1267 2043 1374 2108 καὶ
1419 2043 1565 2122 ἀνὴρ
1608 2042 1711 2106 καὶ
1752 2038 1938 2122 ἵππος
1978 2043 2087 2106 καὶ
2127 2042 2213 2107 τα
2257 2067 2399 2108 τε..
2425 2091 2440 2109 .
2466 2043 2647 2109 deest
2670 2042 2995 2109 folium...

621 2152 692 2216 τὸ
741 2151 855 2229 μὲν
895 2135 1124 2230 π”ρῶτον
1151 2185 1241 2198 -
1264 2149 1336 2214 τὸ
1381 2153 1593 2229 ψῦχος
1640 2147 2133 2214 ἀνακαλούντων.
2188 2148 2303 2215 κᾶν
2345 2148 2579 2222 πάντες
2618 2149 2929 2216 ἀπώλοντο
2962 2147 2991 2222 ἢ
3067 2179 3068 2186 ¹

623 2257 729 2322 καὶ
785 2256 1067 2322 ἑάλωσαν
1118 2280 1175 2322 ιι.
1201 2281 1262 2324 τ.
1286 2270 1386 2335 λ.,
1434 2252 1546 2320 ille
1592 2275 1707 2320 nos
1750 2254 1933 2321 docet
1977 2277 2151 2341 equos
2195 2277 2395 2342 paene
2446 2256 2795 2322 interiisse:
2832 2255 2993 2320 ἐκόπ-

618 2386 762 2427 τετο
811 2387 883 2426 τε
929 2357 1027 2427 οὖν
1075 2363 1262 2434 ἀδεῶς
1311 2366 1438 2436 πᾶς
1491 2361 1596 2426 καὶ
1646 2361 1793 2440 ἀνὴρ
1847 2361 1952 2426 καὶ
1998 2359 2221 2434 ἵππος·
2272 2362 2390 2428 κᾶν
2426 2362 2661 2436 πάντες
2697 2363 2993 2428 ἀπώλοντο

620 2493 681 2534 ιι.
704 2491 764 2533 τ.
791 2487 852 2534 λ.
926 2467 1100 2549 Quae
1146 2471 1214 2533 in
1261 2466 1496 2534 Veneto
1544 2466 1869 2553 perierunt
1917 2487 1993 2533 ex
2040 2473 2219 2554 parte
2266 2471 2553 2537 servavit
2596 2467 2866 2537 Zonaras
2903 2468 2992 2553 X,
3067 2487 3068 2490 ’

619 2573 706 2641 37
757 2575 877 2662 (ed.
929 2574 1119 2640 Dind.
1165 2596 1229 2660 p.
1280 2574 1411 2639 452
1461 2595 1554 2641 vs.
1611 2571 1927 2659 12-20).
1998 2574 2070 2639 L.
2118 2572 2241 2653 56,
2276 2572 2402 2660 24,
2446 2575 2485 2639 5
2530 2575 2768 2642 ultima
2814 2576 2995 2643 verba

615 2681 662 2749 f.
713 2680 863 2746 198‘
909 2681 1136 2747 τούτων
1181 2706 1254 2745 τε
1297 2677 1396 2747 οὖν
1443 2678 1625 2745 ἕνεκα
1673 2680 1778 2744 καὶ
1828 2676 1921 2746 ὅτι
1973 2681 2079 2747 καὶ
2110 2728 2125 2747 .
2156 2728 2173 2747 .
2201 2730 2218 2746 .
2260 2684 2518 2767 omisit3
2558 2702 2674 2768 pro
2722 2683 2813 2749 eis
2848 2700 2991 2767 quae
3067 2670 3068 2675 ἵ

610 2790 682 2854 in
737 2808 992 2855 summo
1038 2787 1191 2853 folio
1241 2785 1373 2853 199
1422 2786 1764 2874 leguntur:
1791 2834 1805 2851 .
1840 2833 1855 2851 .
1891 2835 1909 2852 .
1939 2836 1954 2852 .
2005 2787 2177 2866 μετὰ
2227 2788 2335 2861 την
2382 2790 2776 2869 στρατηγίαν
2821 2787 2989 2871 ἔχων.

612 2897 695 2978 τῷ
761 2894 825 2959 δὲ
883 2893 1134 2975 δευτέρῳ
1181 2894 1266 2959 τα’
1314 2918 1384 2959 τε
1435 2891 1615 2958 ἄλλα
1663 2893 1749 2958 τὰ
1800 2893 2201 2973 προειρημένα
2251 2895 2495 2973 ἐγένετο
2544 2896 2651 2959 καὶ
2701 2897 2773 2962 τὸ
2816 2898 2989 2974 Ὅμο-

612 3000 794 3067 νόειον
841 3001 958 3065 ὑπὸ
1004 3005 1111 3067 τοῦ
1159 2999 1448 3080 Τιβερίου
1497 2999 1817 3079 καθιερώθη
1872 2999 2027 3065 haeo
2075 3001 2449 3066 substituit:
2493 3002 2601 3066 καὶ
2643 3008 2851 3068 ταῦτα
2890 3000 2988 3081 μὲν

611 3105 764 3174 οὕτω
811 3107 954 3173 τότε
1002 3109 1074 3186 (i.
1101 3128 1156 3173 e.
1198 3127 1360 3174 anno
1404 3106 1516 3183 10)
1556 3104 1811 3184 συνέβη.
1852 3108 1936 3188 τῷ
1983 3105 2045 3170 δὲ
2091 3106 2225 3183 ἑξῆς
2264 3104 2389 3171 ἔτει
2428 3114 2618 3188 (anno
2661 3111 2865 3197 igitur
2894 3107 2987 3191 11)

613 3212 685 3277 τό
753 3238 825 3279 τε
895 3213 1238 3289 Ὁμονόειον
1310 3214 1424 3279 ὑπὸ
1495 3216 1602 3277 τοῦ
1670 3210 1960 3293 Τιβερίου
2033 3213 2377 3293 καθιερώθη.
2468 3216 2557 3280 At
2619 3212 2986 3281 Concordiae

613 3322 948 3407 Augustae
1014 3317 1332 3405 templum
1393 3340 1452 3385 a.
1519 3318 1581 3383 d.
1646 3316 1836 3384 XVII
1881 3316 2029 3384 Kal.
2076 3318 2260 3385 Febr.
2310 3320 2459 3385 anni
2508 3317 2593 3385 10
2640 3320 2985 3387 dedicatum

612 3434 708 3492 est
771 3431 846 3491 ut
908 3425 1134 3493 docent
1193 3424 1372 3491 Fasti
1433 3424 1833 3492 Praenestini
1893 3424 1973 3489 ad
2035 3425 2207 3491 hunc
2268 3426 2441 3492 diem
2504 3423 2579 3493 G.
2640 3424 2693 3491 1.
2740 3426 2815 3491 L.
2862 3424 2983 3509 lp.

614 3530 746 3598 312
766 3580 783 3610 ,
847 3539 912 3599 et
975 3535 1110 3618 ipse
1170 3530 1330 3616 Dio,
1391 3532 1502 3616 qui
1549 3536 1693 3615 post
1740 3550 1943 3615 pauca
1990 3530 2251 3597 demum
2298 3552 2399 3597 res
2444 3552 2607 3597 anno
2660 3532 2739 3598 11
2791 3536 2985 3621 gestas

610 3660 865 3705 narrare
910 3639 1174 3724 incipit:
1218 3636 1476 3718 Μοὶριιου
1511 3636 1572 3701 δὲ
1622 3635 1917 3714 Αἰμιλίου
1962 3638 2135 3714 μετὰ
2177 3637 2514 3704 Στατιλίου
2552 3639 2801 3719 Ταύρου
2842 3639 2982 3703 tra-

611 3748 946 3819 τεύσαντος
994 3770 1054 3811 κ.
1079 3770 1140 3811 τ.
1167 3760 1230 3811 λ.

701 3853 822 3919 Sed
889 3855 957 3917 in
1018 3873 1084 3917 re
1149 3850 1494 3917 manifesta
1554 3849 1850 3938 exempla
1912 3850 2240 3917 cumulare
2300 3852 2456 3937 quid
2518 3850 2793 3919 attinet?
2858 3850 2981 3918 Hoc

613 3968 868 4025 tantum
925 3978 1152 4024 moneo
1211 3957 1520 4023 damnum
1584 3956 1727 4022 folii
1790 3958 1981 4021 unius
2043 3961 2187 4041 post
2248 3957 2450 4023 καίτοι
2504 3960 2620 4031 τὰς
2670 3958 2791 4046 (56
2812 4010 2827 4038 ,
2876 3956 2978 4033 32,

616 4064 683 4153 1)
751 4083 789 4129 a
850 4062 1189 4149 Xiphilino
1253 4064 1609 4127 maximam
1668 4062 1929 4148 quidem
1977 4069 2226 4147 partem
2272 4084 2477 4150 neque
2522 4070 2741 4131 tamen
2788 4071 2979 4132 totum

609 4175 973 4255 reparatum
1013 4188 1166 4235 esse.
1217 4166 1394 4248 Quae
1434 4167 1875 4234 desiderantur
1915 4167 2084 4254 apud
2105 4168 2416 4235 Zonaram
2446 4169 2531 4236 10
2552 4218 2569 4249 ,
2596 4171 2684 4237 38
2710 4174 2801 4259 (p.-
2828 4168 2977 4244 454,

613 4273 961 4353 27-455,
1028 4272 1069 4339 3
1095 4272 1180 4357 D)
1236 4278 1524 4353 exstant,
1571 4272 1739 4360 quod
1786 4275 1919 4339 iam
1964 4274 2135 4341 vidit
2176 4275 2542 4343 Reimarus.
2610 4277 2833 4365 Neque
2872 4276 2978 4343 hoc

609 4379 1246 4469 praetermittendum
1265 4428 1286 4464 ,
1333 4399 1482 4446 cum
1531 4383 1915 4467 argumenta
1958 4386 2025 4447 et
2070 4380 2250 4447 tituli
2295 4380 2609 4451 librorum
2660 4381 2747 4453 58
2794 4390 2857 4451 et
2900 4377 2975 4447 60
