3150 5000
555 159 688 225 256
1579 181 1912 230 musve

645 345 709 411 5.
757 344 821 410 5.
893 343 1295 423 „Etinanitis
1357 349 1781 434 proiectisque
1840 355 1987 416 ante
2030 349 2223 436 pedes
2267 349 2586 435 pharetris
2630 347 2927 414 clamoris

551 451 884 518 ululabilis
929 453 1326 520 incendio
1371 453 1502 519 tela
1549 476 1809 521 summa
1856 456 2089 542 peritia
2134 453 2643 542 dispergebant?

644 558 936 624 Ridicule
979 559 1192 626 editur
1226 561 1630 627 incendio.
1678 561 2102 629 Reddendum
2146 569 2243 628 est
2280 564 2628 628 Ammiano
2662 562 2935 624 incen-

548 667 748 730 tiuo.
797 664 1325 732 Incentiuum
1374 670 1629 732 serioris
1672 667 2047 734 Latinitatis
2092 667 2487 734 uocabulum
2533 673 2755 732 est=
2792 667 2937 729 inri-

549 777 950 848 tamentum,
1011 772 1335 838 stimulus.
1387 772 1466 839 of.
1517 773 1755 862 Paneg.
1804 775 1885 840 ad
1931 772 2328 842 Constantia.
2384 776 2458 838 1·
2514 773 2701 851 „Non
2750 771 2939 836 tubae

548 878 758 944 solum
775 926 794 956 ‚
857 878 970 943 sed
1012 880 1212 944 etiam
1257 877 1607 964 Spartanae
1652 881 1851 946 tibiae
1896 882 2295 946 incentiuum
2342 879 2601 966 aliquod
2647 880 2939 944 feruntur

547 984 910 1052 habuisse.”
955 985 1042 1050 Et
1085 988 1176 1050 sic
1221 989 1358 1070 ipse
1401 989 1786 1052 Ammianus
1830 987 2041 1052 XXII.
2096 987 2200 1052 11.
2252 986 2293 1052 5
2336 986 2698 1074 „Georgius
2740 1002 2939 1072 graue

549 1097 892 1158 accesserat
935 1091 1405 1158 incentiuum.”

639 1311 704 1377 6.
749 1309 817 1378 8.
865 1310 1149 1390 „Verum
1194 1311 1414 1378 audito
1461 1311 1615 1378 licet
1656 1311 1836 1378 leui
1881 1315 2422 1399 reptantium
2468 1314 2686 1379 sonitu
2734 1313 2942 1400 gemi-

545 1425 748 1504 tuque
801 1437 1132 1484 caesorum
1193 1418 1476 1484 discusso
1538 1439 1795 1497 somno,
1860 1422 2157 1486 excitatis
2221 1418 2450 1485 multis
2510 1426 2576 1486 et
2637 1419 2721 1485 ad
2770 1437 2943 1484 arma

545 1547 660 1612 pro
719 1545 790 1590 se
850 1544 1099 1610 quoque
1161 1522 1533 1590 clamitante
1594 1531 1909 1591 steterunt
1964 1525 2208 1592 milites
2262 1527 2561 1614 uestigiis
2606 1523 2755 1592 fixis
2806 1544 2943 1612 pro-

547 1632 734 1721 gredi
777 1630 950 1697 ultra
993 1651 1120 1697 non
1164 1630 1364 1698 ausi.”

635 1732 851 1806 Verba
896 1737 1076 1804 leui
1122 1740 1647 1823 reptantium
1694 1737 1986 1825 Hauptio
2022 1738 2364 1818 debentur,
2407 1759 2569 1825 quae
2603 1736 2943 1824 quomodo

545 1867 625 1913 ex
673 1846 966 1912 codicum
1011 1843 1284 1909 lectione
1329 1842 1494 1908 effici
1537 1847 1861 1929 potuerint
1906 1866 2033 1911 non
2078 1846 2287 1912 video.
2338 1847 2417 1912 In
2451 1845 2619 1911 libro
2658 1844 2811 1912 Vat.
2852 1849 2943 1909 est

546 1955 914 2018 reuetem
959 1971 1000 2036 p
1050 1949 1466 2028 dentium,
1511 1953 1583 2014 in
1628 1947 1785 2016 cod.
1835 1950 2095 2019 Petrino
2142 1959 2487 2040 reuetep
2527 1953 2939 2018 dentium.

545 2058 708 2124 Vide
751 2059 959 2145 igitur
1003 2077 1084 2124 an
1127 2077 1255 2122 non
1305 2077 1452 2122 uera
1498 2057 1586 2120 sit
1628 2055 1820 2122 lectio
1866 2058 2483 2145 pedetemptim
2530 2062 2942 2124 euntium.

639 2273 704 2368 6:
755 2272 861 2339 12.
936 2271 1232 2352 „Horum
1301 2271 1634 2358 campid
1656 2274 1923 2338 actori
1944 2273 2089 2338 bus
2158 2279 2236 2339 ut
2290 2274 2561 2339 fortium
2620 2274 2939 2340 factorum

545 2383 982 2469 antesignanis
1065 2384 1210 2465 post
1292 2381 1577 2444 ciuitatis
1648 2379 1971 2444 excidium
2042 2400 2121 2445 ar
2134 2401 2200 2446 m
2214 2387 2340 2446 ata
2354 2401 2387 2446 s
2454 2385 2699 2446 statuas
2774 2376 2939 2466 apud

547 2489 856 2555 Edessam
901 2489 970 2552 in
1015 2488 1275 2575 regione
1320 2485 1552 2552 celebri
1598 2485 1795 2553 locari
1839 2489 2113 2553 iusserat
2158 2485 2571 2573 imperator.’'

637 2594 902 2661 Statuae
947 2598 1232 2659 armatae
1276 2592 1494 2679 quales
1539 2592 1781 2658 fuerint
1826 2613 1952 2659 non
1994 2614 2311 2679 assequor.
2358 2593 2493 2658 Vix
2532 2594 2761 2675 dubito
2786 2594 2935 2678 quin

545 2708 790 2769 statuas
843 2721 882 2766 a
899 2722 942 2765 u
961 2707 1142 2766 rata
1159 2720 1190 2765 s
1235 2702 1584 2786 imperator
1627 2698 1823 2765 locari
1870 2698 2148 2765 iusserit.
2177 2736 2265 2748 —
2287 2699 2415 2765 Pro
2462 2722 2497 2765 c
2516 2722 2553 2765 a
2569 2721 2635 2763 m
2658 2721 2699 2784 p
2716 2702 2743 2764 i
2760 2700 2937 2765 duc-

545 2809 916 2885 toribus,
974 2808 1142 2894 quod
1181 2806 1349 2871 nihil
1371 2812 1502 2893 est,
1544 2806 2329 2892 campidoctoribus
2370 2806 2783 2872 scribendum
2808 2809 2935 2871 iam

546 2925 792 2983 ueteres
837 2920 1225 2980 monuerunt
1267 2913 1558 2999 editores.

637 3132 702 3198 Ι7.
749 3132 816 3197 8.
879 3130 1020 3209 „Ad
1067 3134 1428 3196 extremum
1476 3128 1605 3194 diei
1646 3150 1765 3195 nec
1808 3132 2119 3195 mortium
2166 3130 2390 3195 truci
2434 3131 2584 3195 uisu
2630 3149 2747 3195 nec
2794 3125 2933 3194 uul-

543 3261 772 3307 nerum
818 3239 1077 3303 territus
1121 3234 1382 3301 tandem
1431 3241 1687 3320 tempus
1732 3238 2045 3322 exiguum
2092 3236 2294 3301 tribui
2339 3238 2542 3321 quieti
2587 3230 2933 3323 permisit-’⁹

635 3346 846 3411 Immo
889 3345 1104 3430 potius
1151 3343 1440 3420 „tristi
1483 3344 1697 3407 uisu.'’

636 3549 701 3616 8.
751 3550 812 3615 5.
889 3548 1003 3627 „In
1077 3550 1368 3615 abstrusa
1437 3545 1711 3632 quadam
1777 3552 1955 3630 parte
2014 3547 2233 3632 oppidi
2298 3568 2447 3613 eum
2495 3546 2745 3614 duobus
2792 3546 2929 3613 aliis

541 3658 749 3723 latens
810 3656 1112 3722 obscurae
1167 3654 1480 3740 praesidio
1525 3654 1733 3717 noetis
1778 3654 2022 3738 postica
2038 3700 2057 3731 ,
2102 3674 2215 3738 per
2260 3674 2460 3747 quam
2503 3652 2671 3719 nihil
2717 3674 2926 3719 seruar-

543 3764 767 3840 batur‚
817 3762 1084 3829 euado.”

636 3868 988 3935 Verborum
1059 3866 1210 3933 ordo
1257 3866 1554 3933 turbatus
1604 3870 1721 3931 est.
1766 3864 2147 3952 Legendum
2194 3871 2293 3933 est
2340 3866 2589 3945 „latens
2632 3870 2925 3933 obscurae

541 3974 856 4063 praesidio
901 3975 1106 4039 noctis
1122 4020 1140 4054 ‚
1183 3994 1297 4058 per
1342 3993 1537 4058 quam
1585 3971 1752 4037 nihil
1796 3974 2201 4051 seruabatur,
2249 3974 2496 4058 postica
2541 3972 2811 4039 euado.’'

635 4182 698 4245 8.
748 4178 812 4245 8.
887 4178 1013 4257 „Et
1080 4180 1273 4263 quia
1340 4198 1454 4263 per
1511 4181 1764 4245 aestum
1826 4176 2005 4243 arida
2048 4178 2163 4242 siti
2208 4182 2651 4261 reptantes
2696 4196 2919 4263 aquam

545 4288 655 4353 diu
703 4284 1114 4371 quaeritando
1158 4283 1542 4369 profundum
1592 4284 1751 4349 bene
1796 4282 2081 4349 uidimus
2126 4283 2466 4368 puteum.”
