3150 5000
575 288 709 357 384
1435 310 1710 358 rau-ms
1755 310 2095 361 sosarnus.

573 480 638 541 et
683 495 898 540 rerum
947 474 1234 541 ordinem
1287 482 1591 562 perpetuo
1634 476 2003 561 perturbare
2020 526 2038 561 ,
2079 476 2335 542 etiamsi
2372 474 2809 562 chronologiae
2842 494 2929 559 pe-

572 583 920 646 ritissimus
967 580 1171 645 videri
1220 580 1401 646 velit.
1465 580 1536 646 Si
1586 585 1728 666 quis
1773 588 1988 647 tamen
2037 583 2198 648 forte
2244 584 2574 647 existimat
2620 601 2724 646 me
2760 581 2933 645 nimis

569 690 788 773 inique
853 688 929 752 de
987 686 1243 772 Josephi
1308 686 1705 775 negligentia
1762 690 1995 754 sentire
2014 734 2031 766 ‚
2094 688 2408 773 expendat
2458 708 2689 773 quaeso
2730 686 2933 771 Antiq.

577 792 682 859 18.
731 794 794 859 6.
849 794 881 859 1
907 841 924 871 ,
989 795 1099 858 ubi
1161 796 1332 882 regis
1398 794 1727 881 Agrippae
1791 796 1927 859 vita
1970 795 2065 860 ita
2110 801 2438 878 narratur,
2488 799 2560 860 ut
2604 815 2719 859 nec
2762 804 2934 877 caput

571 921 684 966 nec
731 922 840 985 pes
878 906 1142 965 constet.
1191 899 1409 964 Veluti
1449 899 1732 987 legimus
1772 904 2125 988 Agrippam
2173 901 2448 967 Romam
2496 904 2741 967 venisse
2774 901 2933 965 brevi

569 1012 716 1073 ante
777 1014 1052 1071 mortem
1115 1006 1220 1071 avi
1279 1007 1381 1070 sui
1443 1004 1719 1073 Herodis
1781 1007 2023 1095 Magni.
2095 1006 2275 1072 Alios
2319 1027 2555 1072 errores
2599 1014 2932 1093 praeter-cO,

569 1112 677 1178 sed
725 1112 804 1177 cf.
854 1109 1077 1196 Antiq.
1133 1110 1238 1176 18.
1291 1110 1352 1175 5.
1404 1111 1444 1175 4
1491 1118 1556 1177 et
1606 1111 1762 1178 Bell.
1813 1112 1965 1179 Jud.
2012 1110 2075 1179 2.
2126 1111 2189 1177 9.
2242 1112 2301 1179 5.
2370 1108 2672 1179 Ceterum
2720 1112 2936 1200 dignis-

567 1222 734 1285 sima
796 1224 946 1282 sunt
1006 1238 1166 1302 quae
1220 1223 1512 1284 accurate
1559 1219 2027 1304 expendantur,
2078 1239 2152 1285 ea
2198 1240 2359 1304 quae
2402 1218 2718 1305 Josephus
2762 1218 2937 1284 tradit

568 1326 646 1391 de
689 1324 1077 1408 Imperatore
1123 1322 1411 1401 Tiberim
1464 1328 1656 1409 'quem
1706 1328 1875 1391 enim
1922 1325 2257 1404 describit,
2308 1329 2364 1391 is
2402 1346 2527 1391 non
2564 1326 2725 1403 fuit,
2760 1344 2937 1410 quan·

567 1437 709 1495 tum
774 1430 956 1495 video
979 1479 997 1513 ,
1057 1431 1224 1495 inter
1287 1431 1625 1516 scriptores
1647 1479 1664 1511 ,
1728 1452 1883 1517 quos
1942 1430 2205 1497 Tacitus
2258 1438 2405 1499 ante
2450 1431 2667 1498 oculos
2709 1430 2937 1497 habuit.

565 1536 899 1622 Imprimis
943 1556 1056 1601 cur
1101 1536 1194 1601 ita
1239 1537 1551 1621 sentiam,
1600 1539 1754 1603 facit
1800 1539 2019 1625 Antiq.
2078 1535 2181 1605 18.
2232 1537 2293 1603 6.
2347 1537 2408 1604 5.

654 1718 693 1785 J
699 1740 882 1785 ussus
939 1720 1062 1785 fuit
1123 1720 1342 1786 Macro
1408 1718 1765 1808 Agrippam
1824 1722 1889 1786 in
1954 1742 2269 1787 carcerem
2329 1720 2675 1799 abducere,
2724 1722 2831 1786 οὐκ
2870 1718 2940 1785 ἂν

566 1826 899 1905 προσδοκῶν
945 1826 1078 1904 περ)
1128 1830 1234 1891 τοῦ
1283 1828 1615 1915 Ἀγρίππα
1668 1828 1854 1892 αὐτὸν
1903 1828 2373 1904 βουλεῦσαί
2410 1852 2469 1891 τι
2512 1832 2815 1907 τοιοῦτον,
2843 1824 2944 1891 sed

565 1931 738 1997 malo
799 1936 1220 1997 κελεῦσαι.
1292 1930 1538 1999 Deinde
1585 1932 1827 2019 aliquot
1872 1933 2029 1999 locis
2078 1934 2363 2013 omissis,
2419 1934 2561 2019 quis
2608 1936 2785 1999 enim
2832 1934 2943 1997 fert

563 2038 762 2105 aniles
809 2060 1014 2127 nugas
1061 2060 1220 2124 quae
1265 2037 1611 2105 lectoribus
1658 2043 2075 2126 propinantur
2121 2037 2342 2125 Antiq.
2396 2038 2501 2106 18.
2547 2037 2609 2104 6.
2652 2039 2733 2117 ’7,
2773 2038 2944 2106 venio

563 2145 642 2211 ad
690 2145 914 2231 Antiq.
967 2143 1070 2209 18.
1124 2144 1184 2212 ¹7.
1240 2146 1271 2210 l
1295 2194 1311 2222 ,
1377 2146 1491 2210 ubi
1553 2145 1869 2211 Herodias
1918 2147 2225 2211 maritum
2273 2144 2590 2211 Herodem
2639 2145 2942 2230 Antipam

561 2251 834 2338 instigat
879 2253 945 2315 in
995 2252 1256 2316 fratrem
1301 2272 1493 2317 suum
1542 2252 1925 2339 Agrippam.
1983 2254 2075 2317 Οὐ
2125 2252 2251 2331 γὰρ
2298 2251 2551 2317 ἄνεκτὸν
2598 2248 2763 2317 εἶναί
2798 2258 2941 2331 <pum

562 2355 632 2420 τὸ
681 2355 824 2436 ζῆν,
875 2357 924 2421 εἷ
976 2358 1342 2436 Ἀγρίππας
1392 2395 1475 2406 -
1528 2359 1708 2440 πενίᾳ
1764 2358 1827 2422 δὲ
1890 2357 2095 2438 ἀπόρῳ
2158 2358 2437 2435 συνών,
2508 2360 2586 2430 ὥς
2647 2357 2943 2429 τελέως

563 2463 729 2543 αὐτῷ
778 2463 1278 2545 ἐπικουφίζεσθαι
1327 2463 1413 2528 τα
1457 2466 1787 2544 ἀναγκαῖα
1838 2501 1924 2514 --
1965 2462 2401 2538 ἐπανεληλύθοι
2448 2464 2781 2542 βασιλεύς.
2828 2465 2948 2532 Hie

560 2590 851 2655 promam
900 2571 1056 2636 duas
1103 2570 1524 2656 suspiciones,
1576 2591 1733 2656 quas
1779 2569 1893 2636 alii
1938 2571 2202 2637 fortasse
2246 2592 2395 2638 vere
2442 2571 2637 2637 nimis
2682 2574 2949 2638 incertas

559 2678 1098 2764 pronunciabunt,
1148 2695 1415 2763 nempe:
1465 2674 1713 2755 συζῶν
1762 2682 1828 2743 et
1872 2676 2084 2759 ἐλέῳ.

651 2855 904 2925 Gertius
949 2864 1048 2924 est
1096 2857 1316 2942 Antiq.
1373 2856 1477 2923 18.
1527 2855 1587 2922 8.
1646 2858 1720 2923 1:
1781 2857 1993 2923 πολλα
2053 2858 2117 2923 δὲ
2175 2858 2279 2923 καὶ
2328 2861 2598 2941 χαλεπὰ
2645 2861 2943 2934 Ἀπίωνος

559 2962 896 3044 εἰρηκότος,
964 2963 1074 3046 ὑφ’
1142 2960 1217 3028 ὦν
1278 2965 1528 3042 ἀρθῆναι
1592 2963 1815 3045 ἤλπιζε
1862 2963 1963 3027 τὸν
2010 2963 2227 3042 Γιέιον,
2275 2965 2411 3029 καὶ
2460 2966 2617 3036 εἰκὸς
2669 2961 2775 3044 ἦν,
2824 2965 2943 3030 κτὲ.

556 3070 985 3155 reponendum
1051 3089 1220 3135 esse:
1283 3073 1376 3141 ὥς
1442 3071 1599 3140 εἰκὸς
1648 3065 1738 3143 ἦν.
1808 3069 2025 3135 Maius
2087 3077 2303 3135 autem
2352 3071 2812 3138 detrimentum
2862 3077 2951 3138 est

557 3179 908 3240 sententiae
954 3174 1178 3260 Antiq.
1231 3173 1336 3239 18.
1387 3173 1451 3241 8.
1503 3175 1581 3241 ¹7:
1632 3175 1782 3250 ἀξιῶ
1830 3177 1957 3255 γὰρ
2004 3177 2070 3241 σὲ
2117 3181 2223 3241 τοῦ
2260 3177 2605 3255 ἀνδριάντος
2643 3180 2758 3254 τὴν
2804 3177 2949 3244 ἀνα·

558 3283 741 3357 θεσιν,
795 3273 861 3353 ἣν
909 3281 1280 3355 ποιήσασθαι
1329 3281 1597 3352 κελεύεις
1650 3283 1975 3361 Πετρώνιον
2020 3283 2106 3354 εἷς
2156 3285 2225 3348 τὸ
2266 3283 2570 3348 Ἰουδαίων
2612 3284 2805 3363 ἱερόν,
2836 3309 2949 3360 μη·

556 3386 688 3452 κέτι
752 3386 1162 3465 πράσσειν
1231 3385 1635 3463 διανοεῖσθαι,
1701 3409 1862 3474 quae
1925 3388 2119 3455 verba
2180 3396 2330 3453 sunt
2392 3389 2721 3476 Agrippae
2784 3393 2953 3478 regis

557 3492 636 3558 ad
683 3489 916 3558 Caium
963 3492 1352 3578 principem,
1400 3494 1509 3559 sed
1557 3493 1741 3559 facile
1788 3494 2020 3560 senties
2061 3494 2526 3560 emendandum
2566 3515 2702 3560 esse
2735 3519 2954 3577 προσ-

556 3621 926 3663 τασσειν.

646 3765 871 3851 Antiq.
931 3765 1034 3831 18.
1086 3766 1148 3832 9.
1203 3766 1237 3830 1
1261 3816 1280 3851 ‚
1328 3772 1535 3832 mater
1572 3768 1883 3853 quaedam
1924 3766 2355 3834 adulescentes
2394 3767 2769 3847 προσέταξεν
2810 3771 2951 3839 ἱςῶν

554 3875 823 3950 μαθήσει
872 3873 1204 3950 ποιήσεως,
1255 3873 1540 3939 solebant·
1587 3874 1757 3939 enim
1806 3875 1873 3937 in
1922 3872 2055 3938 illis
2104 3877 2287 3939 terris
2334 3877 2530 3940 etiam
2578 3877 2706 3940 viri
2739 3889 2951 3939 ταλα-

556 3985 893 4062 σιουργεῖν,
957 3979 1066 4044 sed
1131 3999 1338 4045 nonne
1401 3982 1615 4045 verius
1678 3987 1775 4045 est
1838 3976 2045 4047 letan?
2108 3978 2230 4046 Sed
2290 3985 2439 4045 sunt
2492 3982 2558 4045 in
2604 3981 2723 4046 hac
2770 3987 2955 4068 parte

554 4083 758 4168 operis
820 4082 1100 4169 plurima
1168 4085 1327 4151 mire
1392 4091 1461 4151 et
1517 4085 1777 4152 insolito
1842 4088 2031 4153 modo
2092 4089 2444 4153 enunciata.
2520 4085 2743 4152 Veluti
2798 4086 2955 4173 quid

553 4191 748 4257 facias
795 4189 1018 4275 Antiq.
1073 4189 1174 4255 18.
1227 4191 1289 4255 9.
1339 4191 1399 4256 2.
1453 4196 1785 4268 τολμήσειν
1831 4185 2266 4268 ιέντιςατήσειν
2304 4199 2369 4259 et
2408 4212 2559 4259 mox
2600 4192 2956 4272 ἐπιτρέψειν

554 4296 822 4373 ἤμελλον
884 4300 1030 4372 ἡμῖν
1091 4297 1318 4379 ὑβριεῖν
1375 4304 1440 4363 et
1498 4298 1723 4385 Antiq.
1779 4298 1883 4364 18.
1936 4299 1997 4367 3.
2050 4301 2127 4367 1:
2183 4301 2517 4378 τολμήσειν
2563 4302 2671 4376 τὴν
2716 4300 2955 4383 σοφίαν

552 4402 1030 4484 παραβήσεσθαι
1076 4409 1191 4468 τῶν
1241 4400 1474 4482 νόμωνῗ
