3150 5000
1096 1060 1893 1212 SALLUSTIANA.

1350 1342 1660 1367 *—

410 1565 549 1655 Iug.
602 1565 641 1631 3
660 1616 679 1651 ,
729 1567 791 1634 1.
855 1567 1091 1634 Verum
1155 1590 1234 1635 ex
1292 1570 1383 1635 eis
1445 1571 1862 1657 magistratus
1915 1573 1980 1635 et
2021 1570 2114 1633 im
2121 1570 2293 1655 peria
2310 1616 2326 1645 ‚
2372 1573 2696 1654 postremo

321 1676 528 1738 omnis
572 1693 722 1739 cura
766 1695 979 1739 rerum
1024 1673 1426 1761 publicarum
1472 1677 1762 1743 minume
1799 1675 1918 1741 hac
1955 1680 2332 1761 tempestate
2373 1675 2698 1760 cupiunda

320 1779 617 1845 videntur
637 1827 654 1857 ,
718 1784 1017 1865 quoniam
1064 1802 1265 1868 neque
1310 1784 1541 1848 virtuti
1589 1781 1786 1848 honos
1833 1780 2020 1847 datur
2064 1802 2266 1866 neque
2310 1780 2412 1847 illi
2457 1783 2696 1867 quibus

318 1907 429 1972 per
472 1886 761 1973 fraudem
810 1888 945 1971 [iis]
993 1887 1117 1953 fuit
1163 1889 1290 1952 tuti
1336 1892 1449 1952 aut
1493 1908 1566 1953 eo
1615 1890 1827 1975 magis
1868 1887 2116 1953 honesti
2163 1892 2327 1954 sunt.

409 1992 509 2059 Ita
551 1991 761 2058 locum
812 1994 989 2060 dedit
1033 1992 1336 2060 Iordanus
1380 1996 1483 2060 cui
1530 2014 1655 2059 non
1705 1994 2019 2059 adsentior
2071 1994 2152 2058 iic
2197 1994 2446 2059 uncinis
2493 1991 2696 2058 inclu-

319 2099 513 2165 denti.
562 2097 822 2166 Codices
863 2101 929 2163 in
978 2100 1168 2165 verbo
1215 2103 1498 2178 variant,
1543 2106 1791 2185 praeter
1827 2100 1908 2185 iic⁸
1952 2100 2050 2163 ius
2072 2099 2280 2163 visais
2303 2099 2691 2165 exhibentes,

318 2206 471 2291 quid
518 2202 769 2271 multa?
817 2206 893 2271 de
940 2224 1050 2271 ΠΛ
1089 2205 1453 2271 deerrarunt
1490 2206 1898 2292 interpretes,
1936 2226 2139 2292 neque
2162 2225 2299 2271 eam
2328 2206 2695 2291 cogitarunt

316 2309 599 2399 intelligi
646 2332 771 2397 qua
817 2310 895 2376 ad
940 2314 1186 2399 honores
1232 2311 1668 2377 adscendatur.
2243 2321 2254 2335 ⁸

404 2534 491 2600 id.
520 2532 605 2600 97
628 2583 645 2617 ‚
674 2532 713 2598 5
760 2554 975 2599 omnes
1021 2533 1252 2619 trepidi
1296 2535 1616 2619 inproviso
1659 2539 1842 2600 metu
1888 2555 1960 2601 ac
1999 2540 2215 2600 tamen
2252 2534 2515 2600 virtutis
2553 2553 2695 2598 me·

316 2660 522 2707 mores
569 2646 680 2707 aut
725 2661 903 2706 arma
947 2640 1277 2727 capiebant
1323 2647 1433 2707 aut
1482 2641 1788 2726 capientis
1835 2640 1993 2707 alios
2031 2643 2110 2708 ab
2151 2641 2440 2706 hostibus
2478 2638 2690 2704 defen-

311 2747 533 2813 sabant
549 2767 567 2826 ς
616 2768 758 2833 pars
802 2767 995 2832 equos
1041 2747 1367 2814 escendere
1386 2797 1402 2823 ,
1450 2749 1706 2814 obviam
1753 2751 1845 2812 ire
1889 2748 2212 2824 hostibus;
2254 2766 2470 2834 pugna
2492 2744 2692 2811 latro-

312 2855 477 2919 cinio
522 2854 734 2941 magis
780 2875 967 2938 quam
1014 2853 1251 2940 proelio
1297 2853 1529 2919 similis
1576 2852 1745 2940 fieri3
1793 2857 1927 2920 sine
1973 2855 2176 2940 sig-nis
2199 2854 2335 2918 sine
2359 2850 2694 2918 ordinibus

312 2959 553 3044 equites
598 2961 965 3046 peditesque
1010 2963 1314 3046 permixti
1360 2961 1575 3026 cedere
1623 2961 1776 3025 alios
1822 2961 1977 3027 alios
2023 2962 2395 3025 obtruncare
2413 3009 2429 3042 ‚
2488 2957 2689 3023 multi

311 3072 527 3131 contra
572 3066 863 3131 adversos
906 3086 1229 3131 acerrume
1276 3072 1634 3153 pugnantes
1681 3066 1760 3132 ab
1808 3071 1988 3154 tergo
2034 3065 2500 3131 circumveniri.

400 3171 473 3236 In
534 3191 602 3236 re
668 3171 909 3256 trepida
972 3184 1159 3256 atque
1218 3173 1472 3236 turbata
1519 3172 1854 3237 veritatem
1904 3171 2109 3237 adhuc
2156 3170 2350 3237 latere
2397 3173 2542 3256 quis
2590 3175 2685 3236 est

309 3279 421 3362 qui
467 3274 776 3342 miretur?
848 3275 1032 3342 Certe
1094 3297 1233 3342 eam
1298 3297 1422 3343 non
1471 3278 1638 3343 vidit
1683 3298 1885 3362 neque
1926 3277 2229 3344 Iordanus
2275 3278 2477 3343 cedere
2521 3276 2676 3340 alius

308 3385 469 3448 alius
514 3383 855 3448 obtruncari
898 3404 1098 3468 neque
1146 3382 1509 3449 Dietschius
1558 3384 1676 3446 alii
1723 3384 1840 3447 alii
1885 3385 2218 3450 coniciens.
2288 3381 2420 3450 Nos
2465 3383 2673 3450 littera

306 3494 561 3557 tantum
606 3495 861 3556 mutata
905 3507 1075 3556 naus
1122 3490 1473 3575 reponendo
1521 3496 1587 3556 et
1633 3490 1924 3556 codicum
1976 3489 2121 3556 fidei
2167 3496 2233 3556 et
2279 3492 2370 3556 rei
2415 3493 2541 3576 ipsi
2579 3508 2677 3554 sa-

302 3597 672 3663 tisfecimus.
744 3596 1053 3688 Narratur
1113 3599 1284 3662 enim
1349 3618 1424 3663 ea
1480 3618 1734 3685 pugnae
1779 3599 2015 3682 species
2053 3601 2122 3662 in
2169 3619 2296 3685 qua
2341 3581 2484 3683 quis
2531 3597 2681 3664 hos·

305 3705 478 3768 tibus
538 3704 919 3768 instantibus
985 3703 1171 3768 modo
1221 3701 1437 3786 cedat,
1486 3703 1674 3768 modo
1722 3703 2012 3772 adversos
2058 3713 2279 3770 nactus
2325 3705 2678 3769 obtruncet.

392 3807 567 3876 Haec
590 3809 848 3874 Frazero
892 3829 1064 3893 men,
1107 3807 1487 3874 Sallustium
1517 3810 1584 3874 in
1609 3831 1797 3874 usum
1827 3808 2185 3875 scholarum
2211 3831 2414 3896 nuper
2434 3809 2680 3888 edenti,

266 3917 393 3994 ‚ita
436 3912 683 4001 placere
728 3921 802 3980 ut
847 3917 913 3980 in
963 3921 1212 3980 textum
1262 3917 1565 4001 reciperet
1615 3937 1739 3982 non
1790 3916 2321 3985 dissimulandum
2367 3916 2618 4003 putavi.

436 4093 1072 4188 Cantabrigiae.
1828 4099 1901 4167 Τ.
1952 4099 2023 4167 Ρ.
2077 4099 2536 4167 POS'PGA'Pm.
