3150 5000
557 223 689 288 324
976 223 981 228 ’
1534 240 1966 292 THUGYDIDRA.

649 405 842 474 Sexto
886 407 1053 473 libro
1101 409 1309 492 capite
1354 409 1543 473 tertio
1589 409 1789 474 miror
1832 406 2255 476 locutionem:
2308 407 2480 486 μετὰ
2545 405 2918 491 Συρακούσας

554 515 617 581 οἰ
638 539 707 580 ιιι
729 515 812 578 σθ
833 515 906 580 εί
922 536 1105 591 σας,
1144 518 1289 599 post
1326 512 1672 599 Syracusas
1711 513 2016 580 conditas.
2068 512 2213 582 Scio
2253 513 2516 600 quidem
2541 511 2920 582 Classenium

554 621 631 688 ad
692 619 801 688 IV.
862 619 949 685 63
1019 620 1186 686 nihil
1254 622 1645 686 intentatum
1708 620 2071 707 reliquisse,
2141 626 2216 685 ut
2277 617 2542 687 Graecis
2596 621 2926 688 vindicaret

553 727 803 792 dicendi
869 725 1213 792 formulam
1294 737 1453 811 quae
1524 726 1790 793 Latinae
1848 726 2111 815 linguae
2178 727 2279 793 vel
2343 729 2630 795 maxime
2691 731 2926 814 propria

552 839 681 911 est,
748 831 857 898 sed
917 832 1083 918 apud
1145 831 1414 898 Graecos
1478 837 1591 899 aut
1653 853 1793 900 raro
1853 839 1965 899 aut
2011 855 2366 920 numquam
2415 834 2780 920 invenitur3
2825 854 2924 900 nec

555 945 770 1005 tamen
804 938 1087 1034 ι(11111110,
1140 940 1292 1023 quin
1337 959 1505 1004 nunc
1552 939 1814 1024 quidem
1859 939 2224 1012 οίκισθείσας
2275 941 2770 1029 expungendum
2817 944 2924 1016 sit,

552 1066 753 1131 quum
814 1045 882 1109 id
943 1046 1157 1130 ipsum
1219 1046 1389 1121 μετὰ
1452 1047 1851 1125 Συρακούσας
1915 1052 2083 1112 recte
2144 1045 2401 1135 legatur
2443 1049 2653 1132 capite
2699 1050 2926 1132 quinto.

552 1152 817 1217 Decimo
880 1152 1085 1235 capite
1141 1150 1657 1218 Lacedaemoniis
1718 1153 1820 1217 διὰ
1883 1150 2208 1234 ξυμφορῶν
2257 1155 2291 1229 ἦ
2338 1150 2664 1231 ξύμβασις
2717 1153 2822 1218 καὶ
2867 1153 2928 1216 ἐκ

552 1262 659 1324 τοῦ
730 1258 1069 1338 αἰσχίονας,
1111 1258 1257 1322 κατ’
1318 1257 1603 1334 ἀνάγκην
1662 1259 1942 1336 ἐγένετο·
2007 1260 2128 1326 1100
2191 1265 2400 1344 recte,
2465 1260 2574 1326 sed
2636 1282 2768 1327 non
2810 1261 2930 1326 fero

554 1365 719 1451 quod
765 1364 953 1432 hodie
1000 1364 1293 1430 additum
1342 1371 1471 1430 est:
1520 1366 1587 1430 ἐκ
1634 1371 1743 1431 τοῦ
1793 1367 2102 1448 αἰσχίονας
2153 1365 2187 1441 ἦ
2238 1369 2471 1443 ἡμῖν,
2519 1387 2672 1432 nam
2721 1367 2930 1433 Nicias

553 1477 721 1539 certe
780 1492 905 1537 non
969 1471 1465 1537 Atheniensibus
1528 1479 1781 1559 turpem
1847 1494 2068 1558 pacem
2132 1493 2266 1538 esse
2327 1472 2688 1552 iudicabat,
2749 1495 2932 1560 quam

552 1582 688 1664 ipse
736 1584 1038 1643 suaserat.
1083 1576 1277 1644 Mox:
1323 1579 1374 1643 εί
1424 1577 1577 1659 δίχα
1628 1581 1796 1656 ἡμῶν
1841 1581 1952 1654 τὴν
2000 1579 2257 1656 δύναμιν
2295 1577 2682 1657 λάβοιεν,
2739 1581 2934 1666 requi-

554 1686 735 1769 ritur,
798 1685 924 1749 nisi
985 1683 1190 1762 fallor,
1254 1705 1327 1750 eo
1370 1706 1559 1751 sensu
1607 1709 1703 1750 κα
1723 1710 1820 1750 τα
1840 1700 1880 1750 λ
1898 1685 1942 1750 02
1959 1685 2206 1763 βοιεν.
2275 1683 2632 1752 Undecimo
2695 1691 2928 1773 capite:

556 1791 642 1856 τὰ
701 1791 828 1870 γὰρ
892 1791 995 1856 διὰ
1059 1791 1313 1860 πλείςου
1374 1791 1683 1866 πάντες
1731 1791 1908 1872 ἴσμεν
1959 1789 2443 1873 θαυμαζόμενα,
2492 1800 2640 1878 post
2685 1793 2934 1862 πλείςου

555 1898 1021 1964 Herwerdenus
1067 1900 1261 1964 inseri
1305 1901 1494 1964 iussit
1528 1898 1814 1985 μοὶλιςα,
1855 1899 1964 1966 sed
1993 1900 2158 1966 ‘satis
2197 1900 2460 1966 fortasse
2493 1907 2592 1965 est
2629 1903 2936 1988 corrigere

556 2004 665 2071 ποί
686 2029 898 2076 ντως.
948 2004 1188 2070 Deinde
1233 2008 1302 2071 in
1348 2009 1662 2072 sententia
1709 2006 1900 2092 paulo
1947 2005 2267 2094 longiore:
2317 2002 2462 2086 ὅπερ
2511 2011 2614 2071 νῦν
2654 2009 2830 2085 ὑμεῖς
2857 2043 2932 2055 --

557 2111 1016 2177 πεπόνθατε
1068 2151 1148 2160 -
1198 2113 1780 2194 καταφρονήσαντες
1832 2113 1940 2189 ἤδη
1989 2113 2093 2178 καὶ
2148 2111 2444 2182 Σικελίας
2493 2113 2780 2194 ἐφίεσθε,
2823 2112 2938 2178 ele-

554 2225 783 2307 ganter
850 2219 1041 2283 scribi
1111 2221 1343 2303 poterit
1406 2218 1934 2291 πεπονθότες.
2006 2219 2330 2303 Denique:
2395 2215 2554 2292 ὅπως
2623 2218 2807 2285 πόλιν
2867 2219 2935 2283 δι’

554 2324 1075 2405 ὀλιγαρχίας
1141 2323 1662 2400 ἐπιβουλεύουσαν
1723 2323 1902 2402 ὀξέως
1967 2323 2415 2402 Φυλαξόμεθα,
2473 2321 2935 2392 Herwerdenus

556 2429 756 2497 edidit
818 2431 984 2517 quod
1044 2430 1411 2497 Badhamus
1472 2407 1840 2498 emendavit
1885 2434 1962 2497 δι’
2010 2431 2257 2511 ὀλίγου·
2304 2431 2516 2497 nescio
2562 2438 2786 2498 autem
2833 2431 2934 2496 ubi

551 2536 919 2603 Badhamus
978 2540 1072 2602 ita
1134 2541 1472 2604 correxerit
1532 2545 1597 2606 et
1660 2541 1894 2625 quibus
1939 2540 2338 2627 argumentis
2384 2560 2537 2603 usus
2585 2542 2673 2606 sit
2721 2540 2804 2605 ad
2847 2558 2936 2603 su·

552 2646 897 2729 spicionem
982 2642 1513 2724 confirmandam;
1603 2645 1713 2711 sed
1791 2646 1986 2712 donec
2066 2645 2185 2710 hoc
2252 2646 2565 2712 rescivero
2583 2692 2600 2723 ‚
2669 2646 2934 2711 dixerim

552 2756 867 2837 praestare
914 2749 1015 2815 διὰ
1061 2759 1276 2832 Φιλα
1292 2775 1321 2831 ρ
1336 2750 1558 2833 χίας.

643 2961 797 3049 Cap.
868 2963 951 3028 12
1010 2962 1181 3028 haud
1243 2965 1399 3028 satis
1460 2964 1590 3039 scio
1646 2984 1726 3029 an
1773 2968 1942 3029 recte
1989 2962 2424 3029 emendaverit
2471 2962 2934 3029 Herwerdenus

550 3072 775 3137 verba:
823 3070 977 3145 μηδὲ
1017 3068 1207 3149 τούτῳ
1256 3068 1720 3149 ἕμπαροὶσχητε
1769 3072 1852 3151 τῷ
1898 3078 2010 3146 τῆς
2059 3068 2296 3141 πόλεως
2341 3068 2587 3149 κινδύνῳ
2635 3071 2932 3145 ἐλλαμ-

550 3178 1025 3260 πρύνεσθαι,
1096 3176 1206 3239 ubi
1275 3175 1354 3241 de
1422 3178 1784 3241 coniectura
1857 3176 2060 3241 edidit
2120 3174 2625 3256 λαμπρύνεσθαι,
2697 3179 2929 3243 etenim

550 3282 843 3347 dativum
895 3281 1162 3367 pendere
1208 3282 1287 3345 ab
1334 3302 1407 3347 eo
1453 3284 1621 3367 quod
1667 3288 1764 3347 est
1813 3281 2296 3363 ἑμπαρασχητε.
2345 3281 2591 3347 Deinde
2637 3297 2932 3367 provocat

550 3388 628 3454 ad
670 3408 819 3473 vap.
874 3387 955 3453 16
1006 3388 1117 3453 ubi
1164 3394 1365 3453 recte:
1422 3388 1751 3467 χορηγίαις
1801 3390 1835 3465 ἢ
1884 3386 2060 3468 ἄλλῳ
2107 3412 2190 3469 τῳ
2243 3386 2725 3471 λαμπρύνομαι,
2779 3408 2932 3475 quae

549 3492 742 3559 verba
788 3492 1054 3560 Dionem
1104 3490 1397 3559 Cassium
1446 3502 1592 3560 ante
1639 3494 1855 3560 oculos
1899 3496 2199 3561 habuisse
2246 3494 2518 3559 dixerim
2569 3494 2770 3559 XLII.
2827 3492 2926 3569 49,

548 3599 657 3665 sed
722 3600 941 3665 scribit
1000 3600 1171 3665 idem
1232 3600 1527 3666 LXXIII.
1594 3598 1707 3665 10:
1772 3604 1854 3683 τῷ
1903 3600 2056 3681 ἔργῳ
2105 3600 2672 3679 ἕλλαμπρυνόμενοι
2719 3604 2930 3687 itaque

548 3704 856 3773 Codicum
920 3708 1269 3791 scripturae
1328 3707 1499 3772 haud
1560 3705 1702 3774 leve
1761 3707 2009 3794 pondus
2053 3707 2233 3774 vides
2281 3709 2598 3775 accedere.
2667 3706 2796 3774 Sed
2841 3712 2928 3774 est

548 3832 771 3896 operae
816 3816 1093 3896 pretium
1145 3812 1333 3897 paulo
1378 3815 1739 3879 accuratius
1785 3813 2002 3879 videre
2049 3813 2128 3879 de
2175 3812 2284 3879 VI.
2337 3812 2445 3900 17,
2493 3816 2606 3879 ubi
2651 3814 2925 3881 Alcibia-

548 3918 655 3984 des
712 3916 967 3983 Niciam
1032 3918 1133 3983 his
1194 3919 1405 3983 verbis
1467 3918 1828 4007 redarguit:
1897 3920 2000 3983 καὶ
2050 3924 2260 3984 ταῦτα
2314 3924 2346 3996 ἧ
2401 3920 2518 3997 ἐμὴ
2568 3921 2774 3995 νεότης
2827 3920 2922 3986 καὶ

548 4021 723 4088 ἄνοια
782 4047 889 4088 πα
906 4025 999 4103 ρὰ
1061 4023 1310 4103 Φύσιν
1358 4024 1618 4089 δοκοῦσα
1667 4020 1820 4091 εἶναι
1872 4028 1931 4098 ἐς
1980 4026 2090 4099 τὴν
2133 4026 2624 4099 Πελοποννησίων
2674 4027 2924 4104 δύναμιν

544 4128 753 4206 λόγοις
789 4152 860 4193 τε
899 4128 1221 4207 πρέπουσιν
1268 4130 1640 4207 ὡμίλησε
1681 4132 1786 4196 καὶ
1831 4136 1976 4214 δργῇ
2019 4130 2187 4200 πίςιν
2229 4130 2681 4211 παρασχομένη
2705 4130 2923 4197 ἔπεισε.

544 4236 725 4302 Licet
790 4235 1158 4303 Badhamus
1226 4236 1487 4302 fortasse
1557 4244 1726 4303 recte
1791 4239 1963 4317 παρὰ
2025 4238 2214 4320 φύσιν
2281 4240 2736 4323 transposuerit
2793 4247 2924 4323 post

544 4342 804 4409 δοκοῦσα
851 4339 1006 4409 εἶναι
1056 4345 1339 4408 maxima
1385 4349 1602 4409 tamen
1651 4344 1908 4411 offensio
1949 4348 2018 4409 in
2059 4346 2249 4413 verbo
2287 4346 2584 4423 ὡμίλησε.
2635 4346 2920 4411 Primum
