3150 5000
528 769 674 861 AD
732 769 1333 862 DIONYSIUM
1392 759 2534 862 HALICARNASSENSEM.

428 1181 587 1270 Pag.
633 1180 779 1246 125.
826 1181 924 1245 ἐπὶ
966 1187 1082 1245 τῶν
1119 1182 1495 1262 ἀκρωτηρίων
1536 1179 1780 1254 τινός.
1830 1180 2120 1266 Repone:
2163 1180 2371 1267 ἑνός,
2411 1188 2487 1248 ut
2510 1182 2726 1269 paullo

342 1308 549 1373 supra.

430 1395 589 1482 Peg.
658 1391 807 1458 143.
871 1390 1149 1469 μαθόντα
1198 1392 1261 1457 δὲ
1306 1393 1409 1458 τὸν
1458 1395 1712 1459 Αἰνείαν
1759 1391 1864 1458 καὶ
1918 1390 2222 1470 δαιμόνιόν
2273 1418 2332 1458 τι
2383 1395 2726 1473 νομίσαντα

340 1501 407 1564 τὸ
457 1506 681 1580 χρῆμα
729 1499 897 1584 [τῆς
946 1500 1233 1584 Φωνῆς]
1282 1497 1457 1564 εἶναι.
1505 1498 1813 1565 Deleatur
1859 1498 2046 1564 futile
2095 1499 2433 1587 glossema.

430 1604 586 1692 Pag.
658 1604 807 1670 145.
867 1604 1097 1684 σίδηρον
1158 1605 1261 1669 καὶ
1306 1602 1470 1681 ξύλα
1520 1605 1626 1670 καὶ
1675 1605 1793 1677 τὰς
1841 1591 2192 1685 ’γεωργικάς
2239 1607 2724 1688 παρασκευάς.

339 1712 547 1777 Immo
590 1730 767 1779 vero:
818 1711 1320 1797 κατασκευάς,
1368 1713 1808 1796 swpelleetilem.

430 1819 589 1908 Pag.
658 1818 809 1884 152.
886 1819 1180 1896 ἐπιθυμία
1243 1818 1488 1890 πάντας
1538 1817 1723 1899 ἔσχεν
1774 1821 2002 1899 ἰσχυρὰ
2051 1824 2186 1884 τοῦ
2235 1820 2384 1902 παρ’
2432 1823 2729 1897 ἀλλήλων

341 1926 703 1991 ἀπολαῦσαι
753 1926 1185 2004 χρησίμου.
1239 1924 1667 1993 Commendo:
1717 1931 1823 1990 τοῦ
1874 1926 1990 2011 (τι)
2039 1923 2187 2006 παρ’
2240 1927 2531 2002 ἀλλήλων
2572 1929 2726 1992 ἀπο-

343 2036 578 2097 λαῦσαι
633 2031 1053 2112 χρήσιμον.
1123 2031 1289 2113 Quid
1337 2034 1553 2097 tritius
1603 2053 1796 2117 quam
1845 2032 2122 2110 ἀγαθόν,
2174 2032 2399 2113 κακόν,
2445 2036 2724 2116 φλαῦρόν

342 2163 403 2203 τι
452 2137 822 2203 ἀπολαῦσαί
868 2161 1062 2222 τινος,
1110 2135 1393 2202 similia?

433 2243 591 2330 Pag.
661 2241 812 2309 185.
874 2243 1154 2309 Remum
1205 2246 1429 2309 urbem
1476 2266 1513 2311 a
1560 2265 1628 2310 se
1675 2244 1998 2311 conditam
2047 2267 2085 2312 a
2132 2266 2246 2311 suo
2293 2249 2550 2313 nomine
2595 2247 2724 2312 Ro-

230 2426 233 2428 *
347 2370 524 2415 mam
572 2350 805 2415 dixisse
854 2356 1203 2426 memorat,
1254 2350 1479 2415 deinde
1526 2349 1764 2425 ταύτην
1809 2351 2060 2432 χρόνους
2111 2352 2280 2426 τινας
2321 2354 2726 2433 ἐρημωθεῖσαν

341 2454 554 2536 ἑτέρας
620 2452 787 2529 αὖθις
847 2455 1130 2531 ἐλθούσης
1197 2455 1517 2535 ἀποικίας,
1585 2455 1654 2532 ἣν
1699 2455 2004 2531 Ἀλβανοὶ
2056 2456 2342 2527 ἔστειλαν
2393 2461 2727 2543 ἡγουμένου

338 2563 653 2640 Ῥωμύλου
717 2562 819 2627 κα)
883 2567 1151 2641 Ῥώμου,
1209 2566 1318 2638 τὴν
1366 2562 1642 2645 ἀρχαίαν
1691 2566 1968 2629 κτίσιν
2016 2567 2392 2646 ἀπολαβεῖν.
2467 2568 2536 2633 Si
2584 2571 2725 2654 quis

341 2692 595 2736 meeum
643 2670 930 2757 ignorat,
978 2669 1133 2755 quid
1180 2673 1300 2735 sit:
1342 2672 1481 2745 τὴν
1522 2670 1793 2736 κτίσιν
1830 2673 2518 2759 ἀπολαμβάνειν,
2577 2696 2728 2740 {om-

338 2777 669 2861 probabit·‚
751 2797 967 2862 spero,
1039 2776 1207 2861 quod
1280 2777 1663 2843 substituere
1733 2798 1855 2844 non
1927 2778 2187 2846 dubito:
2259 2782 2371 2855 τὴν
2447 2782 2726 2863 ἀρχαίαν

344 2890 636 2957 κλῆσιν
698 2882 1068 2960 ἀπολαβεῖν.
1144 2882 1344 2967 Urbs,
1401 2904 1559 2969 quae
1608 2904 1718 2969 per
1763 2882 2009 2969 aliquot
2057 2906 2251 2951 annos
2300 2887 2544 2952 deserta
2591 2886 2725 2952 fue·

342 2997 479 3069 rat,
528 3009 677 3054 cum
724 2989 928 3055 denuo
976 2988 1383 3067 conderetur,
1430 2991 1775 3075 pristinum
1822 3011 2052 3057 nomen
2101 2992 2529 3079 recuperabat.

436 3096 596 3183 Pag.
648 3094 796 3161 195.
846 3098 915 3162 τὸ
962 3103 1072 3170 τῆς
1120 3094 1313 3176 ὅψεως
1360 3092 1656 3176 γνώριμον
1702 3098 1788 3167 εἷς
1838 3098 2087 3178 ἀσαφὲς
2135 3100 2214 3170 ὦς
2260 3099 2550 3176 μάλιστα
2591 3096 2725 3162 ἐδύ-

346 3226 492 3268 νατο
541 3201 973 3269 καθιστάντα.
1020 3201 1478 3269 Praetulerim:
1531 3200 1968 3278 μεθιστάντα.

436 3307 596 3396 Pag.
659 3307 813 3375 217.
885 3309 1258 3388 βιασάμενοι
1324 3309 1385 3373 δὲ
1449 3309 1559 3383 τὴν
1630 3308 1854 3375 εἴσοδον
1919 3308 2106 3393 ἀθρόα
2169 3312 2320 3393 ὁρμῇ
2382 3310 2632 3385 πάντες,
2663 3314 2727 3377 οὖ

347 3424 596 3489 πολλοῖς
686 3416 973 3489 ὁπλίταις
1060 3414 1503 3495 Φρουρουμένην
1589 3415 2279 3497 ἀποσφάττουσιν
2370 3421 2728 3490 εὐπετῶς

350 3520 661 3599 Ἀμόλιον.
723 3520 936 3589 Facile
1001 3525 1259 3607 apparet
1323 3521 1477 3587 haee
1545 3523 2006 3609 transponenda
2054 3544 2206 3590 esse.
2253 3524 2463 3589 Primo
2511 3525 2727 3609 impetu

348 3630 507 3693 ostio
553 3626 741 3712 potiti
788 3633 956 3692 sunt.

436 3733 596 3821 Peg.
644 3733 798 3801 237.
846 3734 1109 3807 τέως,δὲ
1155 3732 1223 3810 ἦν
1269 3734 1464 3799 αὔλια
1505 3733 2033 3816 βουφορβίων
2071 3761 2140 3801 τε
2182 3737 2286 3802 καὶ
2330 3739 2728 3815 ποιμνίων

347 3839 454 3904 καὶ
508 3844 657 3905 τῶν
704 3837 974 3905 ἄλλων
1023 3839 1408 3918 καταγωγαὶ
1458 3839 1844 3921 βοτήρων.
1892 3840 2131 3907 Iniuria
2177 3841 2251 3908 fit
2297 3844 2477 3909 bonis
2522 3850 2729 3929 pasto-

344 3948 552 4025 ribus,
623 3949 733 4032 qui
794 3966 941 4011 cum
1004 3947 1287 4011 armentia
1334 3951 1397 4012 et
1438 3946 1718 4028 qreqibus
1765 3956 2245 4032 componuntur.
2320 3953 2421 4014 An
2465 3949 2729 4015 fortasse

342 4050 730 4140 legendum:
770 4059 887 4118 τῶν
933 4053 1364 4131 ἀλωμένων
1412 4053 1795 4131 καταγωγαὶ
1850 4052 2164 4134 βοτήρωνῖ

436 4157 597 4245 Pag.
649 4154 803 4224 238.
853 4158 977 4222 ἀπὸ
1026 4163 1259 4224 πολλοῦ
1305 4162 1441 4226 τοῦ
1490 4159 1632 4225 κατ’
1678 4158 1884 4239 ἀρχὰς
1934 4158 2484 4238 ἐξαποσταλέντος.
2554 4150 2727 4228 Hine

344 4266 612 4331 restitue
682 4264 1027 4331 articulum
1095 4267 1163 4330 in
1233 4265 1395 4353 Peg.
1460 4264 1633 4334 22¹7:
1691 4268 1758 4333 ἐκ
1823 4266 1987 4333 πάνυ
2053 4272 2284 4337 πολλοῦ
2347 4268 2538 4355 (τοῦ)
2583 4269 2729 4359 κατ’

349 4371 559 4453 ἀρχὰς
609 4372 933 4451 γενομένου
982 4372 1266 4449 πλήθους.
