3150 5000
541 254 677 322 2¹70
1145 199 1150 208 1
1318 274 1324 283 ·
1571 273 1907 324 numme

633 438 758 506 Pro
809 459 892 517 „a
907 459 939 503 r
958 438 996 504 d
1015 459 1060 502 u
1077 458 1114 503 a
1133 459 1168 503 e
1213 438 1348 503 rei”
1395 440 1709 506 sententia
1749 439 2033 524 postulat
2085 461 2167 528 „p
2183 459 2323 506 aru
2339 458 2376 504 a
2390 459 2427 505 e
2471 438 2632 504 rei.'’

638 669 742 736 10.
795 671 855 737 1.
909 669 1240 748 „Iulianus
1284 669 1693 736 iudicialibus
1738 672 1944 738 causis
1986 675 2273 738 intentus
2312 718 2328 736 .
2358 720 2376 737 .
2404 722 2419 738 .
2461 670 2917 737 distrahebatur

542 776 1053 842 multiformibus
1099 777 1302 854 curis,
1353 779 1670 862 exquisita
1719 777 2055 844 docilitate
2101 776 2217 843 lib
2237 798 2427 843 rans
2446 824 2463 857 ,
2511 780 2743 864 quibus
2786 796 2916 842 mo-

541 883 639 949 dis
687 903 880 948 suum
931 883 1162 966 cuique
1209 881 1586 947 tribueret.''

631 988 700 1054 Si
762 1009 990 1055 uerum
1053 994 1180 1072 est,
1242 988 1408 1074 quod
1455 991 1676 1056 scribit
1720 989 2180 1076 Eyssenhardt,
2228 991 2297 1054 in
2344 988 2489 1057 Vat.
2539 988 2672 1078 legi
2718 987 2918 1054 libe-

469 1123 475 1130 ·
537 1117 726 1162 rans
749 1145 765 1173 ,
833 1093 1008 1161 haud
1079 1096 1210 1160 scio
1278 1115 1356 1160 an
1425 1093 1583 1160 olim
1656 1099 1963 1182 scriptum
2027 1100 2113 1162 sit
2180 1098 2541 1181 „exquisita
2602 1093 2920 1161 docilitate

538 1202 1090 1269 deliberans.”
1132 1201 1440 1270 Docilitas
1487 1203 1799 1268 virtutem
1846 1203 2077 1268 iudicis
2124 1201 2482 1290 significare
2522 1202 2780 1268 uidetur
2816 1205 2920 1286 qui

535 1311 937 1398 litigantium
988 1313 1366 1394 argumenta
1413 1312 1659 1376 attento
1705 1312 1919 1375 animo
1966 1315 2030 1375 et
2076 1309 2251 1375 facili
2296 1311 2625 1396 cognoscit
2673 1315 2739 1375 et
2784 1329 2917 1394 per-

535 1416 776 1503 pendit.
826 1413 923 1482 Of.
973 1413 1194 1489 Quint.
1245 1412 1350 1478 Ν.
1395 1413 1456 1479 2.
1506 1413 1597 1480 24
1647 1414 1889 1494 „Iudex
1938 1416 2016 1481 ad
2060 1436 2196 1482 rem
2239 1411 2671 1501 accipiendam
2714 1416 2919 1480 conci-

535 1523 764 1602 liatus,
810 1519 1035 1588 docilis
1053 1570 1071 1604 ‚
1120 1521 1468 1586 intentus'’.

629 1754 738 1822 10.
791 1754 852 1820 3.
906 1753 1266 1834 „Iudicium
1318 1757 1490 1820 enim
1537 1754 1657 1821 hoc
1703 1760 1801 1821 est
1845 1756 2193 1841 optandum
2235 1760 2300 1820 et
2338 1760 2585 1822 rectum
2604 1791 2633 1834 ,·
2666 1756 2779 1822 ubi
2818 1775 2923 1841 per

535 1862 716 1928 uaria
761 1863 1168 1948 negotiorum
1220 1863 1516 1926 examina
1560 1862 1807 1926 iustum
1856 1861 1937 1926 id
1984 1867 2079 1926 est
2126 1866 2190 1926 et
2234 1863 2619 1927 iniustum.”

625 1966 947 2033 Peruelim
997 1969 1157 2032 scire
1205 1987 1331 2052 qua
1375 1969 1619 2032 ratione
1665 1969 2040 2053 interpretes
2076 1966 2313 2033 ultima
2352 1966 2548 2033 uerba
2588 1968 2922 2034 defendant

535 2080 600 2140 et
660 2071 996 2159 explicent.
1067 2072 1233 2138 Mihi
1281 2093 1430 2138 sane
1477 2075 1696 2159 spissis
1740 2073 1992 2139 nebulis
2038 2079 2188 2138 sunt
2234 2073 2561 2152 inuoluta,
2608 2096 2724 2141 nec
2774 2075 2921 2160 quid

533 2180 858 2248 lucremur
917 2179 1108 2246 uideo
1171 2178 1440 2245 lectione
1458 2229 1473 2255 ,
1538 2199 1734 2264 quam
1800 2179 1975 2245 dedit
2035 2179 2367 2264 Hauptius
2416 2180 2702 2258 „iustum
2752 2181 2919 2247 idem

533 2295 630 2354 est
702 2293 766 2352 et
834 2286 1219 2353 iniustum.’'
1271 2323 1353 2336 —
1402 2286 1734 2351 Ammiani
1803 2287 1996 2353 verba
2064 2287 2261 2352 fuisse
2334 2287 2517 2352 credo
2592 2287 2749 2366 „ubi
2813 2309 2923 2374 per

531 2397 711 2460 uaria
756 2395 1165 2480 negotiorum
1215 2394 1504 2458 examina
1539 2393 1786 2458 iustum
1822 2394 2019 2470 <u>i
2038 2393 2313 2466 d<ere>
2354 2398 2452 2458 est
2473 2399 2539 2460 et
2561 2393 2919 2461 iniustum”

531 2503 575 2567 i.
602 2522 656 2566 e.
705 2500 858 2586 quid
907 2503 1153 2567 iustum
1203 2503 1289 2567 sit
1334 2504 1632 2585 apparet,
1680 2500 1835 2585 quid
1882 2502 2218 2566 iniustum.

624 2733 727 2800 10.
781 2731 843 2800 3.
921 2732 1105 2812 „Hoc
1175 2738 1392 2799 autem
1460 2735 1606 2799 ideo
1674 2733 1937 2818 adsequi
2002 2734 2247 2819 potuit,
2321 2733 2488 2819 quod
2508 2780 2525 2811 ‚
2587 2732 2919 2801 leuitatem

529 2860 876 2930 agnoscens
939 2842 1376 2906 commotioris
1413 2832 1679 2927 'ingenii
1734 2842 1867 2917 sui,
1917 2840 2253 2925 praefectis
2298 2843 2740 2926 proximisque
2784 2861 2908 2926 per·

528 2948 864 3031 mittebat,
915 2951 989 3012 ut
1028 2946 1295 3012 fidenter
1334 2948 1617 3031 impetus
1652 2965 1799 3012 suos
1838 2946 2141 3013 aliorsum
2168 2947 2499 3013 tendentes
2519 2993 2534 3023 ,
2580 2947 2676 3012 ad
2718 2968 2919 3033 quae

529 3054 824 3131 decebat,
874 3055 1126 3119 monitu
1174 3058 1527 3137 opportuno
1573 3053 1958 3119 frenarent.”

617 3160 835 3227 Redde
881 3160 1225 3227 Ammiano
1275 3157 1624 3237 „aliorsum
1672 3159 1997 3225 tendentes
2046 3166 2298 3245 atque
2344 3159 2672 3226 decebat.”

625 3394 728 3458 11.
779 3392 840 3458 4.
915 3390 1348 3471 „Alexandria
1410 3397 1637 3477 suopte
1696 3395 1881 3458 motu
1900 3437 1917 3469 ‚
1980 3396 2046 3457 et
2089 3392 2205 3458 ubi
2250 3412 2473 3457 causae
2517 3412 2642 3457 non
2688 3412 2917 3479 suppe-

528 3505 712 3579 tunt,
755 3498 1172 3567 seditionibus
1221 3499 1455 3563 crebris
1502 3500 1787 3585 agitatur
1833 3503 1897 3563 et
1942 3496 2328 3562 turbulentis
2354 3546 2369 3573 ,
2416 3502 2493 3563 ut
2539 3517 2677 3563 ora
2700 3499 2915 3565 culo-

527 3629 704 3675 rum
751 3625 996 3692 quoque
1043 3604 1328 3690 loquitur
1372 3602 1594 3670 fides.”
1718 3656 1723 3661 .

617 3713 750 3779 Vix
814 3713 1097 3778 dubitari
1157 3716 1398 3797 potest,
1465 3712 1622 3795 quin
1682 3698 2221 3775 oraculorum
2284 3729 2409 3778 uox
2470 3712 2555 3774 sit
2603 3716 2911 3797 corrupta.

525 3820 620 3888 De
689 3839 839 3887 vera
907 3824 1121 3883 tamen
1189 3816 1461 3883 lectione
1531 3816 1697 3881 nihil
1766 3836 1877 3901 pro
1942 3822 2111 3881 certo
2172 3813 2486 3881 affirmare
2548 3819 2782 3883 ausim.
2844 3814 2910 3883 C.

530 3926 636 3993 16.
688 3924 770 3990 13
819 3923 1124 4010 leguntur
1197 3921 1522 4008 „loquitur
1587 3928 2149 3988 monumentorum
2219 3927 2515 3987 ueterum
2581 3925 2910 3989 concinens

523 4032 742 4100 fides.'’
793 4030 1085 4097 Fortasse
1125 4028 1283 4095 olim
1327 4028 1452 4093 fuit
1496 4034 1612 4107 „ut
1636 4027 2319 4108 <hist>oricorum
2360 4046 2612 4114 quoque
2636 4027 2913 4115 loquitur

525 4137 743 4207 fides.'’

617 4372 722 4441 12.
790 4371 851 4438 3.
944 4370 1452 4477 „obtrectatores
1523 4371 1903 4437 dictitabant
1968 4375 2419 4457 imperatorem
2490 4373 2559 4437 ni
2632 4370 2909 4437 sedatius
