3150 5000
1208 293 1470 346 osssms
1513 295 1644 345 mo.
2486 275 2619 344 329

247 461 304 526 1.
354 460 422 525 L.
474 459 558 526 56
580 508 596 539 ,
647 457 759 544 27,
807 457 850 527 2
897 462 1095 527 etiam
1145 482 1314 528 nunc
1361 463 1498 527 sine
1547 461 1883 527 offensione
1927 459 2175 526 editur:
2224 460 2280 544 (ὅ
2330 457 2619 538 Αὔγουσ-

239 568 370 653 τος)
446 565 834 648 ἀπηγόρευσε
903 566 1137 646 μηδένα
1210 568 1394 648 πυρὸς
1467 567 1570 632 καὶ
1646 563 1863 638 ὕδατος
1932 566 2254 648 εἱρχθέντα
2325 567 2490 643 μήτε
2560 567 2621 630 ἐν

241 673 456 755 ἠπείρῳ
524 671 860 754 διατρίβειν
929 676 1092 752 μήτε
1166 675 1226 739 ἐν
1299 676 1454 754 νήσῳ
1514 679 1631 739 τῶν
1690 671 1829 738 ὅσαι
1892 673 2157 738 ἔλαττον
2217 671 2621 751 τετρακοσίων

238 782 360 846 α’πὸ
431 786 541 853 τῆς
617 782 862 861 ἠπείρου
931 780 1194 846 σταδίων
1263 779 1615 861 ἀπέχουσι,
1702 781 1867 854 πλὴν
1937 785 2035 844 Κῶ
2104 803 2175 844 τε
2244 778 2348 844 καὶ
2421 777 2622 844 Ῥόδου

241 885 600 967 Σαρδοῦς
666 911 735 953 τε
803 888 910 952 καὶ
971 887 1264 967 Λέσβου·
1325 888 1568 960 ταύτας
1637 887 1763 967 γὰρ
1833 887 1942 951 οὐκ
2010 881 2123 951 οἶδ’
2196 880 2355 955 ὅπως
2424 883 2619 962 μόνας

241 994 617 1072 ὑπεξείλετο.
691 991 818 1059 Sed
878 994 1034 1062 haec
1095 1015 1344 1080 quoque
1400 996 1637 1062 vitiosa
1698 1013 1831 1059 esse
1894 998 2045 1057 nota
2092 1015 2168 1066 ση
2214 993 2281 1057 in
2327 993 2622 1078 margine

237 1100 550 1187 adscripta
608 1100 965 1166 indicatum
1029 1105 1126 1166 est
1188 1106 1252 1166 et
1311 1121 1380 1166 re
1443 1102 1583 1186 ipsa
1644 1099 1949 1187 probatur
1965 1148 1983 1183 ,
2044 1118 2191 1163 nam
2257 1096 2619 1164 Sardiniam

241 1206 513 1273 insulam
535 1254 552 1285 ,
619 1205 766 1293 plus
817 1206 954 1271 400
999 1207 1206 1273 stadia
1251 1227 1290 1274 a
1338 1209 1688 1273 continenti
1733 1206 2076 1271 distantem
2099 1251 2117 1283 ‚
2162 1203 2416 1270 excludi
2462 1223 2622 1291 opus

239 1335 356 1380 non
401 1319 560 1381 erat.
632 1313 948 1395 Quattuor
993 1312 1426 1381 nobilissimas
1469 1312 1669 1380 Asiae
1711 1311 1954 1379 insulas
2000 1313 2321 1397 excepisse
2357 1312 2619 1398 Aug-us-

237 1427 372 1486 tum
419 1420 801 1487 crediderim
847 1426 914 1487 et
959 1421 1182 1494 Σάμου
1229 1419 1575 1508 legendum
1626 1439 1780 1486 esse.
1842 1419 2085 1486 Eodem
2130 1417 2323 1484 modo
2368 1418 2437 1481 in
2482 1437 2620 1482 ver·

237 1528 331 1594 bis
374 1525 701 1595 Ciceronis
748 1526 874 1607 45,
926 1527 1046 1607 18,
1097 1526 1140 1594 2
1189 1526 1330 1593 οὔτε
1381 1528 1508 1609 γὰρ
1558 1527 1621 1592 ἐν
1656 1525 1990 1610 δυναστείᾳ
2028 1525 2133 1590 καὶ
2173 1522 2473 1604 τυραννίδι
2514 1521 2621 1604 ζῆν

238 1633 630 1713 ὑπομείναιμ’
691 1633 770 1700 ἂν
833 1635 894 1698 ἐν
961 1630 998 1716 ᾖ
1057 1633 1220 1711 μήτε
1291 1634 1780 1699 πολιτεύσασθαι
1852 1632 2016 1711 μήτε
2080 1627 2619 1727 παρρησιάσασόαι

238 1742 544 1821 ἀσφαλῶς
599 1741 763 1817 μήτε
809 1748 1184 1817 τελευτῆσαι
1228 1740 1549 1822 xmo-{amq
1602 1742 1746 1818 ὑμῖν
1791 1739 2065 1817 δύναμαι
2111 1736 2409 1803 lacunam
2454 1734 2623 1800 indi-

239 1853 334 1912 cat
389 1845 744 1913 Mediceus.
814 1845 1110 1914 Senserat
1161 1849 1294 1912 iam
1344 1829 1675 1913 Bek‘kerus
1720 1846 2097 1912 adverbium
2146 1850 2287 1929 post
2332 1839 2619 1907 πολιτεύ-

239 1956 455 2018 σασθαι
523 1953 886 2020 desiderari.
981 1953 1162 2035 Quod
1231 1974 1381 2020 vero
1451 1952 1562 2019 ille
1630 1952 2037 2019 inserendum
2104 1952 2375 2017 coniecit
2440 1951 2613 2029 ὀρθῶς

239 2059 395 2124 mibi
441 2063 662 2124 minus
709 2061 1032 2146 probatur.
1101 2059 1463 2140 Ἐλευθέριος
1503 2059 1609 2126 vel
1640 2057 1855 2124 simile
1895 2057 2047 2144 quid
2088 2057 2392 2124 excidisse
2429 2061 2612 2142 puto·

319 2165 500 2232 Haec
536 2168 670 2232 iam
709 2165 1027 2232 sufficiant
1065 2166 1143 2231 ad
1183 2165 1411 2233 Veneti
1449 2166 1684 2232 codicis
1709 2166 2161 2250 praestantiam
2188 2161 2613 2228 indicandam.

241 2269 369 2346 Quo
427 2274 643 2360 mag-is
703 2271 1044 2339 dolendum
1105 2276 1202 2338 est
1262 2276 1511 2339 tantam
1559 2275 1698 2338 eius
1742 2277 1990 2357 partem
2038 2271 2369 2336 interiisse.
2442 2267 2616 2334 Nam

241 2377 505 2443 mutilus
573 2382 668 2444 est
729 2384 793 2444 et
839 2399 876 2446 a
923 2380 1131 2465 capite
1177 2386 1242 2445 et
1286 2381 1353 2444 in
1401 2377 1544 2444 fine.
1620 2378 1857 2464 Incipit
1900 2379 1970 2442 in
2018 2376 2232 2443 medio
2275 2375 2443 2440 libro
2488 2374 2613 2453 44,

245 2481 320 2549 34
363 2483 514 2551 inde
563 2505 600 2550 a
643 2485 858 2551 verbis
902 2484 1292 2560 ἀνοητότατα
1339 2484 1604 2564 κομίσας
1625 2535 1644 2571 ,
1692 2484 1926 2551 desinit
1974 2481 2097 2562 60,
2147 2481 2235 2549 28
2282 2485 2353 2549 in
2399 2481 2612 2548 medio

241 2590 542 2657 vocabulo
601 2591 786 2658 ὅπότε
851 2617 930 2671 γε
992 2590 1180 2670 λόγος
1242 2618 1335 2666 τις
1401 2593 1464 2656 ἐν
1523 2593 1609 2673 τῷ
1672 2590 1745 2666 δή
1774 2640 1793 2655 .
1820 2639 1835 2654 .
1868 2640 1884 2655 .
1971 2589 2097 2656 Sed
2157 2590 2313 2656 haec
2360 2608 2613 2674 quoque

242 2716 410 2781 pars,
457 2700 977 2783 quaternionibus
1023 2705 1136 2764 aut
1180 2699 1352 2765 foliis
1395 2699 1500 2765 hic
1548 2697 1687 2764 illic
1735 2696 2171 2764 deficientibus
2188 2743 2205 2774 ,
2262 2693 2611 2761 admodum

243 2800 527 2870 lacunosa
587 2810 703 2870 eet.
794 2803 964 2885 Quas
1007 2803 1266 2873 lacunas
1312 2807 1470 2872 bene
1513 2824 1697 2871 nosse
1744 2825 1892 2869 cum
1940 2802 2228 2869 multum
2274 2800 2488 2868 valeat
2533 2800 2615 2867 ad

246 2914 584 2977 ceterorum
632 2911 924 2977 codicum
972 2914 1236 2997 stirpem
1283 2911 1795 3000 investigandam
1840 2912 1997 2976 haec
2031 2930 2132 2975 res
2170 2907 2389 2995 paullo
2422 2927 2611 2973 aecu-

246 3016 433 3082 ratius
495 3018 757 3082 tractari
811 3022 877 3083 et
923 3017 1110 3083 debet
1155 3022 1222 3083 et
1266 3022 1493 3103 potest.
1563 3016 1733 3082 Nam
1783 3038 1931 3083 cum
1976 3016 2279 3082 librarius
2324 3017 2613 3101 primum

247 3118 460 3187 folium
545 3121 946 3211 singulorum
1031 3127 1518 3209 quaternionum
1589 3126 1658 3189 in
1724 3142 1981 3189 summo
2049 3123 2341 3210 margine
2408 3121 2613 3187 tribus

249 3230 548 3295 asteriscis
593 3236 659 3295 et
703 3250 968 3297 numero
1014 3236 1296 3297 notasset
1339 3232 1410 3296 in
1453 3230 1627 3296 hunc
1672 3230 1975 3296 modum:

497 3335 541 3377 ο
1083 3336 1124 3377 ιι
1668 3336 1709 3377 ιι
2230 3334 2325 3408 ’tn'

249 3439 610 3507 interierunt
654 3442 915 3528 quidem
967 3444 1220 3508 numeri
1268 3462 1488 3508 omnes
1533 3461 1663 3508 uno
1709 3448 1969 3527 excepto
2015 3441 2127 3508 sed
2172 3443 2458 3508 asterisci
2498 3445 2612 3507 aut

249 3545 468 3633 integ-ri
509 3552 623 3614 aut
661 3568 742 3613 ex
779 3554 958 3633 parte
998 3554 1166 3615 certe
1211 3552 1687 3627 remanserunt,
1733 3548 1903 3614 unde
1948 3550 2431 3633 quaternionum
2484 3549 2611 3613 sin-

249 3649 528 3735 galerum
577 3654 842 3719 initium
891 3660 1063 3720 certo
1110 3656 1530 3742 cognoscitur.
1597 3652 1764 3721 Oum
1802 3660 2125 3740 praeterea
2142 3701 2160 3731 ,
2200 3660 2275 3719 ut
2299 3654 2469 3731 dixi,
2496 3655 2611 3718 uni

250 3776 496 3826 numero
557 3761 682 3845 (est
745 3761 866 3839 κη’)
928 3759 1100 3827 felici
1160 3782 1311 3827 casu
1357 3759 1707 3849 bibliopegi
1755 3760 1961 3826 culter
2002 3760 2382 3846 pepercerit,
2429 3758 2611 3826 nullo

249 3868 487 3951 negotio
523 3868 871 3952 unicuique
913 3868 1312 3953 quaternioni
1359 3888 1514 3932 suus
1561 3888 1869 3933 numerus
1907 3869 2161 3933 restitui
2199 3872 2410 3952 potest
2424 3917 2443 3953 ‚
2485 3887 2611 3953 quo

253 3967 402 4035 facto
442 3974 572 4039 iam
621 3974 868 4059 patebit
912 3980 1068 4059 quot
1113 3976 1301 4040 initio
1347 3976 1671 4061 perierint.
1741 3974 1905 4039 Ecce
1948 3976 2081 4040 iam
2128 3973 2459 4040 elenchus:

337 4106 414 4157 fol.
561 4112 694 4175 quat.

295 4188 454 4259 1-8
517 4218 602 4245 =
626 4194 658 4257 θ

295 4294 498 4366 9-16
519 4324 602 4351 =
627 4326 644 4365 ι

267 4400 502 4471 17-24
521 4432 604 4459 =
627 4430 693 4473 ια
