3150 5000
389 267 522 333 422
1413 288 1735 337 nomos.

472 452 914 521 Intelleximus
973 456 1180 542 igitur
1196 501 1213 533 ‚
1274 456 1342 521 in
1404 454 1852 541 pronominum
1914 450 2343 537 personalium
2405 452 2773 517 accusativo

379 560 618 647 plurali
663 561 844 627 binas
889 582 1188 647 apparere
1234 562 1505 645 formas,
1549 580 1779 645 nempe
1817 560 2135 626 breviores
2167 552 2333 635 ἧμας
2354 606 2370 633 ,
2412 552 2579 634 ὅμως
2633 556 2781 642 (aut

380 669 437 733 si
482 669 588 733 cui
633 668 724 733 ita
772 670 982 755 magis
1026 666 1234 754 placet
1265 668 1312 745 ¹)
1359 665 1587 745 ἄμμοις
1639 664 1886 747 ὔμμμς)
1910 716 1928 741 ,
1982 663 2155 745 σφίὶς
2176 711 2193 742 ,
2242 666 2308 729 et
2351 676 2481 728 una
2512 662 2783 749 syllaba

379 774 720 857 auctiores,
770 774 1001 859 quibus
1047 771 1236 839 litera
1281 798 1312 837 ε
1359 776 1595 838 inserta
1634 778 1760 849 est,
1803 769 2001 848 ἧμέᾶς
2020 820 2037 854 ,
2076 766 2271 848 ὑμέἃς
2291 818 2308 848 ,
2334 766 2577 854 σφέὸἕςς
2604 772 2781 855 prio-

377 898 478 943 res
523 884 742 945 autem
785 880 1161 965 respondent
1205 881 1623 946 nominativis
1662 873 1813 955 ἦμες
1856 873 2010 956 ὗμες
2045 874 2286 961 (ἄμμες
2314 875 2562 961 ὔμμες),
2608 896 2781 961 quos

378 982 545 1049 solos
599 982 882 1051 Homero
939 986 1008 1050 in
1068 1006 1190 1051 usu
1252 1006 1387 1053 esse
1441 984 1753 1063 vidimus;
1804 983 2040 1051 alterae
2087 984 2500 1049 nominativis
2546 986 2781 1067 postea

375 1092 817 1155 usitatissimis
833 1140 852 1175 ,
901 1091 1010 1156 sed
1055 1093 1134 1157 ab
1174 1090 1442 1158 Homeri
1483 1091 1709 1178 lingua
1751 1090 1975 1157 alienis
1995 1140 2013 1175 ,
2050 1094 2227 1168 ἡμεῖς
2250 1090 2560 1175 (fiais-5),
2588 1090 2779 1166 ὑμεῖς

379 1194 660 1283 (wahe)
677 1242 696 1274 ‚
744 1204 927 1278 σφεῖς
971 1197 1260 1284 (*σφέες)
1279 1248 1299 1273 ,
1350 1196 1542 1279 σφέα.
1590 1190 1601 1201 ’

973 1410 1009 1495 §
1055 1407 1117 1475 3.
1191 1410 1286 1473 De
1322 1410 1579 1491 yenitivi
1617 1410 1885 1493 pluralis
1920 1409 2165 1497 formis·

470 1620 565 1687 De
611 1621 730 1687 hoc
773 1643 926 1688 casu
969 1623 1191 1688 licebit
1237 1645 1370 1689 esse
1417 1624 1827 1689 brevissimis.
1892 1622 2189 1689 Traditae
2228 1638 2380 1687 sunt
2416 1620 2603 1687 binae
2640 1619 2785 1687 for—

377 1748 522 1793 mae
537 1777 554 1812 ,
603 1750 832 1813 nempe
875 1727 1194 1816 longiores

851 1835 1109 1912 ἧμείων,
1161 1836 1412 1912 ὑμείων,
1465 1836 1734 1915 σφείων,

379 1944 446 2003 et
484 1940 800 2005 breviores
849 1941 1081 2031 ἧμεζςν,
1136 1940 1368 2031 ὑμῶν,
1417 1941 1646 2034 σφέῳν.

467 2044 593 2111 Pro
655 2048 1142 2132 posterioribus,
1190 2051 1254 2111 in
1299 2050 1532 2133 quibus
1579 2048 1765 2115 litera
1810 2073 1840 2113 ε
1887 2050 2201 2133 premitur
2244 2068 2359 2131 per
2403 2050 2731 2133 synizesin
2760 2096 2782 2127 ,

377 2154 809 2236 expectaveris
857 2150 1021 2229 ἤμων
1070 2150 1236 2233 ὅμων
1286 2155 1416 2237 (vel
1461 2152 1689 2233 ἄμμων
1738 2153 1987 2240 ὔμμων)
2028 2158 2238 2234 σφῶν,
2278 2153 2397 2219 hae
2436 2155 2609 2218 enim
2634 2154 2773 2219 for-

375 2278 520 2324 mae
563 2258 1008 2342 responderent
1052 2262 1464 2327 nominativis
1509 2264 1578 2326 in
1625 2286 1720 2335 -ες
1770 2270 1837 2326 et
1883 2263 2260 2327 accusativis
2306 2262 2376 2324 in
2423 2284 2554 2332 -ας,
2632 2259 2761 2326 Sed

375 2385 519 2429 cum
583 2365 914 2431 videamus
981 2368 1049 2431 in
1108 2366 1332 2452 lingua
1393 2368 1715 2433 homerica
1776 2388 1960 2453 saepe
2028 2368 2259 2451 corripi
2326 2365 2765 2452 diphthongos

375 2470 680 2560 longaeve
761 2470 1010 2538 vocales
1086 2473 1142 2536 si
1210 2471 1409 2540 alters
1479 2473 1715 2540 vocalis
1782 2480 2087 2559 sequatur
2104 2523 2121 2556 ,
2192 2472 2383 2557 probe
2452 2468 2775 2538 formatas

379 2599 512 2644 esse
571 2579 807 2645 formas
863 2579 931 2644 in
993 2576 1135 2668 -ξῳν
1195 2579 1548 2646 desinentes
1610 2580 1939 2647 fatendum
2003 2588 2130 2662 est,
2186 2598 2333 2643 cum
2382 2580 2775 2661 praesertim

374 2686 444 2750 in
489 2683 802 2773 singulari
847 2704 1114 2751 numero
1161 2685 1382 2751 eadem
1431 2688 1715 2753 occurrat
1762 2689 2035 2752 varietas
2088 2686 2283 2766 (ἐμεῖο
2310 2719 2350 2734 -
2376 2683 2517 2760 ἐμέο
2564 2683 2777 2769 etc.);
2854 2701 2865 2712 ·

373 2792 590 2876 itaque
635 2790 816 2857 nulla
862 2793 1243 2858 correctione
1289 2799 1445 2880 puto
1491 2793 1728 2858 formas
1773 2790 1919 2856 illas
1956 2789 2244 2878 indigere
2260 2837 2278 2867 ,
2319 2795 2385 2854 et
2422 2794 2608 2854 sunto
2646 2809 2777 2854 no-

376 2895 477 2962 bis
521 2896 898 2966 homericae.

865 3067 876 3075 *
999 3112 1036 3194 ς
1083 3110 1145 3178 4.
1219 3111 1315 3176 De
1358 3113 1552 3176 dacem·
1596 3112 1857 3194 pluralis
1904 3111 2135 3189 formis.

465 3320 567 3386 Ad
611 3319 921 3386 ultimum
969 3341 1189 3387 casum
1235 3324 1644 3408 pervenimus
1662 3369 1677 3399 ‚
1720 3323 1825 3388 cui
1861 3321 2045 3386 binae
2069 3341 2285 3387 rursus
2310 3319 2595 3408 propriae
2618 3339 2773 3387 esse

377 3426 665 3494 feruntur
710 3429 985 3506 formae,
1033 3450 1262 3515 nempe

852 3536 998 3610 ἡμῖν
1047 3535 1191 3612 ὑμῖν
1235 3537 1552 3621 σφῖσῖ(ν),

737 3646 802 3706 et
846 3640 1111 3728 ἄμμϋν)
1160 3639 1416 3728 ὔμμ(ὶ’ν)
1458 3642 1691 3730 σΦ(“ίν).

465 3746 561 3812 De
608 3747 838 3832 quibus
883 3748 1039 3834 quid
1082 3748 1488 3814 statuendum
1537 3750 1623 3812 sit
1670 3747 2033 3826 videamus,
2086 3749 2270 3814 initio
2295 3748 2459 3814 facto
2482 3769 2517 3812 a
2541 3748 2769 3832 prima

371 3872 655 3938 persona.

465 3957 679 4025 Semel
721 3959 1000 4047 legimus
1047 3957 1259 4040 ἄμμῖν
1301 3986 1354 4040 μ
1401 3959 1567 4039 275,
1617 3960 1816 4026 semel
1862 3959 2094 4025 elisum
2138 3958 2310 4038 ἄμμ’
2360 3967 2416 4024 H
2455 3957 2560 4027 76.
2624 3957 2765 4029 Sed

373 4066 624 4150 saepius
668 4066 992 4132 invenitur
1035 4065 1220 4146 ἄμμῖ
1237 4117 1255 4146 ,
1305 4088 1534 4153 nempe
1579 4066 1735 4133 locis
1779 4066 2222 4154 undeviginti:

442 4325 498 4390 1)
533 4323 692 4374 Etiam
724 4322 962 4374 Christian
992 4324 1259 4390 Prolegom.
1299 4327 1395 4376 180
1428 4329 1611 4382 censet,
1648 4327 1823 4376 formas
1856 4325 2033 4388 ἅμμᾶς
2067 4329 2116 4376 et
2148 4323 2321 4388 ὕμμᾶς
2356 4327 2559 4378 Homeri
2596 4333 2761 4380 aetate

369 4407 596 4457 extitisse.
