3150 5000
1175 299 1602 350 THUOYDIDRA.
2449 252 2581 348 :²329

198 474 442 533 textum
509 473 761 546 tuetur,
824 467 934 534 sed
996 471 1193 533 etiam
1257 471 1325 533 in
1387 470 1676 533 versione
1728 487 1922 554 quam
1973 467 2253 545 addidit,
2302 467 2582 552 pellucet

193 575 260 637 in
312 570 553 640 Graeco
600 581 784 640 textu
829 576 1107 640 vitium:
1160 574 1266 639 Ph.
1314 583 1445 656 saqt
1496 612 1577 624 —
1629 575 1768 638 dass
1815 575 1924 638 das
1975 573 2445 657 Tempelqerd‘tke
2493 612 2576 622 —

193 681 311 744 viel
366 681 671 745 kostbarer
733 683 951 746 amech
1002 719 1089 731 —
1137 679 1257 747 ἀπ’
1322 683 1537 759 ὀλίγης
1597 680 1932 758 δυνάμεως.
2009 680 2184 745 Num
2235 677 2579 746 kostbarer?

188 787 360 852 Num
410 791 791 874 pretiosius?
856 789 1174 869 Quorsum
1221 789 1326 854 hic
1377 790 1853 875 comparativus
1899 785 2215 873 pertinet?
2263 788 2322 852 N
2327 791 2350 852 i
2396 787 2578 874 legas

192 893 517 975 ὑπάργυρα
537 941 557 973 ,
604 915 729 961 non
776 895 962 962 facile
1008 895 1247 962 dixeris
1292 915 1454 981 quae
1509 895 1671 961 duae
1716 916 1816 960 res
1864 894 1968 960 hic
2012 896 2181 960 inter
2225 915 2362 960 sese
2410 913 2576 960 com-

187 1005 507 1085 parentur.

276 1201 433 1289 Cap.
477 1203 558 1269 51
614 1205 1106 1278 διαπλεύσαντες
1163 1207 1215 1271 01
1264 1207 1608 1284 Ἀθηναῖοι,
1657 1204 1846 1292 plane
1893 1225 2434 1290 supervacaneum
2483 1209 2580 1270 est

188 1308 415 1375 addere
457 1311 517 1383 ἐς
566 1311 638 1374 τὸ
676 1313 937 1392 Ῥήγιον.
978 1309 1133 1398 Gap.
1176 1311 1262 1377 53
1302 1313 1708 1378 incommode
1741 1311 2121 1398 interpolata
2164 1312 2356 1377 verba
2391 1317 2575 1376 sunt:

188 1413 285 1478 διὰ
334 1422 603 1491 μηνυτοῦ
652 1419 960 1500 πονηρίαν.
1014 1416 1251 1486 Contra
1298 1419 1535 1485 excidit
1583 1419 1827 1505 aliquid
1876 1440 1927 1484 c.
1975 1419 2098 1503 54,
2137 1419 2250 1484 ubi
2291 1419 2580 1487 ostendet

186 1518 593 1609 Thucydides
654 1525 1070 1592 Athenienses
1134 1513 1270 1606 περὶ
1336 1533 1453 1591 τῶν
1516 1525 1828 1605 σφετέρων
1893 1525 2191 1605 τυράννων
2256 1527 2390 1592 οὐδὲ
2411 1585 2418 1592 .
2442 1523 2575 1606 περὶ

183 1633 286 1692 τοῦ
348 1631 792 1708 γενομένου
858 1633 1107 1712 ἀκριβὲς
1160 1633 1325 1698 οὐδὲν
1371 1635 1712 1710 λέγοντας,
1766 1634 1878 1697 ubi
1917 1630 2388 1719 supplendum:
2441 1631 2576 1712 περὶ

182 1739 285 1798 τοῦ
357 1737 802 1814 γενομένου
872 1736 1195 1824 (φόνου).
1268 1736 1422 1825 Cap.
1496 1737 1620 1803 60:
1693 1737 1913 1802 πολλοί
1973 1761 2043 1801 τε
2110 1737 2216 1802 καὶ
2260 1737 2576 1816 ἀξιόλογοι

185 1838 472 1920 ἄνθρωποι
531 1842 637 1916 ἤδη
704 1843 763 1906 ἕν
827 1845 911 1925 τῷ
975 1844 1359 1924 δεσμωτηρίῳ
1420 1839 1574 1918 ἦσαν
1625 1845 1730 1908 καὶ
1781 1846 1886 1909 οὐκ
1934 1844 2010 1908 ἐν
2051 1844 2272 1908 παύλ
2302 1868 2336 1918 η
2383 1843 2575 1922 ἐφαί-

183 1970 347 2026 νετο,
396 1947 638 2033 placet:
686 1949 1158 2018 ἀνάπαυλα.
1209 1951 1483 2017 Deinde:
1536 1953 1609 2017 τὸ
1658 1950 1718 2016 δὲ
1766 1952 1972 2034 σαφὲς
2022 1950 2209 2022 οὐδεὶς
2245 1949 2386 2015 οὔτε
2429 1949 2574 2014 τότε

183 2051 301 2116 οὔθ’
364 2053 571 2135 ὕςερον
628 2053 807 2137 ἔχει
872 2059 1109 2134 εἰπεῖν,
1178 2060 1340 2124 mire
1388 2058 1634 2124 dictum
1686 2063 1783 2122 est
1829 2077 1944 2143 pro
1989 2051 2243 2137 εἶχεν.
2294 2056 2574 2142 Turpius

182 2166 275 2224 est
344 2161 515 2242 quod
585 2161 763 2227 brevi
826 2171 969 2248 post
1032 2162 1407 2230 Charmides
1474 2163 1790 2230 Andocidi
1858 2167 2172 2250 persuasit
2243 2163 2430 2228 αὐτόν
2502 2187 2572 2227 τε

183 2263 391 2330 ἄδειαν
457 2270 1013 2346 ποιησάμενον
1076 2273 1270 2336 σῶσαι
1334 2271 1439 2335 καὶ
1503 2272 1616 2346 την
1673 2270 1853 2336 πόλιν
1901 2278 2010 2344 τῆς
2060 2269 2369 2350 παρούσης
2422 2269 2570 2334 ὑπο-

180 2374 331 2452 ψίας
398 2379 662 2442 παῦσαι.
738 2376 1085 2462 Displicuit
1130 2376 1298 2443 illud
1346 2378 1754 2453 ποιησάμενον
1803 2375 2126 2442 Classenio
2173 2378 2390 2462 itaque
2435 2395 2572 2442 cor-

180 2482 341 2546 rexit
411 2481 857 2563 σπεισάμενον,
930 2485 1095 2570 quod
1168 2487 1399 2551 merito
1467 2487 1680 2573 magis
1743 2483 2075 2570 displicuit
2141 2481 2568 2550 Herwerdeno

182 2588 403 2653 Mnem.
468 2589 643 2654 XIX.
716 2589 875 2673 158,
943 2613 1057 2657 nec
1106 2598 1319 2657 tamen
1365 2612 1591 2677 sequar
1637 2590 1946 2668 eundem,
1997 2591 2153 2655 dum
2204 2592 2572 2675 suspicatur

180 2712 307 2759 esse
354 2697 658 2760 ποιεῖσθαι
707 2696 919 2761 ἄδειαν
968 2698 1259 2783 precibus
1306 2698 1764 2783 impunitatem
1812 2697 1936 2761 sibi
1984 2699 2361 2781 impetrare,
2415 2717 2566 2761 cum

179 2799 307 2883 ipse
364 2801 643 2887 populus
704 2802 917 2867 ἄδειαν
977 2812 1169 2869 ποιεῖν
1224 2806 1348 2871 dici
1396 2805 1642 2871 debeat.
1706 2802 2067 2888 Explicatio
2114 2823 2275 2888 quae
2321 2802 2568 2868 idoneis

179 2907 483 2993 exemplis
552 2930 675 2975 non
745 2915 955 2995 potest
1022 2909 1380 2977 confirmari
1399 2960 1419 2995 ,
1481 2910 1794 2995 ejusmodi
1859 2915 1954 2975 est
2015 2915 2090 2974 ut
2153 2908 2408 2996 probari
2456 2908 2567 2973 de-

180 3010 353 3098 beat,
404 3014 597 3081 donec
645 3016 991 3101 probabilis
1037 3020 1336 3083 correctio
1382 3020 1644 3083 inventa
1689 3016 1906 3082 fuerit.
1954 3012 2131 3079 Talis
2171 3020 2388 3081 autem
2431 3020 2566 3099 est,

180 3120 269 3181 uti
346 3120 654 3187 arbitror.
728 3122 1305 3199 αἰτησάμενον.
1395 3121 1746 3188 Observavi
1809 3120 2074 3187 eandem
2138 3120 2564 3206 corruptelam

181 3225 339 3307 apud
403 3225 899 3294 Demosthenem
949 3251 1003 3295 c.
1050 3232 1334 3318 Aristog.
1383 3227 1413 3293 I
1456 3230 1495 3313 ς
1545 3228 1669 3293 31:
1721 3227 1809 3304 μὴ
1857 3230 2132 3301 τοσαύτη
2181 3227 2408 3297 σπάνις
2459 3226 2568 3291 ὧν·

180 3326 313 3406 δρῶν
356 3332 589 3411 γένοιτο
638 3345 715 3415 τῇ
756 3334 931 3399 πόλει
974 3333 1085 3404 ὥςε
1129 3336 1273 3413 παρ’
1310 3334 1786 3414 Ἀριςογείτονος
1830 3340 1948 3399 τῶν
1983 3337 2188 3399 καλῶν
2233 3359 2290 3399 τι
2339 3338 2566 3411 ποιη-

179 3440 505 3516 oasam,
555 3442 668 3506 ubi
712 3442 1090 3518 αἰτήσασθαι
1140 3442 1374 3507 arridet
1408 3448 1471 3508 et
1513 3442 1682 3527 apud
1723 3441 1992 3508 Dionem
2039 3438 2336 3507 Cassium
2363 3441 2560 3507 LVII.

184 3539 294 3607 18:
358 3546 385 3610 ὃ
449 3547 511 3611 δὲ
578 3550 780 3611 Πίσων
847 3551 907 3619 ἐς
967 3549 1037 3613 τὸ
1084 3548 1511 3628 βουλευτήριον
1556 3548 1660 3612 ἐπὶ
1709 3549 1794 3628 τῷ
1844 3546 2010 3627 φόνῳ
2061 3546 2166 3612 ὑπ’
2214 3549 2406 3613 αὐτοῦ
2455 3554 2563 3613 τοῦ

178 3652 457 3731 Τιβερίου
506 3654 795 3734 ἐσαχθεὶς
850 3656 1169 3735 ἀναβολήν
1216 3678 1283 3718 τε
1334 3678 1473 3719 τινα
1525 3655 1979 3728 ἐποιήσατο
2028 3653 2134 3717 καὶ
2187 3654 2403 3718 ἑαυτὸν
2454 3678 2566 3718 κα-

176 3764 553 3840 τεχρήσατο,
616 3761 837 3827 itidem
908 3764 1329 3828 necessarium
1371 3761 1624 3847 judico:
1677 3761 2058 3841 ᾐτήσατο.
2113 3759 2238 3825 Sed
2288 3768 2362 3827 ut
2405 3760 2564 3826 illuc

176 3864 453 3951 redeam,
518 3869 755 3933 dicitur
814 3866 1027 3933 ἄδειαν
1093 3869 1333 3942 δοῦναι,
1402 3866 1830 3951 ψηφίζεσθαι,
1895 3864 2172 3946 εὑρέσθαι
2229 3872 2294 3932 et
2339 3868 2561 3933 eodem

178 3972 387 4051 modo,
439 3977 538 4039 uti
585 3995 861 4060 aequum
910 3980 1042 4053 est,
1092 3976 1493 4050 αἰτήσασθαι.

259 4188 406 4280 Cap.
472 4192 594 4260 62:
661 4196 719 4268 ἐς
784 4194 922 4269 τοὺς
984 4194 1371 4276 ξυμμάχους
1437 4217 1578 4273 περ
1601 4192 1789 4259 ιέπλ
1812 4215 2059 4259 ευσαν
2081 4242 2098 4277 ,
2153 4194 2415 4271 ‹fexa-1211
2463 4218 2560 4259 κε-

178 4296 438 4373 λεύοντες
506 4304 775 4379 πέμπειν
795 4350 811 4381 ,
880 4300 1243 4370 Classenius
1306 4302 1531 4367 scribit
1578 4300 1998 4382 περιέπεμπον
2021 4350 2038 4377 ,
2097 4298 2561 4366 Herwerdenus

181 4408 649 4486 περιήγγελλον·
719 4413 922 4495 possis
980 4412 1177 4477 etiam
1227 4409 1734 4489 ἐπρεσβεύσαντο
1781 4408 1886 4476 vel
1933 4406 2324 4487 πρέσβεις
2375 4408 2560 4473 ἀπέ-

2189 4527 2252 4559 00

2185 4558 2252 4576 uu
