3150 5000
642 1102 786 1195 AD
844 1103 1396 1196 CICERONIS
1453 1098 2269 1197 PALIM'PSESTOS.

762 1335 1235 1422 (antinmmr
1279 1358 1351 1401 ea·
1406 1332 1466 1400 V
1457 1334 1535 1401 ol.
1583 1330 1742 1400 XIII
1774 1356 1918 1419 paq.
1967 1328 2150 1417 313.)

1242 1610 1660 1663 Wo—

348 1909 447 1976 Ex
499 1910 934 1997 pervolutione
978 1912 1536 1997 palimpsestorum
1583 1931 1881 1997 apparere
1925 1914 2135 1997 potest
2150 1960 2168 1997 ,
2210 1929 2372 1997 quae
2409 1929 2642 1999 genera

258 2018 684 2104 corruptionis
748 2021 877 2084 sint
938 2018 1401 2102 antiquissimis
1454 2015 1639 2083 libris
1653 2066 1672 2102 ‚
1717 2016 2098 2103 capitalibus
2136 2024 2202 2083 et
2246 2014 2605 2095 uncialibus
2625 2062 2643 2096 ,

254 2126 531 2209 propria.
1927 2202 1937 2213 ,

348 2226 447 2293 Ex
492 2230 697 2295 forma
740 2229 1103 2297 litterarum
1149 2232 1411 2315 antiqua
1445 2235 1794 2296 nascuntur
1831 2229 2332 2315 permutationes
2355 2228 2641 2296 diversae

248 2354 293 2401 a
342 2334 662 2401 codicibus
707 2334 1100 2401 minusculis.
1178 2335 1359 2402 Libri
1404 2341 1686 2402 recentes
1732 2333 1968 2422 duplex
2013 2336 2250 2401 habent
2294 2354 2497 2423 genus
2543 2356 2640 2401 er-

247 2460 511 2518 rorum;
558 2462 704 2508 nam
754 2445 916 2509 vitia
964 2442 1333 2529 capitalium
1371 2450 1744 2528 propaqam
1783 2440 1910 2508 alia
1950 2463 2027 2509 ex
2061 2440 2425 2511 minuscula
2447 2442 2640 2528 scrip·

244 2551 427 2615 tione
483 2556 621 2616 orta
684 2551 947 2628 addunt,
1000 2552 1054 2615 si
1100 2570 1225 2615 non
1272 2550 1569 2616 continuo
1617 2571 1692 2617 ex
1741 2549 1981 2616 unciali
2025 2549 2326 2637 descripti
2370 2549 2483 2614 sed
2529 2570 2641 2636 per

246 2655 457 2723 alium
504 2657 940 2723 minusculum
988 2655 1136 2722 inde
1181 2657 1452 2722 derivati
1496 2664 1667 2722 sunt.
1740 2653 1978 2723 Contra
2022 2676 2184 2742 quae
2228 2662 2377 2721 sunt
2413 2657 2482 2720 in
2518 2656 2639 2720 mi·

246 2761 540 2829 nusculis
578 2763 827 2829 errandi
866 2765 1369 2847 opportunitates
1406 2783 1529 2828 nou
1574 2761 1728 2828 licet
1767 2783 1988 2828 omues
2010 2762 2310 2828 adhibere
2332 2761 2413 2827 ad
2434 2761 2639 2859 suspi-

249 2870 461 2934 tioues
507 2868 585 2934 de
632 2869 1221 2952 antiquissimorum
1270 2871 1668 2952 corruptione
1715 2865 2078 2932 firmandas.

350 2973 424 3038 In
484 2973 873 3059 compendiis
935 2975 1264 3058 utriusque
1309 2975 1562 3060 generis
1613 2973 1909 3038 codicum
1955 2993 2073 3038 sua
2119 2979 2216 3039 est
2267 2974 2450 3038 ratio.
2521 2971 2639 3039 Ve-

254 3085 435 3146 teres·
462 3078 707 3145 librarii
746 3100 871 3145 non
908 3081 1219 3145 omittunt
1250 3081 1375 3143 nisi
1404 3077 1654 3145 litteras
1681 3077 1994 3156 „finales”,
2020 3100 2134 3145 nee
2160 3099 2272 3165 pro
2293 3087 2445 3145 nota
2467 3099 2638 3145 com-

252 3185 474 3274 pendii
519 3185 866 3270 quidquam
912 3191 1157 3270 ponunt
1193 3187 1317 3250 nisi
1348 3183 1707 3262 „initiales”
1735 3185 2219 3272 vocabulorum3
2243 3188 2636 3252 novitiorum

253 3311 335 3359 ea
370 3293 533 3357 ratio
572 3301 689 3367 est,
730 3298 805 3355 ut
843 3293 1093 3357 extritis
1132 3291 1515 3376 quibusdem
1550 3290 1782 3357 litteris
1812 3312 1998 3359 voces
2021 3290 2506 3377 contrahantur,
2526 3297 2643 3358 aut.

252 3447 475 3535 aliqua
504 3448 719 3515 littera
752 3471 829 3515 ex
866 3449 1076 3516 medio
1108 3449 1419 3538 vocabulo
1444 3471 1557 3536 pro
1583 3449 1954 3536 compendio
1978 3453 2064 3517 sit
2085 3409 2159 3539 (ὲ
2178 3473 2260 3500 =
2282 3452 2518 3539 igitur,
2542 3405 2638 3539 ἓ).

252 3549 399 3622 Non
463 3555 932 3622 confunduntur
977 3556 1056 3620 ab
1106 3558 1569 3641 antiquioribus
1617 3579 1787 3642 quom
1833 3563 1898 3622 et
1942 3559 2220 3642 quoniam
2267 3558 2523 3643 (quoii),
2572 3566 2639 3623 uc

250 3667 323 3730 et
364 3663 461 3726 vel
503 3661 659 3750 (ut),
726 3664 940 3728 simm.
1012 3660 1195 3750 Sigla
1257 3664 1487 3728 absunt
1548 3664 1676 3728 uisi
1734 3665 1802 3727 in
1847 3661 1971 3729 fine
2017 3683 2273 3741 versus,
2317 3663 2432 3729 ubi
2479 3663 2640 3730 duae

250 3767 509 3835 litterae
554 3769 823 3835 subinde
866 3767 1225 3835 coalescunt
1269 3767 1728 3856 calligraphiae
1773 3790 1996 3837 causa:
2056 3792 2166 3855 ur,
2215 3792 2322 3847 uo,
2374 3792 2476 3854 m,
2522 3772 2637 3848 ud,

250 3895 327 3938 ae
372 3875 451 3939 cf.
488 3873 611 3940 vol.
650 3874 809 3940 XII.
846 3873 949 3940 57.
1012 3873 1251 3940 Eorum
1301 3874 1709 3960 compendia,
1773 3877 1912 3941 sine
1963 3877 2220 3942 cursiva
2263 3875 2633 3962 scriptione,

253 4000 450 4066 quam
510 3980 864 4069 pugillares
926 3979 1300 4067 Pompeiani
1348 3991 1413 4046 et
1458 3981 1626 4046 aliae
1673 3980 1929 4047 tabulae
1973 3985 2217 4047 ceratae
2263 3983 2332 4047 in
2377 4001 2632 4068 compu-

254 4088 495 4152 tatione
558 4086 933 4164 ostendunt,
997 4085 1165 4172 quod
1226 4108 1429 4173 genus
1475 4093 1691 4152 tamen
1739 4088 1820 4153 ad
1863 4086 2060 4154 libros
2107 4087 2466 4154 scribendos
2512 4107 2639 4154 non

252 4194 710 4278 usurpabatur,
758 4193 1144 4260 conveniunt
1190 4193 1320 4258 fere
1365 4214 1510 4258 cum
1559 4192 1728 4271 illis,
1787 4214 1948 4280 quae
1992 4201 2141 4259 sunt
2182 4193 2248 4259 in
2294 4194 2636 4279 lapidibus.

252 4295 355 4364 Ita
402 4296 539 4363 fieri
585 4301 797 4384 potuit
841 4304 915 4364 ut
959 4299 1050 4363 rei
1086 4299 1363 4382 publicae
1408 4305 1471 4364 et
1506 4299 1723 4382 populi
1771 4299 2028 4364 Romani
2071 4301 2140 4364 in
2185 4300 2526 4365 Pisoniana
2551 4297 2638 4364 48

256 4403 787 4516 confunderentur
848 4403 952 4485 (R.
980 4403 1052 4470 P.
1104 4411 1168 4470 et
1215 4403 1289 4470 P.
1315 4403 1458 4490 R.):
1524 4391 1955 4491 „praesidium
2016 4412 2091 4470 tu
2150 4407 2245 4470 rei
2302 4403 2638 4490 publicae”

2315 4527 2344 4573 5
