3150 5000
1171 289 1644 340 mncsnnnws.
2463 270 2593 338 301

224 541 230 548 ·
303 457 365 522 5.
415 457 479 522 5.
556 455 945 543 „Lupicinus
1004 457 1086 521 ab
1151 456 1369 541 oppidi
1429 455 1764 521 moenibus
1809 454 2139 520 barbaram
2190 452 2442 539 plebem
2491 475 2596 540 op-

204 567 411 649 posito
472 562 686 629 milite
732 563 954 650 procul
1001 564 1289 640 arcebat,
1340 565 1601 628 introire
1649 563 1728 628 ad
1774 561 2195 647 comparanda
2238 563 2444 626 uictni
2488 583 2596 626 ne-

205 652 512 755 cessaria,
586 675 661 734 ut
735 670 967 736 dicioni
1038 675 1286 734 nostrae
1350 669 1685 734 obnoxiam
1750 674 1830 734 et
1891 667 2380 733 concordem
2403 714 2419 744 ‚
2483 688 2596 754 per

201 796 418 860 preces
464 775 726 842 adsidue
772 773 1262 862 postulantem.”

292 880 654 947 Verborum
722 881 827 947 hic
895 881 1046 948 ordo
1108 881 1403 946 turbatus
1467 880 1745 946 uidetur.
1817 877 1994 946 Olim
2041 882 2352 966 scriptum
2400 880 2593 947 fuisse

200 989 491 1072 suspicor
538 987 911 1066 „barbaram
960 987 1211 1072 plebem
1262 1037 1278 1052 .
1306 1037 1320 1051 .
1350 1035 1366 1051 .
1409 986 1631 1072 procul
1669 988 1921 1054 arcebat
1961 992 2034 1052 ut
2072 987 2307 1052 dicioni
2344 992 2593 1053 nostrae

201 1094 546 1160 obnoxiam
610 1116 645 1160 e
663 1097 779 1159 tsi
839 1093 1101 1160 introire
1162 1093 1243 1159 ad
1300 1093 1722 1179 comparanda
1769 1093 1974 1160 uictui
2018 1096 2367 1159 necessaris
2412 1115 2445 1158 c
2463 1113 2589 1158 on-

200 1201 496 1266 cordes
541 1222 654 1286 per
697 1221 910 1287 preces
956 1200 1218 1266 adsidue
1262 1197 1760 1286 postulantem.”

291 1416 354 1484 5.
423 1416 527 1482 12.
604 1416 1040 1495 „Inundarunt
1102 1415 1355 1482 Italiam
1420 1435 1497 1481 ex
1557 1437 1596 1481 a
1610 1416 1651 1481 b
1670 1416 1711 1481 d
1726 1417 1751 1481 i
1768 1418 1835 1481 ti
1857 1437 1886 1482 s
1947 1414 2000 1480 Ο
2019 1436 2052 1481 c
2069 1437 2102 1481 e
2119 1437 2156 1480 a
2172 1418 2255 1480 ni
2300 1416 2587 1501 partibus

198 1521 519 1590 Teutones
564 1530 825 1609 repente
870 1544 1019 1588 cnm
1066 1519 1402 1589 Cimbris.''

288 1629 502 1696 Stulte
524 1630 739 1695 editur
776 1650 813 1694 a
834 1630 869 1693 b
887 1629 927 1694 d
945 1632 968 1694 i
987 1631 1101 1694 tis
1120 1651 1137 1705 3
1174 1630 1355 1714 quasi
1378 1626 1590 1693 hercle
1613 1627 1930 1694 Teutones
1953 1649 2031 1693 ex
2054 1630 2251 1693 maris
2277 1627 2587 1713 profundo

200 1738 603 1802 emersissent
620 1731 634 1798 1
676 1733 947 1820 Scripsit
972 1733 1353 1800 Ammianus
1382 1755 1500 1812 „ex
1535 1754 1570 1799 a
1590 1734 1630 1799 d
1648 1736 1850 1800 sitis
1890 1733 1942 1799 Ο
1961 1755 1995 1799 c
2011 1755 2044 1800 e
2061 1755 2098 1800 a
2111 1756 2154 1798 n
2171 1755 2208 1799 o
2241 1735 2590 1820 partibus.'’

196 1841 317 1908 Vsi
382 1849 533 1908 sunt
578 1842 697 1908 hoc
743 1841 936 1907 uerbo
983 1841 1293 1926 Apuleius
1312 1890 1329 1925 ,
1377 1839 1547 1906 Flor.
1596 1839 1660 1926 2,
1710 1847 1774 1906 et
1820 1841 2170 1918 Ausonius,
2220 1839 2382 1907 Mos.
2430 1841 2584 1908 335.

288 2046 352 2112 5.
422 2045 525 2112 12.
604 2048 865 2125 „Marco
912 2047 1141 2113 itidem
1194 2045 1561 2112 moderante
1608 2048 1953 2131 imperium
1973 2093 1989 2124 ‚
2039 2067 2239 2112 unum
2289 2048 2586 2132 spirando

198 2156 460 2219 nesania
506 2157 799 2242 gentium
850 2155 1245 2220 dissonamm
1262 2200 1277 2228 ,
1325 2159 1468 2236 post
1514 2151 1829 2218 bellorum
1877 2153 2156 2240 fragores
2201 2155 2548 2220 immensos
2565 2201 2581 2234 ‚

196 2265 337 2344 post
386 2281 454 2323 m
475 2262 547 2324 is
563 2279 597 2324 e
613 2263 683 2324 ri
701 2282 739 2327 a
754 2283 819 2325 m
874 2260 1127 2325 urbium
1176 2263 1503 2343 captarum
1552 2263 1618 2324 et
1666 2258 2056 2344 direptarum
2077 2305 2094 2336 ‚
2142 2266 2207 2325 et
2252 2280 2294 2344 p
2311 2281 2344 2325 e
2361 2281 2391 2325 s
2407 2281 2437 2325 s
2453 2281 2496 2325 u
2517 2282 2584 2325 m

197 2364 437 2432 datas
484 2369 975 2451 prouincias
1021 2369 1405 2452 integras
1427 2413 1442 2441 ,
1494 2370 1704 2451 partes
1751 2385 1968 2432 eorum
2019 2367 2284 2453 exiguas
2323 2366 2584 2454 reliquit

194 2471 531 2538 intactas.’'

284 2579 479 2644 Hunc
525 2578 740 2644 locum
759 2627 775 2657 ‚
826 2582 935 2664 qui
982 2580 1475 2670 corruptissimis
1520 2586 1586 2643 et
1631 2579 2131 2644 mendosissimis
2165 2580 2584 2646 adnumeran-

197 2684 312 2750 dus
378 2692 474 2751 est
494 2732 511 2762 ,
559 2688 773 2770 prauis
819 2686 1199 2750 coniecturis
1246 2684 1453 2749 multo
1501 2687 1957 2769 corruptiorem
2005 2691 2070 2750 et
2115 2687 2576 2753 mendosiorem

196 2789 472 2856 reddidit
519 2790 1071 2876 Eyssenhardtius.
1124 2789 1372 2855 Ultima
1418 2791 1616 2856 uerba
1651 2793 1740 2855 sic
1779 2791 2129 2861 describam
2165 2800 2242 2856 ut
2276 2792 2582 2881 leguntur

197 2896 259 2959 in
330 2894 485 2961 God.
552 2896 693 2962 Vat.
770 2918 851 2982 „p
870 2918 907 2962 o
924 2918 953 2961 s
971 2903 998 2960 t
1014 2918 1049 2961 e
1064 2898 1137 2960 ri
1205 2897 1461 2961 urbium
1534 2911 1864 2981 captarum
1935 2903 1998 2962 et
2061 2897 2449 2983 direptarum
2518 2907 2584 2965 et

198 3022 525 3085 pessum
589 3006 967 3094 concitas
1014 3004 1490 3087 proratoris
1534 3004 1992 3088 interitus,
2039 3008 2250 3087 partes
2297 3025 2580 3071 eorum

197 3110 460 3196 exiguas
504 3130 536 3172 r
552 3108 627 3174 el
645 3111 670 3172 i
687 3130 723 3193 q
744 3131 785 3173 u
804 3112 827 3172 i
844 3130 873 3173 s
890 3131 920 3174 s
936 3129 970 3174 e
987 3115 1014 3174 t
1058 3108 1398 3174 intactas.”

283 3213 379 3279 Ex
430 3213 661 3298 quibus
707 3214 860 3279 haec
902 3212 1103 3279 efficio
1146 3236 1227 3300 „p
1248 3234 1283 3278 o
1299 3236 1329 3279 s
1348 3220 1375 3279 t
1423 3236 1456 3279 e
1470 3238 1512 3280 x
1531 3219 1628 3283 c<
1632 3215 1905 3286 idium>
1947 3218 2207 3283 urbium
2247 3236 2578 3303 captarum

198 3322 259 3381 et
304 3318 695 3405 direptarum
748 3326 811 3384 et
857 3323 1165 3404 pessim
1186 3342 1219 3385 e
1268 3324 1652 3387 concisos
1698 3342 1738 3406 p
1760 3322 2418 3407 ro<pul>satores
2461 3327 2577 3388 in-

199 3428 541 3509 teritus,
590 3431 801 3510 partes
849 3432 921 3490 te
939 3446 1176 3490 rraru
1196 3448 1261 3491 m
1313 3427 1577 3514 exiguas
1625 3428 1784 3493 reli
1807 3450 1844 3513 q
1863 3432 1992 3493 uit
2037 3430 2376 3495 intactas.”

286 3642 347 3709 6.
398 3645 459 3709 4.
534 3644 974 3733 „Fritigernus
1020 3645 1253 3711 frustra
1301 3667 1447 3711 cum
1498 3652 1596 3711 tot
1642 3646 1930 3713 cladibus
1976 3648 2325 3713 conluctari
2371 3651 2576 3717 homi-

198 3768 303 3813 nes
362 3754 615 3839 ignaros
678 3752 1005 3817 obsidendi
1050 3751 1519 3839 contemplans,
1567 3753 1789 3818 relicta
1835 3754 1928 3818 ibi
1976 3756 2048 3836 [i.
2074 3776 2127 3819 e.
2179 3756 2256 3819 ad
2305 3754 2576 3823 Hadria·
2701 3792 2718 3808 ο

200 3857 503 3941 nopolim]
546 3879 741 3924 manu
782 3858 1131 3925 sufficiente
1168 3860 1339 3925 abire
1376 3859 1635 3946 negotio
1673 3860 2043 3945 imperfecto
2084 3866 2322 3938 suasit,
2351 3886 2571 3950 pacem

198 3960 315 4025 sibi
362 3984 495 4029 esse
542 3986 688 4029 cum
738 3966 1217 4050 parietibus
1266 3965 1690 4031 memorans.’'

284 4066 508 4135 Potius
572 4070 947 4137 crediderim
1006 4070 1444 4159 Fritigernum
1506 4071 1741 4137 infecta
1798 4092 1864 4137 re
1909 4073 2299 4140 obsidionem
2350 4075 2573 4142 tollere

203 4180 509 4254 coactum,
576 4177 871 4262 superbia
922 4176 1161 4242 elatum
1213 4178 1449 4242 dixisse
1497 4198 1718 4262 pacem
1767 4178 1889 4243 sibi
1938 4199 2070 4245 esse
2118 4202 2266 4246 cum
2313 4186 2568 4267 parie-

204 4275 437 4360 tinis,
490 4286 670 4369 quasi
715 4285 939 4348 urbem
986 4286 1115 4348 iam
1167 4284 1614 4349 semidirutam
1663 4282 1939 4369 amplius
1987 4308 2214 4353 vexare
2257 4286 2473 4353 nollet.
