3150 5000
2573 12 3104 175 '‘¹''-

575 305 706 370 430
1544 285 1984 392 rnnornmm„

568 492 736 579 apud
780 489 1112 556 Platonem
1162 488 1361 576 Legg.
1410 487 1525 554 IX.
1574 485 1705 555 8¹79
1753 487 1805 556 Ο
1828 539 1842 564 ,
1892 491 2007 555 ubi
2049 489 2462 576 philosophus
2507 490 2930 568 demonstrat,

569 603 842 685 quantus
900 597 1096 662 honos
1140 595 1395 660 senibus
1440 596 1519 661 ab
1564 595 1919 661 iunioribus
1965 598 2166 662 tribui
2211 596 2468 663 debeat:
2516 594 2667 661 ἔοικε
2719 598 2782 662 δὲ
2831 595 2930 675 νέῳ

567 705 755 770 παντὶ
819 702 933 768 ὑπὸ
995 703 1271 781 γέροντος
1334 701 1640 780 πληγέντι
1685 703 1959 784 ῥᾳθύμως
2009 706 2190 783 ὀργὴν
2239 703 2690 784 ὑποφέρειν.
2767 702 2932 770 Satis

564 809 954 898 intelligitur
998 808 1395 873 scribendum
1446 828 1582 873 esse
1621 810 1801 888 ὀργὴν
1849 808 2298 889 ἐπιφέρειν,
2343 829 2468 895 quo
2505 810 2673 875 facto
2717 813 2932 894 sponte

564 917 813 984 excidet
856 935 979 1000 quo
1024 915 1318 979 turbatur
1362 917 1708 993 sententia,
1755 915 2126 981 adverbium
2175 916 2477 1000 ῥᾳθύμως.
2523 917 2788 982 Praeter
2828 913 2933 980 hos

566 1031 692 1089 tres
752 1021 952 1104 locos,
1017 1041 1164 1086 cum
1226 1040 1335 1104 per
1394 1018 1637 1086 multos
1695 1041 1888 1086 annos
1941 1024 2231 1088 animum
2277 1021 2496 1090 sedulo
2543 1022 2932 1088 attenderem

562 1128 817 1194 nullum
867 1126 1067 1192 alium
1118 1145 1425 1212 umquam
1472 1127 1757 1194 invenire
1803 1129 2008 1212 potui.

652 1341 1036 1408 Inimicitiae
1082 1342 1259 1403 erant
1304 1339 1470 1404 inter
1514 1337 2000 1405 Hermocratem
2047 1345 2112 1405 et
2159 1339 2648 1425 Tissaphernem
2667 1389 2684 1424 ,
2734 1361 2791 1405 c.
2835 1335 2936 1402 85:

564 1449 755 1528 ἔχθραι
801 1445 865 1510 δὲ
914 1443 1058 1522 πρὸς
1107 1443 1291 1508 αὐτὸν
1337 1439 1405 1516 ἦν
1454 1445 1624 1523 αὐτῷ
1671 1445 1772 1509 ἀεί
1818 1469 1968 1510 ποτε
2016 1447 2150 1524 περὶ
2198 1451 2305 1510 τοῦ
2348 1449 2563 1522 μισθοῦ
2610 1455 2728 1518 τῆς
2768 1447 2940 1509 airo-

564 1555 889 1648 δόσεως,
974 1550 1083 1614 sed
1152 1549 1469 1635 stipendia
1538 1571 1662 1615 non
1737 1551 2131 1636 persolvebat
2203 1551 2654 1636 Tissaphernes
2728 1554 2937 1636 itaque

562 1664 830 1746 scriptor
874 1655 1083 1734 dedit,
1124 1655 1288 1740 quod
1329 1653 1513 1741 plane
1554 1660 1940 1723 contrarium
1981 1663 2075 1723 est
2115 1665 2221 1732 τῆς
2261 1659 2400 1723 οὐκ
2441 1658 2940 1734 ἀποδόσεως,

564 1768 755 1832 sicuti
816 1771 985 1830 recte
1044 1761 1286 1850 legitur
1346 1759 1402 1826 V
1466 1761 1590 1826 35:
1656 1765 1822 1827 κατὰ
1887 1766 1996 1838 την
2043 1771 2161 1829 τῶν
2207 1766 2442 1844 χωρίων
2489 1766 2797 1840 ἀλλήλοις
2845 1763 2942 1827 οὐκ

562 1873 868 1938 ἀπόδοσιν.
932 1869 1100 1934 Mire
1165 1868 1399 1933 dicitur
1458 1889 1513 1932 c.
1563 1866 1650 1933 88
1707 1869 2066 1936 Alcibiades
2117 1872 2540 1950 ὑποσχόμενος
2589 1880 2720 1944 τοῖς
2771 1872 2834 1936 έν
2873 1879 2940 1952 τῇ

562 1979 761 2057 Σάμῳ
825 1977 1093 2057 ἀσφαλῆ
1158 1973 1260 2038 καὶ
1327 1974 1622 2053 μεγάλην
1685 1976 1932 2056 χάριν
1995 1985 2060 2041 et
2128 1976 2458 2062 pollicitus
2512 1983 2642 2054 est,
2693 1979 2936 2062 opinor,

560 2087 831 2166 ἀσφαλῆ
894 2080 997 2146 καὶ
1056 2080 1350 2159 μεγάλην
1410 2082 1652 2162 χρείων.
1715 2079 1863 2167 Cap.
1933 2081 2018 2146 89
2083 2083 2260 2149 locus
2327 2096 2421 2148 est
2485 2083 2938 2169 propemodum

560 2191 1023 2264 conclamatus,
1090 2189 1195 2251 cui
1258 2191 1401 2272 post
1452 2185 1804 2252 multorum
1859 2187 2141 2253 infelicia
2191 2191 2542 2254 tentamina
2588 2210 2716 2254 non
2767 2192 2936 2253 iuvat

558 2297 923 2363 immorari:
971 2291 1348 2376 simpliciter
1386 2291 1595 2357 dicam
1637 2296 2032 2378 transpositis
2071 2296 2282 2358 verbis
2324 2295 2487 2359 mihi
2529 2295 2928 2360 scribendum

560 2402 796 2470 videri:
866 2392 1078 2470 οὕτως’
1110 2398 1300 2468 ἀδεῶς
1362 2397 1614 2479 ἔφασαν
1677 2397 2130 2474 οὶποελλαξείειν
2197 2407 2300 2466 τοῦ
2364 2399 2537 2480 ἄγων
2587 2403 2648 2473 ἐς
2701 2401 2932 2479 ὀλίγους

559 2511 785 2585 ἐλθεῖν,
857 2527 1008 2572 nam
1076 2506 1338 2571 servabo
1398 2504 1562 2571 illud
1626 2504 1812 2576 ὦδεῶς
1875 2529 1988 2572 nec
2053 2514 2304 2573 tantum
2367 2510 2580 2574 tribuo
2629 2508 2930 2575 Vaticano

560 2616 815 2697 codici,
875 2617 1186 2699 quantum
1235 2614 1302 2676 in
1348 2610 1466 2677 hoc
1515 2618 1737 2678 octavo
1785 2612 1946 2677 libro
1995 2612 2393 2679 Classenium
2439 2614 2664 2680 fecisse
2717 2615 2922 2689 video;

558 2744 673 2789 nec
734 2727 901 2786 certe
961 2740 1015 2783 c·
1068 2716 1153 2785 87
1202 2718 1506 2784 scribam:
1560 2714 1720 2790 ὅπως
1769 2720 2254 2799 μηδετέροις
2303 2720 2702 2800 προσθέμενος
2755 2722 2926 2799 ἰσχυ-

558 2826 818 2908 ροτέρους
882 2825 1114 2898 ποιήσει
1176 2843 1288 2907 pro
1348 2822 1880 2908 μηδετέρους,
1947 2846 2071 2910 qua
2116 2828 2182 2890 in
2231 2846 2298 2891 re
2347 2826 2474 2891 fere
2521 2830 2726 2894 miror
2774 2826 2924 2913 quod

558 2932 1019 3000 Herwerdenus
1067 2928 1463 2995 Olassenium
1512 2936 1767 2995 secutus
1813 2937 1930 2996 est.
2001 2930 2124 2996 Sed
2175 2932 2344 2997 malo
2394 2932 2678 3019 digitum
2732 2934 2924 2997 inten-

560 3042 705 3106 dere
750 3042 815 3103 in
864 3060 916 3102 c.
968 3034 1074 3113 90,
1124 3036 1235 3099 ubi
1283 3036 1563 3121 legimus
1612 3034 2117 3124 Quadringentos
2165 3036 2313 3103 illos
2353 3037 2718 3103 Eetioniam
2769 3056 2922 3104 com-

558 3148 901 3227 muniisse;
948 3146 1076 3207 iam
1129 3142 1207 3206 ab
1254 3141 1335 3205 iis
1380 3148 1716 3207 secesserat
1763 3140 2184 3210 Theramenes
2223 3148 2438 3229 itaque
2477 3146 2924 3211 criminabatur

556 3254 623 3318 id
684 3250 851 3337 quod
910 3249 1012 3313 his
1058 3248 1267 3313 verbis
1313 3245 1720 3333 Thucydides
1765 3252 2160 3334 perscripsit:
2212 3244 2278 3321 ἦν
2333 3250 2396 3313 δὲ
2444 3254 2549 3313 τοῦ
2597 3252 2848 3331 τείχους
2891 3248 2920 3319 ἦ

557 3359 771 3438 γνώμη
825 3350 1022 3432 αὕτη,
1062 3356 1140 3424 ὥς
1188 3350 1311 3433 ἔφη
1354 3351 1713 3432 Θηραμένης
1763 3354 1867 3418 noti
1916 3358 1966 3419 οἱ
2013 3353 2160 3430 μετ’
2212 3358 2438 3433 αὑτοῦ,
2487 3357 2607 3435 οὐχ
2653 3352 2758 3421 ἵνα
2796 3352 2918 3424 τοὺς
3079 3398 3084 3465 A

558 3466 624 3531 ἐκ
690 3463 909 3539 Σάμου
971 3458 1076 3522 ἐὰν
1138 3458 1259 3542 βίᾳ
1322 3458 1698 3539 ε’πιπλέωσι,
1762 3462 1866 3539 μη
1910 3460 2301 3539 δέξωνται
2352 3462 2434 3534 εἷς
2485 3463 2590 3526 τὸν
2636 3462 2916 3545 Πειραιοῖ,

556 3572 733 3637 ἀλλὰ.
798 3564 893 3632 ἵνα
957 3565 1094 3639 τοὺς
1158 3566 1484 3641 πολεμίους
1550 3570 1798 3643 μᾶλλον
1859 3563 2006 3630 ὅταν
2053 3566 2398 3644 βούλωνται
2449 3568 2553 3631 καὶ
2602 3570 2780 3633 ναυσὶ
2827 3565 2918 3631 καὶ

556 3676 718 3759 πεζῷ
781 3672 1092 3749 δέξωνται.
1163 3670 1261 3737 Ne
1320 3670 1714 3758 ineleganter
1773 3678 2052 3738 recurrat
2115 3674 2381 3741 verbum
2443 3670 2772 3759 δέξωνται,
2821 3692 2918 3738 ex-

554 3787 789 3869 puncto
838 3782 897 3851 ἐς
947 3776 1049 3843 τὸν
1097 3784 1395 3854 Πειροιῖοι,
1446 3778 1857 3843 commendo:
1907 3780 2027 3859 οὐχ
2077 3776 2174 3844 ἵνα
2225 3778 2362 3851 τοὺς
2415 3778 2484 3844 ἐκ
2527 3780 2782 3865 Σάμου,
2824 3776 2918 3841 ἐὰν

554 3891 672 3972 βίᾳ
717 3884 1122 3961 ἐπιπλέωσιν,
1161 3882 1649 3959 ἀλέξωντοιι.
1698 3881 2098 3966 Quamquam
2139 3884 2309 3952 favet
2348 3886 2764 3971 Antiphonti,
2805 3902 2916 3948 non

557 4005 772 4063 tamen
832 3997 1026 4079 negat
1072 3988 1477 4075 Thucydides
1523 3987 1982 4057 Theramenem
2035 3992 2152 4057 hoc
2201 4012 2350 4057 vere
2397 3992 2591 4058 fuisse
2638 3994 2914 4057 crimina·

556 4114 718 4171 tum.
769 4100 900 4167 Nec
948 4098 1161 4162 minus
1207 4093 1476 4160 ridicule
1523 4096 1766 4159 dictum
1813 4104 1907 4161 est
1953 4118 2002 4161 c.
2056 4094 2180 4162 92:
2225 4093 2426 4176 διόπερ
2469 4098 2572 4162 καὶ
2612 4099 2680 4163 τὸ
2720 4105 2911 4175 τεῖχος

555 4216 733 4277 τοῦτο
779 4204 1045 4273 πυλίδας
1094 4202 1235 4282 ἔχον
1283 4204 1389 4265 καὶ
1439 4202 1683 4274 ἐσόδους
1733 4202 1838 4265 καὶ
1890 4202 2310 4281 ἐπεσκγωγὰς
2361 4207 2476 4268 τῶν
2524 4204 2908 4281 πολεμίων

555 4312 885 4395 ἐτείχιζον,
958 4330 1107 4376 nam
1182 4309 1452 4373 absonus
1523 4315 1618 4373 est
1678 4308 1944 4394 pluralis
2003 4331 2310 4377 numerus
2370 4316 2433 4377 et
2499 4311 2772 4377 stultum
2826 4312 2908 4374 est

554 4423 803 4491 credere
864 4414 1295 4483 commodiora
1348 4412 1487 4479 loca
1548 4414 1744 4479 fuisse
1805 4414 1882 4479 ad
1947 4415 2158 4482 hostes
2213 4438 2404 4503 quam
2453 4418 2532 4483 ad
2580 4438 2726 4485 suos
2767 4414 2904 4483 acci-
