3150 5000
1194 310 1440 362 ronna
1486 312 1737 363 casnm.
2573 286 2664 360 63

272 502 469 559 vum,
532 480 684 547 licet
742 502 868 547 non
924 503 1072 547 cum
1120 480 1235 547 illo
1281 482 1510 555 τίθης
1560 502 1596 547 e
1642 482 1942 565 Porseni,
1989 481 2094 547 sed
2143 483 2360 567 potius
2401 482 2660 552 τιθεῖς

276 608 310 653 e
357 590 601 653 veriore
647 585 872 654 Cobeti
933 594 1267 673 praecepto
1324 591 1736 672 reposuerim.
1811 586 2050 652 Eadem
2114 586 2194 653 de
2257 607 2446 652 causa
2491 592 2662 652 recte

274 694 448 759 idem
495 694 663 759 Phil.
719 694 805 759 30
866 689 976 773 ὅρα
1034 697 1171 759 καθ’
1242 688 1421 758 ὕπνον
1467 696 1553 770 μὴ
1605 694 2038 764 καταυλισθεὶς
2083 702 2314 773 κυρεῖ
2353 714 2468 780 pro
2515 702 2661 774 κυρῇ

271 820 571 885 reponere
632 800 904 866 videtur.
976 797 1436 866 Coniunctivus
1497 806 1596 865 est
1656 800 1887 865 talium
1943 782 2228 865 locorum
2249 848 2268 884 ‚
2315 800 2523 886 qualis
2567 805 2664 865 est

274 904 470 992 Soph.
516 906 619 972 El.
670 906 845 973 1003
892 904 1002 986 ὅρα
1049 913 1251 977 κακῶς
1300 907 1644 985 πράσσοντε
1691 909 1778 981 μὴ
1826 904 2014 985 μείζω
2065 908 2236 971 κακοὶ
2283 906 2657 984 Κτησώμεθ’,

274 1010 334 1077 εί
376 1034 468 1085 τις
518 1013 733 1078 τούσδ’·
772 1014 1107 1079 ἀκούσεται
1154 1013 1379 1090 λόγους
1404 1064 1423 1087 ,
1493 1013 1606 1078 ubi
1667 1018 1990 1098 spectatur
2054 1021 2308 1099 tempus
2369 1014 2663 1079 futurum

277 1125 342 1184 et
387 1140 488 1185 res
533 1138 695 1205 quae
740 1141 779 1186 a
821 1126 1035 1187 nostro
1082 1120 1313 1205 pendet
1360 1120 1645 1185 arbitria
1717 1118 1816 1186 Cf.
1862 1120 2104 1187 ibidem
2150 1143 2216 1186 v.
2265 1119 2397 1186 506
2438 1126 2505 1187 et
2529 1118 2662 1186 519

275 1246 406 1311 sqq.
457 1224 599 1292 Hoc
644 1228 849 1313 igitur
893 1227 1232 1292 discrimen
1280 1226 1457 1291 modi
1504 1227 1838 1311 utriusque
1883 1228 1938 1291 si
1983 1247 2130 1293 vere
2177 1230 2518 1304 statuitur,
2569 1248 2664 1293 se-

273 1334 495 1417 quitur
540 1338 617 1396 ut
658 1332 903 1398 laboret
946 1332 1125 1397 locus
1169 1332 1553 1417 Euripideus
1570 1381 1592 1416 ‚
1613 1324 1832 1417 ‘quem
1871 1352 2064 1418 supra
2091 1332 2415 1419 adscripsi.
2462 1332 2666 1399 Dede-

274 1443 375 1504 rat
420 1443 675 1517 autem,
720 1439 845 1503 nisi
892 1442 1107 1505 omnia
1151 1460 1257 1506 me
1304 1437 1573 1516 fallunt,
1621 1445 1810 1524 poeta

732 1541 841 1625 ὅρα
887 1569 965 1623 γε
1011 1546 1100 1623 μή
1150 1568 1210 1609 τι
1257 1547 1497 1625 Φάσμα
1546 1544 1808 1627 νέρτερον
1850 1544 2036 1611 τάδε

274 1652 511 1718 omisso
560 1651 753 1717 verbo
800 1652 959 1728 ἐςίν,
1006 1672 1261 1739 prorsus
1307 1656 1383 1717 ut
1424 1651 1669 1740 legitur
1715 1650 1924 1739 Iphig.
1978 1650 2052 1718 Τ.
2106 1651 2192 1720 6¹7

728 1754 834 1838 ὅρα
881 1757 1175 1839 Φύλασσε
1223 1759 1314 1835 μή
1362 1781 1456 1830 τις
1503 1760 1563 1823 ἐν
1613 1758 1810 1839 στίβῳ
1855 1758 2120 1838 βροτῶν,

274 1865 391 1929 ubi
453 1862 767 1931 falluntur
824 1868 936 1951 qui
998 1866 1343 1932 scribentes
1404 1862 1495 1947 ἲν
1560 1864 1762 1945 στίβῳ
1822 1865 2115 1951 ineptum
2179 1867 2664 1933 coniunctiVum

272 1972 484 2037 invito
528 1976 750 2057 poetae
796 1972 1167 2039 obtrudunt.

1299 2188 1648 2201 ψ

1215 2362 1730 2429 Amen-ermae.

370 2527 567 2617 Vesp.
615 2528 747 2598 235

461 2636 717 2719 πάρεσθ’
764 2631 793 2702 ὃ
839 2638 911 2715 ³3,
956 2636 1167 2704 λοιπόν
1211 2638 1281 2718 γ’
1329 2636 1417 2704 ἔτ’
1468 2639 1676 2715 ἐστίν,
1724 2640 2132 2704 ἀππαπαῖ
2173 2633 2508 2716 παπαιάξ,

460 2741 615 2824 ἥβης
664 2745 890 2820 ἐκείνης
912 2792 929 2824 ,
980 2744 1134 2818 ἡνίκ’
1185 2746 1245 2810 ἐν
1290 2745 1600 2828 Βυζαντίῳ
1646 2744 1928 2824 ξυνῆμεν.

369 2848 822 2936 Praeterquam
870 2850 933 2916 h.
982 2850 1028 2915 1.
1080 2851 1318 2936 ubique
1364 2857 1463 2918 est
1508 2855 1866 2916 ἀπαπαῖ.
1940 2850 2148 2932 Quare
2211 2851 2358 2917 vide
2405 2871 2484 2916 an
2529 2848 2664 2916 col-

273 2955 429 3022 latis
474 2956 632 3023 locis
678 2957 933 3024 Thesm.
972 2955 1128 3023 230.
1185 2956 1380 3024 1005.
1428 2957 1545 3043 Eq.
1589 2958 1650 3022 1.
1691 2957 1864 3025 Nub.
1905 2955 2036 3024 707
2077 2958 2348 3024 scribere
2385 2961 2665 3044 praestet

270 3063 670 3130 ὦτταταλ

367 3277 530 3347 Ran.
552 3279 683 3349 231
735 3281 1283 3363 προσεπιτέρπεται
1333 3282 1387 3348 δ’
1434 3281 1462 3348 ὃ
1510 3281 1866 3363 Φορμικτδις
1913 3279 2239 3348 Ἀπόλλων

730 3385 911 3456 ἕνεκα
955 3389 1201 3463 δόνακος
1222 3435 1241 3469 ,
1286 3385 1349 3454 ὃν
1396 3388 1710 3470 ὑπολύριον

732 3495 960 3578 ἔνυδρον
1006 3497 1067 3562 ἱν
1114 3497 1363 3576 λίμναις
1413 3495 1700 3577 τρέφω.

366 3599 511 3668 Dici
568 3609 890 3688 nequeunt
945 3605 1119 3689 ipsae
1180 3623 1369 3669 ranae
1429 3603 1712 3688 τρέφειν,
1776 3603 1822 3668 i.
1862 3624 1918 3669 e.
1968 3599 2181 3682 Φύειν,
2250 3600 2354 3669 τὸν
2401 3599 2657 3673 δόνακα.

272 3708 394 3776 Est
451 3712 621 3776 enlm
682 3711 801 3776 hoc
848 3709 985 3788 dei,
1038 3715 1105 3776 et
1148 3710 1407 3795 quidem
1455 3711 1592 3775 eius
1641 3709 1742 3775 dei
1792 3712 1897 3776 cui
1946 3709 2231 3777 calamus
2277 3709 2392 3777 ille
2438 3717 2662 3798 gratus

275 3821 375 3882 est
393 3863 407 3890 .
456 3819 673 3904 itaque
717 3815 1053 3902 Apollinis.
1126 3815 1333 3897 Quare
1381 3817 1758 3882 correxerim
1807 3839 1846 3878 τ
1861 3841 1891 3894 ρ
1911 3815 1941 3882 ἐ
1958 3821 2014 3896 Φ
2032 3840 2120 3881 ει.

366 4027 526 4097 Ran.
578 4029 730 4097 332.
793 4027 918 4097 Pro
962 4030 1447 4111 Φιλοπαίγμονα
1494 4028 1737 4095 dudum
1790 4031 2158 4096 restitutam
2203 4033 2486 4116 oportuit
2529 4031 2661 4097 for-

270 4156 454 4203 mam
514 4144 793 4205 veterem
854 4140 1135 4203 Atticam
1186 4137 1700 4221 Φιλοπαίσμονα,
1749 4137 1857 4202 sed
1905 4136 2114 4204 multo
2161 4138 2355 4202 etiam
2407 4139 2661 4223 turpius

272 4250 374 4310 est
435 4244 599 4329 quod
664 4243 743 4310 ad
804 4245 973 4310 hunc
1026 4264 1225 4329 usque
1272 4244 1442 4310 diem
1494 4265 1555 4310 v·
1611 4241 1738 4310 1¹77
1791 4242 1894 4308 edi
1941 4243 2103 4309 solet
2147 4243 2350 4308 forma
2397 4242 2662 4310 barbara

274 4347 593 4432 ae'vaessaeq-'mv
638 4371 751 4437 pro
798 4349 1137 4430 ἀναβιοίην.
