3150 5000
563 234 696 302 140
729 306 734 313 ,
1037 292 1043 300 .
1533 253 1965 305 mmmmm.

647 419 854 487 Sicuti
898 419 1235 506 aliquoties
1279 442 1358 487 ex
1403 418 1609 487 Dione
1655 417 1873 487 Caesio
1907 418 2315 507 Thucydides
2352 418 2679 485 emendari
2704 424 2937 505 potest,
3070 418 3072 505 j

559 526 780 595 eodem
816 526 1008 593 modo
1042 527 1366 595 interdum
1404 525 1813 614 Thucydides
1854 530 2088 612 poterit
2125 523 2318 591 Dioni
2356 525 2671 612 prodesse.
2720 524 2941 593 Veluti
3070 542 3072 545 ⁴

557 633 726 720 quod
770 633 1014 723 legitur
1054 632 1271 731 LXIX
1321 635 1406 701 14
1451 640 1568 699 τῶν
1616 634 1968 715 Φθαρέντων
2017 632 2087 698 τὸ
2138 634 2365 708 πλῆθος
2434 634 2479 697 ἀ
2496 657 2526 697 ν
2546 630 2627 711 εξ
2642 656 2673 697 ε
2685 657 2717 713 ρ
2740 656 2771 697 ε
2790 632 2941 707 ύνη-

557 764 688 807 τον
745 737 846 819 ἦν,
894 749 1149 828 propter
1195 740 1395 809 Thuc.
1444 740 1550 807 III
1602 738 1688 808 87
1737 740 2183 829 corrigendum
2225 744 2323 806 est
2369 738 2939 819 ἀνεξεύρετον,
3073 770 3074 796 ι

557 868 682 934 quo
751 849 1062 935 adjectivo
1131 852 1401 935 scriptor
1468 854 1796 934 praeterea
1860 868 2013 915 usus
2074 852 2171 913 est
2229 867 2293 932 p.
2359 844 2473 914 48.
2534 846 2575 911 5
2592 866 2610 925 ;
2664 845 2823 911 400.
2872 844 2941 929 ὃς

559 954 758 1022 1139.
809 954 918 1022 50.
963 954 1212 1041 Nempe
1247 954 1494 1021 librarii
1535 955 1925 1042 adjectivum
1963 950 2422 1034 ἀνεξερεύνητον
2446 972 2632 1040 saepe
2656 954 2944 1021 viderant

557 1061 728 1148 apud
787 1060 1068 1127 Paulum
1131 1061 1212 1127 ad
1271 1060 1595 1128 Romanos
1660 1061 1782 1127 XI.
1832 1060 1916 1126 33
1966 1066 2187 1147 estque
2234 1060 2521 1127 indidem
2570 1060 2943 1146 repetendus

557 1188 760 1247 error,
811 1171 868 1235 si
913 1166 1183 1235 Suidam
1231 1167 1574 1235 contuleris
1592 1217 1611 1253 ‚
1659 1188 1807 1234 cum
1856 1167 2094 1233 Anecd.
2142 1166 2261 1233 Bk.
2310 1188 2376 1253 p.
2429 1164 2579 1233 398.
2638 1167 2700 1232 1.

648 1380 876 1468 Capite
936 1378 1031 1447 111
1092 1379 1180 1448 90
1225 1380 1607 1467 interpolata
1652 1386 1803 1447 sunt
1850 1382 2045 1449 verba
2088 1385 2197 1446 τοῦ
2244 1380 2581 1457 Ἀθηναίων
2626 1382 2941 1460 ςρατηγοῦ

553 1488 980 1575 similiterque
1039 1509 1167 1554 non
1226 1490 1443 1554 minus
1507 1491 1707 1555 otiose
1768 1488 2154 1574 interpolata
2202 1494 2351 1553 sunt
2396 1486 2493 1553 111
2540 1486 2628 1552 94
2678 1492 2747 1553 et
2798 1484 2943 1553 115.

555 1595 815 1663 Excidit
872 1602 1090 1661 autem
1145 1614 1453 1661 numerus
1498 1593 1607 1659 ΙΙΙ
1653 1592 1777 1660 92:
1826 1593 2196 1677 ἐξέπεμψαν
2242 1617 2327 1659 το
2345 1593 2379 1659 ὺ
2398 1619 2429 1666 ς
2475 1595 2793 1673 οἰκήτορας
2843 1592 2945 1657 αὖ·

556 1710 674 1767 τῶν
742 1726 813 1767 τε
881 1701 987 1769 καὶ
1051 1702 1171 1766 τῶν
1231 1699 1443 1767 ἄλλων
1507 1702 1817 1781 περιοίκων
1880 1701 1984 1767 καὶ
2051 1708 2168 1767 τῶν
2217 1698 2429 1767 ἄλλων
2477 1702 2795 1775 Ἑλλήνων
2844 1700 2944 1765 τὸν

441 1826 458 1843 ·
554 1810 926 1888 βουλόμενον
993 1808 1270 1873 ἐκέλευον
1337 1804 1616 1873 ἕπεσθαι.
1686 1806 1880 1873 Hunc
1949 1807 2163 1873 locum
2229 1813 2377 1874 ante
2440 1806 2655 1873 oculos
2716 1807 2943 1873 habuit

556 1914 873 1983 Diodorus
917 1909 1170 1980 Siculus
1214 1912 1344 1978 XII
1391 1912 1498 1991 59,
1549 1913 1716 1979 unde
1764 1912 2037 1979 efficitur
2083 1934 2217 1979 esse
2262 1913 2765 1979 restituendum:
2822 1911 2941 1990 ἐξέ-

557 2026 822 2101 πεμψαν
869 2022 1611 2101 τετρακισχιλίους
1658 2021 1995 2100 οἰκήτορας.
2043 2019 2391 2086 Manifesta
2437 2040 2537 2086 res
2576 2026 2694 2085 est.
2742 2018 2945 2085 Inter·
3079 2061 3080 2115 3

555 2127 795 2214 polatio
854 2133 951 2193 est
1011 2126 1120 2191 III
1167 2124 1288 2191 93:
1339 2122 1431 2192 ὅτι
1477 2126 1735 2209 βραχύς·
1785 2127 1910 2194 ἐςιν
1956 2126 1985 2190 ὃ
2032 2125 2329 2199 διάπλους
2378 2128 2523 2207 πρὸς
2566 2128 2635 2192 τὸ
2686 2126 2943 2201 Κήναιον

556 2240 668 2308 τῆς
715 2233 991 2312 Εὐβοίας
1014 2254 1029 2268 ·
1078 2232 1306 2298 deinde
1350 2234 1463 2317 qui
1500 2237 2003 2318 supervenerunt
2038 2232 2685 2299 Lacedaemoniorum
2720 2230 2941 2319 legati,

554 2360 682 2406 non
738 2340 997 2405 fuerunt
1040 2340 1094 2404 οἱ
1139 2338 1612 2419 ἀφικνούμενοι,
1660 2338 1771 2405 sed
1816 2340 1867 2404 οἱ
1909 2336 2243 2425 (ὗς-ερον)
2280 2340 2735 2421 ἀφικνούμενοι.
2792 2335 2941 2423 Gap.

557 2444 684 2512 101
748 2444 822 2512 fit
885 2445 963 2512 de
1025 2445 1587 2532 Amphissensibus
1650 2466 1890 2513 sermo:
1940 2448 2115 2512 αὐτοὶ
2162 2452 2383 2528 πρῶτοι
2430 2446 2635 2520 δόντες
2685 2442 2940 2526 ὁμήρους

555 2555 660 2620 καὶ
709 2553 852 2626 τοὺς
899 2552 1128 2625 ἀλλους
1177 2551 1431 2619 ἔπεισαν
1477 2554 1680 2619 δοῦναι
1726 2559 1781 2636 φ
1798 2577 1824 2618 ο
1845 2555 1893 2632 β
1910 2579 1937 2618 ο
1956 2577 1990 2618 v
2010 2555 2151 2630 μέν
2168 2578 2195 2618 ο
2213 2579 2246 2619 υ
2264 2580 2293 2628 ς
2343 2555 2447 2619 τὸν
2495 2551 2749 2619 ἐπιόντα
2802 2577 2941 2634 epa·
3081 2583 3082 2600 ι

553 2659 682 2726 τόν.
741 2658 976 2726 Facilis
1036 2660 1191 2726 haec
1251 2662 1574 2746 persuasio
1620 2681 1755 2726 esse
1800 2659 2056 2725 debuit:
2104 2659 2330 2725 deinde
2379 2663 2436 2725 si
2482 2663 2715 2726 timore
2758 2657 2941 2724 Locri

554 2768 766 2835 adacti
811 2773 960 2832 sunt
979 2813 997 2845 ,
1045 2773 1120 2832 ut
1165 2766 1412 2834 obsides
1457 2767 1716 2845 darent,
1767 2787 1880 2832 cur
1918 2768 2210 2831 omnium
2248 2769 2445 2852 primi
2484 2765 2799 2832 dederunt
2838 2763 2941 2850 ciui

552 2872 928 2939 habitabant
973 2872 1086 2937 ubi
1133 2872 1693 2951 δυσεμβολῶτατος
1736 2874 1771 2949 ἦ
1814 2869 2079 2950 Λοκρίςῗ
2123 2871 2260 2937 Hos
2300 2871 2567 2938 ultimos
2600 2874 2796 2938 fuisse
2837 2869 2938 2956 qui

554 2981 806 3057 darent,
848 2983 1337 3046 consentaneum
1380 2987 1532 3045 erat.
1584 2977 1709 3045 Sed
1732 2982 1890 3044 satis
1916 2986 2012 3044 est
2052 2977 2563 3060 φοβούμενοι
2603 2980 2937 3066 corrigere.

553 3084 781 3173 Capite
830 3084 959 3151 105
1007 3090 1301 3151 narratur
1344 3084 1699 3172 Eurylochi
1746 3084 2066 3171 expeditio
2115 3093 2181 3150 et
2219 3085 2669 3151 Ambraciotae
2714 3084 2939 3150 dicun·

553 3195 662 3258 tur
719 3191 916 3258 fuisse
975 3191 1234 3263 δεδιότες
1296 3192 1385 3267 μὴ
1431 3193 1484 3256 οἱ
1531 3193 1676 3267 μετ’
1724 3191 2081 3271 Εὐρυλόχου
2129 3194 2196 3257 ού
2247 3190 2537 3256 δύνωνται
2585 3190 2937 3256 διελθεῖν

553 3298 734 3371 τοὺς
799 3300 1207 3377 Ἀκαρνᾶνας.
1270 3296 1400 3363 Hic
1446 3317 1721 3382 quanam
1768 3297 1845 3363 de
1892 3318 1960 3363 re
2006 3317 2215 3364 sermo
2261 3299 2384 3382 sit,
2432 3297 2793 3364 luculenter
2836 3317 2936 3382 ap·

551 3409 732 3490 paret
792 3425 845 3470 c.
900 3402 1053 3482 106,
1109 3404 1224 3468 ubi
1270 3401 1570 3489 Spartani
1619 3401 2023 3480 διεξελθόντες
2071 3401 2316 3479 μεταξὺ
2364 3410 2475 3477 τῆς
2524 3427 2595 3469 τε
2643 3405 2935 3483 Ἀργείων

553 3509 786 3584 πόλεωςΙ
850 3511 956 3576 καὶ
1019 3517 1130 3583 τῆς
1201 3509 1302 3574 ἐπὶ
1365 3510 1622 3588 Κρήναις
1686 3509 2074 3588 Ἀκαρνάνων
2138 3517 2433 3591 Φυλακῆς
2498 3506 2789 3576 ἔλαθον
2835 3507 2935 3572 καὶ

551 3615 925 3697 προσέμιξαν
971 3625 1099 3688 τοῖς
1137 3617 1199 3680 ἐν
1232 3615 1521 3687 ’Ὀλπαις
1559 3615 2095 3694 Ἃμπρακιῶταις.
2144 3615 2345 3682 Vides
2384 3615 2540 3702 quid
2580 3618 2933 3683 conficiam.

549 3721 810 3789 Scilicet
855 3722 1226 3788 metuebant
1270 3721 1718 3788 Ambraciotae
1761 3743 1843 3788 ne
1886 3720 2187 3808 Spartani
2224 3741 2351 3787 non
2391 3727 2647 3810 possent
2685 3723 2934 3789 διελθεῖν

551 3827 992 3916 (λαθόντες)
1043 3828 1184 3900 τοὺς
1233 3827 1645 3910 Ἀκαρνᾶνας.
1690 3827 1824 3894 Nec
1870 3824 2192 3895 Graecum
2234 3833 2363 3908 est,
2411 3831 2670 3915 opinor,
2709 3828 2935 3912 διέρχο-

549 3957 670 4014 μαι
716 3934 858 4008 τοὺς
905 3937 1316 4015 ’Λκαρνοῖνας.

637 4162 792 4250 Cap.
853 4161 949 4229 III
1012 4161 1179 4228 107:
1251 4160 1490 4245 λοχίζει
1561 4164 1623 4236 ἐς
1686 4162 1867 4230 ὁδόν
1930 4182 2069 4230 τινα
2135 4164 2410 4240 κοίλην
2470 4163 2577 4230 καὶ
2639 4161 2927 4247 λοχμῶδιι

547 4270 849 4348 ὁπλίτας,
899 4270 1134 4335 dixeris
1177 4277 1433 4356 propter
1483 4267 1625 4335 vol.
1671 4268 1703 4335 Ι
1751 4290 1811 4356 p.
1864 4269 1951 4335 29
2001 4269 2109 4337 Df.
2154 4276 2220 4336 et
2268 4268 2587 4336 LXXVII
2637 4269 2743 4348 10,
2788 4269 2929 4336 Dio-

547 4399 694 4445 nem
755 4373 1050 4444 Cassium
1109 4375 1216 4442 bic
1261 4375 1530 4464 leg-isse:
1581 4375 1823 4444 τόπον
1870 4379 2011 4444 τινὰ
2060 4385 2348 4443 κοῖλον.
2398 4374 2553 4463 Cap.
2610 4376 2739 4444 109
2784 4380 2925 4442 ἀπο-
