3150 5000
1225 187 1547 250 nommus.
1843 171 1846 176 ’
2454 173 2586 248 359

268 355 503 448 Neque
565 360 953 426 Aristarchum
1010 357 1169 426 satis
1234 367 1636 447 perspectum
1687 363 1916 428 habuit
1962 383 2147 430 usum
2201 364 2585 440 Homerum.

172 465 248 533 Si
294 469 672 543 habuisset,
715 477 1066 552 numquam
1108 466 1461 534 dubitasset
1500 469 1579 535 de
1627 490 1772 534 vera
1793 468 2065 536 lectione
2086 467 2308 538 versus
2331 481 2386 537 Δ
2415 470 2587 539 205:

556 573 718 656 ὄφρα
767 575 916 656 νίδῃς
966 572 1289 640 Μενέλαον
1336 577 1543 655 ἀρήϊον
1590 576 1786 656 ἀρχὸν
1834 575 2139 656 'Azata-v.

169 681 599 747 Aristarchus
661 682 833 745 enim
896 681 1083 759 χωρὶς
1146 686 1252 745 τοῦ
1322 683 1530 759 σίγμα
1572 681 1704 762 ἴδῃ
1751 683 1888 766 (pro
1935 680 2194 769 ἴδηαι)
2239 682 2585 771 legendum

168 789 519 866 censebat,
585 788 779 873 idque
849 807 961 873 per
1020 789 1329 852 editiones
1387 789 1755 854 etiamnunc
1801 788 2268 874 circumfertur,
2317 825 2402 840 —-
2446 811 2584 876 pes-

167 898 345 960 sime
413 899 658 972 tamen,
727 895 783 958 si
846 893 1001 977 quid
1048 896 1181 958 veri
1229 895 1299 958 in
1344 896 1425 958 iis
1472 915 1636 978 quae
1680 894 2180 960 observavimus.
2243 892 2581 975 Ceterum,

170 1003 447 1066 etiamsi
495 1003 737 1087 optime
783 998 1127 1065 Homerica
1172 999 1379 1066 forma
1424 1006 1591 1066 esset
1631 1001 1752 1082 είδῃ
1789 1020 1902 1087 pro
1940 1002 2166 1078 είδηωι,
2210 1001 2328 1068 hoc
2366 1009 2584 1068 tamen
2715 1020 2718 1028 '

168 1128 379 1173 versu
443 1127 566 1173 non
629 1105 974 1172 medialem
1040 1106 1150 1171 sed
1200 1109 1479 1172 activam
1526 1109 1799 1173 formam
1848 1110 2114 1193 requiri,
2161 1114 2372 1196 posset
2420 1107 2583 1174 effici

168 1235 203 1280 e
270 1235 475 1280 versu
536 1215 748 1280 vicino
801 1210 953 1298 195,
1000 1213 1112 1279 ubi
1160 1213 1377 1279 eadem
1428 1216 1647 1280 omnia
1691 1217 2131 1294 enunciantur‚
2179 1216 2290 1282 sed
2338 1217 2403 1281 in
2454 1221 2584 1282 ter-

172 1323 345 1384 tiam
400 1340 729 1404 personam
780 1318 1049 1384 collata:

551 1423 715 1507 ὅφραι
762 1425 883 1504 ήδη
930 1424 1252 1490 Μενέλαον
1297 1425 1503 1504 ἀρήϊον
1548 1425 1745 1508 ἀρχὸν
1794 1428 2108 1506 Ἀχαιῶν,

169 1537 237 1596 et
288 1531 458 1596 bene
503 1531 746 1597 factum
798 1531 965 1615 quod
1015 1531 1120 1596 hic
1168 1541 1335 1596 certe
1375 1538 1654 1605 metrum
1694 1533 2033 1617 respuebat
2069 1535 2270 1600 medii
2305 1535 2579 1601 formam

166 1636 411 1710 ἴδηται.

264 1743 545 1810 Prorsus
591 1742 765 1808 idem
814 1741 989 1810 valet
1034 1742 1111 1808 de
1165 1763 1354 1809 versu
1401 1767 1428 1807 0
1478 1743 1645 1808 432:

550 1848 714 1931 ὄφρα
761 1849 885 1932 ήδη
934 1849 1165 1929 πατρὸς
1216 1851 1321 1914 καὶ
1370 1851 1629 1931 μητέρος
1681 1852 1989 1936 ὑψερεφὲς
2036 1854 2134 1918 δῶ.

172 1959 389 2022 immo
435 1955 593 2038 νίδψς
614 2003 630 2034 ,
680 1956 849 2040 quod
895 1955 1257 2040 complures
1304 1956 1483 2022 codd.
1532 1958 1857 2026 exhibent.

267 2061 385 2128 Sic
454 2063 649 2127 etiam
709 2076 750 2125 λ
813 2059 901 2125 94
960 2058 1125 2141 ὄφρα
1187 2061 1341 2144 εἰδῇς
1404 2063 1619 2135 νέκυας
1669 2063 1974 2131 Zenodoti
2016 2069 2113 2131 est
2161 2065 2388 2147 lectio,
2458 2069 2578 2153 ήδη

82 2159 85 2161 ’
174 2167 623 2246 Aristarchea,
684 2139 798 2232 illa
844 2163 1069 2253 proba,
1120 2167 1275 2234 haec
1323 2169 1543 2254 procul
1593 2170 1786 2236 dubio
1834 2169 2028 2251 falsa3
2081 2192 2276 2259 quam
2324 2181 2576 2255 tamen,

170 2278 373 2340 nimis
421 2280 494 2339 ut
542 2273 703 2339 solet
749 2273 1011 2351 docilis,
1060 2276 1129 2338 in
1179 2280 1428 2340 textum
1477 2279 1717 2362 recepit
1761 2276 2132 2344 Larochius.
2191 2279 2342 2346 Alia
2385 2281 2579 2389 huius

73 2372 91 2415 '4
173 2384 411 2446 erroris
460 2379 753 2464 exempla
800 2380 994 2445 habes
1041 2390 1097 2445 A
1146 2378 1305 2456 203,
1356 2391 1403 2445 Γ
1456 2381 1606 2466 163,
1653 2383 1736 2468 [Ν
1789 2383 1943 2469 449,
1993 2395 2048 2450 Ο
2102 2385 2240 2470 32].

264 2485 381 2557 Sic
440 2485 846 2552 Aristarchus
893 2497 935 2555 Ξ
992 2484 1119 2552 199
1168 2487 1377 2570 Murgan
1422 2509 1535 2574 pro
1585 2487 1904 2565 δάμνασκε
1953 2512 2182 2557 sanum
2227 2493 2574 2563 iudicabat.

81 2590 94 2629 >³
171 2590 275 2659 Sic
352 2592 387 2657 Ι
452 2592 585 2657 225
656 2613 769 2677 pro
840 2595 1135 2667 ἐπιδευεῖς
1163 2641 1180 2668 ,
1245 2594 1414 2678 quod
1479 2594 1737 2660 exhibet
1785 2597 2080 2685 vulgata,
2137 2601 2399 2666 ἐπιδεύει
2447 2603 2579 2687 (vel

73 2696 99 2759 ἵζ’
176 2697 456 2785 ἐπιδεύῃ)
508 2699 912 2765 scribendum
961 2720 1097 2765 esse
1140 2700 1596 2779 contendebat,
1649 2702 1876 2782 »χωρὶς
1927 2709 2034 2769 τοῦ
2075 2706 2346 2783 σίγμα.”
2395 2706 2577 2787 Quod

174 2805 439 2872 etiamsi
476 2825 734 2871 sensum
774 2805 1099 2891 praeberet
1135 2808 1484 2893 optimum,
1538 2808 1856 2874 reicienda
1903 2816 2120 2876 tamen
2167 2819 2330 2878 esset
2375 2814 2578 2879 forma

175 2932 299 2978 non
366 2912 729 2989 homerica,
794 2920 859 2977 et
922 2918 1293 2998 corruptum
1340 2915 1545 3001 igitur
1593 2934 1728 2980 esse
1773 2915 1944 2981 hunc
1992 2938 2244 2983 versum
2295 2928 2576 3005 apparet.

176 3017 404 3103 Nuper
469 3016 759 3083 Naberus
830 3017 1173 3103 (Mnemos.
1248 3018 1376 3084 ΧΠ
1443 3040 1588 3107 pag.
1657 3020 1818 3107 355)
1881 3026 2210 3110 proposuit
2269 3023 2574 3096 ἐπιδευσις

80 3119 109 3168 f:
176 3122 459 3207 (scilicet
506 3122 689 3209 ἐστι).

271 3338 495 3407 Simili
541 3343 705 3409 vitio
752 3337 999 3407 laborat
1044 3363 1083 3405 σ
1134 3338 1293 3420 10¹7,
1332 3341 1443 3408 sed
1488 3341 1668 3409 nullo
1713 3349 1972 3433 negotio
2018 3352 2226 3432 potest
2271 3352 2508 3415 sanari:

633 3451 723 3526 μή
776 3470 890 3511 που
936 3471 996 3512 τι
1046 3447 1237 3512 κακὸν
1284 3448 1389 3513 καὶ
1436 3449 1646 3531 μεῖζον
1694 3451 2026 3533 ἐπαύρῃ.

73 3552 107 3603 '2³4
179 3551 391 3619 Immo
461 3556 613 3619 ἐπα
634 3555 814 3637 xime,-
834 3603 853 3639 ‚
926 3553 1459 3637 quemadmodum
1522 3557 1593 3619 in
1654 3559 1845 3623 tertia
1905 3579 2168 3643 persona
2231 3561 2465 3643 ἐπαύρῃ
2510 3570 2576 3629 et

183 3659 430 3740 ἔοι-κόροι
479 3661 566 3746 (Λ
618 3660 743 3726 391
790 3667 856 3725 et
893 3666 953 3724 N
998 3658 1157 3746 649)
1197 3660 1457 3748 legitur.
1506 3662 1610 3727 Ne
1643 3667 2028 3730 novissimus
2072 3666 2330 3750 quidem
2373 3669 2576 3757 Odys·

183 3786 325 3833 seae
386 3766 591 3833 editor
651 3766 812 3832 Fick
833 3812 850 3843 ‚
916 3765 1031 3831 ille
1094 3772 1309 3831 tamen
1353 3787 1480 3833 non
1524 3788 1748 3834 caecus
1793 3773 2146 3836 Aristarchi
2193 3775 2571 3861 admirator,

86 3876 110 3917 Γ
184 3878 243 3936 et
306 3875 579 3939 vetustis
640 3873 861 3938 formis
924 3873 1335 3938 restituendis
1396 3879 1700 3959 perpetuo
1761 3876 2079 3961 intentus,
2144 3879 2270 3943 huc
2316 3880 2574 3947 videtur

184 3981 335 4045 satis
380 3978 756 4055 attendisse;
808 3980 1065 4065 scripsit
1112 3982 1281 4044 enim
1327 3979 1447 4045 hoc
1494 3979 1632 4046 loco
1682 3982 1837 4046 ἐπα
1859 3982 1892 4047 ύ
1911 4006 1983 4062 ρε
2004 4006 2044 4047 α
2065 4008 2082 4047 e
2104 4033 2122 4067 ,
2172 4005 2332 4070 quae
2372 3988 2574 4053 forma

186 4082 247 4146 et
304 4105 414 4169 per
474 4086 821 4171 synizesin,
892 4086 1191 4149 vitiosam
1253 4090 1327 4149 ut
1376 4084 1691 4166 vidimus,
1743 4092 1907 4153 esset
1953 4091 2457 4177 pronuncianda,
2505 4100 2572 4157 et

184 4208 261 4252 ne
306 4193 547 4256 sincera
593 4190 849 4275 quidem
896 4197 1059 4255 esset
1102 4190 1340 4274 forma,
1390 4190 1567 4257 brevi
1612 4195 1785 4257 enim
1833 4194 2040 4259 vocali
2085 4220 2114 4260 ε
2162 4218 2275 4282 pro
2321 4222 2354 4271 η
2407 4206 2572 4263 esset

187 4293 472 4363 formata.
520 4295 933 4362 Subiunctivi
984 4295 1271 4363 vocalem
1317 4299 1387 4362 in
1432 4298 1515 4363 iis
1562 4300 2009 4367 tantummodo
2053 4305 2303 4368 aoristis
2348 4324 2572 4370 secun-
