3150 5000
521 234 610 305 92
937 238 946 255 “
1511 262 1930 316 moeremus,

520 424 709 491 ἐδόκει
773 422 872 491 ἐπὶ
937 407 1062 499 τοῖς
1129 428 1424 506 μέλλουσι
1487 432 1851 508 γενήσεσθαι
1918 438 2299 508 σημῆναι.
2383 428 2560 504 Quae
2624 435 2719 495 est
2779 429 2909 493 ista

521 536 818 599 orationis
873 533 1238 601 scabritiesl
1313 541 1636 614 Ψεύσομαι
1689 537 1721 613 ἢ
1770 539 1991 615 ἔτυμον
2038 536 2215 617 ἐρέως
2280 536 2747 603 emendandum
2814 544 2911 600 est

520 636 966 715 ξυμβῆναι.
1017 641 1216 707 Plane
1263 646 1649 709 contrarium
1698 647 1935 710 vitium
1982 648 2048 709 in
2097 645 2333 711 vicinia
2378 650 2474 709 est
2518 640 2601 708 ΙΙ.
2658 640 2769 708 17:
2798 641 2907 705 καὶ

518 768 619 823 μοι
667 746 830 811 δοκεῖ
873 747 940 811 τὸ
989 758 1278 825 μαντεῖον
1325 751 1668 815 τούναντίον
1716 748 2139 829 ξυμβῆναι
2185 750 2219 826 ἢ
2260 748 2725 830 προσεδέχοντο,
2754 768 2909 813 nam

520 851 626 917 hic
674 854 857 918 unice
903 860 1258 931 σημῆναι
1309 854 1623 941 intelligo.
1673 855 1831 922 Vide
1872 858 2135 923 verbum
2180 854 2494 934 ξυμβῆναι
2536 861 2705 921 recte
2729 876 2911 919 usur-

519 969 742 1045 patum
809 959 923 1025 111.
991 958 1077 1025 89
1141 955 1218 1025 et'
1265 960 1464 1027 altera
1524 962 1884 1029 emendatio
1950 963 2217 1029 alteram
2284 960 2634 1029 confirmat.
2728 958 2913 1040 Quod

520 1072 736 1132 autem
800 1066 1264 1133 Herwerdenus
1325 1088 1476 1133 mox
1540 1068 1992 1135 κεκωλύσεσθαι
2056 1070 2260 1135 edidit
2320 1090 2433 1154 pro
2489 1068 2873 1134 aestuaveram
2896 1112 2911 1142 ‚

521 1172 674 1239 facit
740 1178 812 1237 ut
860 1174 1150 1239 dubitem
1198 1174 1514 1258 quomodo
1555 1176 1711 1241 haec
1761 1176 1953 1244 verba
2000 1174 2439 1242 constituenda
2484 1176 2649 1251 sint,
2698 1171 2913 1238 simil-

521 1276 721 1343 limus
769 1278 944 1344 locus
993 1280 1103 1363 qui
1149 1277 1391 1367 legitur
1437 1278 1543 1345 IV.
1600 1281 1703 1345 14.

617 1495 968 1563 Undecimo
1015 1500 1221 1583 capite
1268 1499 1462 1565 huius
1511 1498 1774 1565 secundi
1821 1498 1973 1565 libri
2019 1500 2398 1565 describitur
2420 1497 2795 1564 Archidami
2832 1495 2917 1563 ad

526 1602 873 1688 praefectos
919 1604 1314 1691 adhortatio,
1377 1607 1442 1671 in
1491 1627 1614 1690 qua
1662 1606 1969 1691 quaedam
2018 1613 2168 1672 sunt
2214 1626 2336 1671 non
2385 1606 2462 1671 ab
2512 1605 2691 1670 omni
2735 1610 2917 1690 parte

529 1707 852 1794 expedita,
901 1710 1010 1775 sed
1057 1710 1244 1777 facile
1291 1719 1386 1777 est
1434 1733 1794 1801 expungere
1848 1714 1961 1796 §2
2012 1721 2121 1787 τῆς
2173 1712 2345 1790 δόξης
2393 1710 2562 1797 quod
2602 1709 2917 1791 abundat,

531 1820 596 1880 et
659 1814 848 1899 paulo
910 1824 1053 1901 post
1103 1839 1228 1883 non
1274 1820 1603 1895 ferendum
1653 1820 1957 1885 arbitror:
2007 1818 2210 1892 ἄδηλα
2262 1822 2385 1898 γὰρ
2435 1817 2519 1882 τὰ
2567 1822 2684 1881 τῶν
2734 1814 2917 1880 πολέ-

529 1945 658 1998 μων
707 1921 814 1986 καὶ
866 1920 935 1998 ἐξ
981 1924 1192 2002 ὀλίγου
1240 1926 1325 1989 τὰ
1373 1926 1585 1991 πολλοὶ
1633 1926 1737 1990 καὶ
1788 1926 1864 1991 δι’
1912 1927 2151 2005 ὀργῆς
2199 1926 2266 1990 αἱ
2314 1926 2722 2004 ἐπιχειρήσεις
2764 1922 2916 1999 γίγ-

532 2050 750 2091 νονται.
816 2027 1000 2093 Nihil
1044 2032 1110 2093 in
1161 2030 1328 2096 bello
1374 2030 1702 2118 negligere
1750 2032 1903 2097 licet
1948 2037 2011 2097 et
2058 2050 2411 2115 numquam
2459 2030 2613 2095 satis
2652 2036 2917 2093 cautum

533 2142 661 2200 est:
728 2134 880 2219 quid
945 2138 1172 2202 attinet
1225 2138 1294 2201 in
1343 2137 1458 2202 tali
1503 2145 1884 2225 argumento
1932 2138 2173 2213 dicere,
2222 2156 2355 2202 esse
2402 2138 2597 2201 etiam
2642 2135 2776 2197 irae
2818 2132 2917 2197 lo-

531 2262 680 2306 cum
727 2243 796 2305 in
844 2262 1038 2306 manu
1085 2242 1460 2309 conserenda
1505 2244 1612 2309 vel
1658 2245 2246 2331 leidemekafllicher
2294 2244 2651 2328 Aufrequny
2670 2286 2687 2319 ,
2726 2238 2919 2305 sicuti

535 2345 895 2415 Classenius
940 2346 1246 2433 loquitur.
1310 2347 1383 2413 In
1433 2348 1599 2415 bello
1647 2352 1863 2415 omnia
1910 2356 2059 2415 sunt
2104 2348 2312 2421 ἄδηλα
2360 2366 2667 2435 saepeque
2714 2346 2917 2410 hostis

530 2456 848 2540 impetum
897 2453 1050 2520 facit
1099 2452 1165 2529 ἐξ
1219 2456 1430 2533 ὀλίγου
1481 2456 1586 2520 καὶ
1634 2456 1711 2520 δι’
1758 2458 2037 2536 ὀργῆς·
2100 2476 2224 2522 non
2272 2454 2390 2521 hoc
2438 2458 2916 2540 exspectamus,

531 2559 643 2624 sed
704 2567 985 2624 nocturno
1052 2565 1336 2647 tempore
1395 2561 1753 2647 periculum
1814 2561 1920 2628 vel
1984 2565 2346 2628 maximum
2408 2581 2563 2626 esse.
2636 2558 2805 2639 Quid
2866 2559 2921 2621 si

534 2663 940 2751 Thucydides
985 2668 1240 2752 scripsit
1285 2666 1358 2732 δι’
1394 2666 1589 2749 ὅρφν
1614 2665 1740 2743 nc?
1787 2667 1935 2745 Est,
1982 2669 2217 2744 fateor,
2266 2669 2588 2752 poeticum
2637 2664 2917 2730 vocabu-

532 2769 670 2836 lum
694 2817 712 2848 ,
761 2792 885 2856 quo
935 2779 1145 2838 tamen
1191 2775 1390 2839 etiam
1435 2773 1787 2861 Xenophon
1832 2795 1986 2840 usus
2032 2779 2130 2839 est
2174 2779 2240 2839 et
2287 2792 2479 2858 quam
2522 2770 2727 2837 multa
2766 2776 2918 2836 sunt

533 2877 702 2963 apud
749 2875 1189 2964 Thucydidem
1235 2877 1422 2966 plane
1469 2880 1841 2968 singularia.

629 3094 1018 3162 Duodecimn
1065 3099 1304 3184 capite:
1355 3097 1626 3163 ἐκέλευον
1656 3135 1741 3147 --
1767 3098 2302 3177 ἀναχωρήσαντας
2332 3132 2412 3142 -
2441 3093 2917 3175 πρεσβεύεσθαι,

535 3205 604 3268 in
652 3205 964 3268 sententia
1010 3202 1200 3287 paulo
1237 3202 1520 3291 longiore
1561 3207 1673 3270 vix
1720 3203 2098 3268 adverbium
2135 3203 2369 3287 poterit
2411 3202 2655 3267 abesse:
2682 3197 2921 3286 (οὕτω)

539 3309 1008 3389 πρεσβεύεσθαι.
1079 3307 1200 3374 Sed
1265 3309 1471 3376 multo
1530 3312 1797 3397 gravius
1858 3314 1987 3386 est,
2054 3308 2221 3392 quod
2269 3310 2335 3372 in
2384 3314 2668 3373 extremo
2716 3308 2922 3393 capite

534 3418 671 3503 ipse
719 3416 842 3480 sibi
887 3417 1156 3500 scriptor
1199 3415 1608 3480 contradicit:
1674 3414 1910 3479 Βοιωτοὶ
1978 3414 2041 3478 δὲ
2102 3411 2280 3493 μέρος
2345 3415 2459 3488 μὲν
2506 3415 2575 3478 τὸ
2624 3413 2921 3492 σφέτερον

537 3523 670 3587 καὶ
735 3521 920 3592 τοὺς
985 3521 1290 3594 ἱππέας
1353 3523 1723 3602 παρείχοντο
1772 3520 2269 3592 Πελοποννησίοις
2316 3517 2746 3603 &verpa-ream,
2794 3528 2921 3590 τοῖς

537 3627 600 3694 δὲ
664 3626 1041 3704 λειπομένοις
1103 3628 1160 3698 ἐς
1227 3627 1562 3694 Πλάταιαν
1616 3628 1889 3699 ἐλθόντες
1939 3631 2049 3700 τὴν
2097 3633 2219 3705 γῆν
2265 3625 2489 3706 ἐδῄουν.
2564 3623 2771 3711 Supra
2815 3626 2923 3691 ha·

537 3736 800 3800 buimus
847 3733 1114 3800 Boeotos
1160 3741 1407 3820 praeter
1451 3737 1812 3819 equitatum
1859 3731 2024 3798 nihil
2070 3735 2136 3798 in
2176 3752 2517 3798 commune
2550 3731 2921 3808 contulisse,

541 3840 764 3906 deinde
825 3860 961 3925 cap.
1030 3839 1112 3904 10
1175 3846 1603 3906 convenerunt
1662 3839 1741 3906 ad
1790 3839 2111 3904 Isthmum
2158 3839 2243 3902 τὰ
2291 3837 2393 3903 δύο
2442 3837 2593 3916 μέρη
2644 3838 2770 3902 ἀπὸ
2818 3837 2924 3901 τό·

539 3961 690 4019 λεως
757 3945 983 4020 {ndens
1043 3949 1260 4031 itaque
1307 3949 1595 4031 sequitur
1640 3945 1919 4011 insiticia
1964 3966 2097 4010 esse
2147 3945 2339 4011 verba
2385 3944 2521 4008 καὶ
2571 3944 2756 4017 τοὺς
2804 3946 2924 4010 ἱπ-

541 4053 768 4125 πέας.
840 4048 1062 4136 Capite
1106 4051 1188 4116 11.
1242 4051 1324 4114 13
1383 4054 1667 4137 primum
1714 4049 2033 4138 significat
2078 4047 2357 4116 Pericles
2402 4071 2468 4116 se
2516 4055 2803 4116 metuere
2846 4069 2925 4114 ne

540 4159 966 4226 Archidamus
1040 4158 1222 4230 αὐτὸς
1291 4156 1415 4241 ἰδία
1473 4155 1846 4235 βουλόμενος
1917 4155 2417 4238 χαρίζεσθαι
2489 4157 2630 4227 τοὺς
2699 4157 2919 4236 ἀγροὺς

542 4269 735 4333 αὐτοῦ
785 4265 1146 4345 παραλίπῃ,
1189 4265 1302 4328 ubi
1339 4264 1577 4330 excidit
1618 4281 1960 4346 pronomen
1985 4261 2495 4343 χαρίζεσθαί
2518 4262 2575 4348 (ο
2590 4262 2662 4348 1).
2688 4261 2923 4328 Deinde

541 4376 829 4458 sequitur
897 4371 1088 4457 paulo
1167 4371 1416 4457 longior
1491 4371 1838 4447 sententia,
1903 4389 2065 4453 quae
2127 4369 2357 4454 pendet
2420 4367 2499 4434 ab
2559 4367 2924 4454 imperfecto
