3150 5000
535 243 669 310 352
1562 261 1888 312 nomos.

532 431 653 513 sit,
725 430 793 493 in
862 449 1237 512 quacunque
1306 431 1513 512 operis
1576 427 1916 511 Homerici*
1970 433 2150 514 parte
2211 431 2562 492 occurrant.
2631 425 2802 490 Nam
2841 443 2914 487 ne

531 536 897 620 posterioris
934 534 1195 618 quidem
1236 537 1378 600 aevi
1421 535 1904 622 interpolatores
1923 584 1940 612 ,
1983 573 2066 583 —
2105 555 2188 601 ne
2227 531 2625 622 „Cynaethi”
2665 529 2914 616 quidem

530 641 630 706 illi
692 639 801 706 vel
854 661 1257 726 quocumque
1302 643 1562 707 nomine
1607 643 1892 730 gaudent
1939 679 2022 690 —
2073 641 2454 707 adamabant
2499 641 2740 704 formas
2783 657 2918 702 con-

531 753 796 824 tractas3
868 745 1155 811 vidimus
1217 749 1388 814 enim
1450 748 1687 814 formas
1747 747 1894 814 illas
1957 749 2021 814 et
2087 750 2446 813 rarissimas
2507 767 2643 810 esse
2703 745 2772 809 et
2813 764 2916 828 per

531 859 743 920 totum
790 873 1018 938 corpus
1064 853 1557 920 Homericorum
1607 858 1973 920 carminum
2020 857 2176 919 satis
2223 851 2646 939 aequabiliter
2691 850 2918 935 disper·

530 981 631 1026 sas
648 1006 664 1036 ,
726 979 853 1024 non
901 979 1050 1024 vero
1098 961 1167 1024 in
1214 961 1670 1025 recentioribus
1718 962 2006 1045 partibus
2052 961 2507 1045 frequentiores
2551 977 2688 1022 esse
2735 975 2917 1040 quam

528 1069 597 1131 in
646 1067 1134 1150 antiquissimis,
1194 1064 1358 1144 Quin
1406 1067 1601 1130 etiam
1642 1066 1721 1131 ab
1757 1066 2042 1152 Hymnis
2065 1065 2362 1150 exulant3
2387 1063 2568 1130 nulla
2590 1066 2658 1127 in
2683 1063 2920 1148 hymno

528 1171 881 1257 Apollinis,
954 1192 1143 1256 quem
1208 1177 1427 1236 tamen
1488 1175 1765 1258 septimo
1828 1172 2089 1238 demum
2161 1169 2411 1236 saeculo
2472 1171 2554 1234 sb
2615 1172 2758 1255 ipso
2813 1167 2921 1232 illo

530 1275 864 1364 Cynaetho
912 1280 1224 1362 scriptum
1270 1298 1404 1343 esse
1452 1277 1844 1344 contendunt
1891 1277 2346 1362 (adstipulante
2390 1296 2594 1360 nuper
2639 1274 2889 1358 Fickio)
2907 1320 2922 1349 ‚

527 1382 773 1471 legitur
844 1383 1052 1448 forma
1114 1385 1184 1447 in
1252 1408 1324 1464 -y
1386 1383 1493 1450 vel
1554 1410 1632 1448 -ω
1684 1384 2008 1462 desinen8‚
2057 1383 2168 1449 sed
2215 1383 2608 1461 ἐπιτέρπεαι,
2659 1381 2922 1460 μήσεαι,

530 1489 780 1568 ἔσσεαι,
824 1489 1083 1568 ἔβήσεο,
1138 1492 1449 1570 κιχήσαο,
1494 1491 1755 1572 ἀφίκεο,
1796 1488 2076 1568 βάλλεο,
2126 1490 2298 1554 mio?
2350 1489 2628 1574 (πύθευ);
2666 1508 2785 1552 nec
2824 1505 2928 1570 per

530 1604 789 1664 cunctos
828 1597 1105 1684 hymnos
1152 1597 1367 1681 plures
1408 1596 1644 1662 offendi
1682 1598 1920 1662 formas
1961 1602 2312 1662 contractas
2331 1616 2526 1681 quam
2552 1593 2743 1658 hasce
2771 1600 2924 1657 tres:

529 1704 781 1791 Hymn.
812 1702 886 1768 M
892 1723 1012 1768 erc.
1056 1704 1141 1766 34
1183 1702 1335 1766 ἀλλ’
1360 1700 1499 1766 οἴσω
1543 1705 1601 1767 σ“
1645 1703 1703 1774 ἐς
1741 1704 1919 1780 δῶμα
1943 1701 2160 1780 λαβών
2180 1724 2193 1735 ·
2223 1699 2450 1780 ὄφελός
2476 1725 2537 1765 τι
2565 1723 2668 1776 μοι
2697 1696 2925 1787 ἔσσεαι.

850 1802 852 1804 ’
1011 1807 1141 1873 405
1184 1815 1310 1879 πῶς
1360 1807 1639 1887 ἐδύνω,
1695 1807 2020 1887 δολόμητι,
2072 1807 2189 1872 δύω
2237 1806 2350 1886 βόε
2391 1807 2839 1884 δειροτομῆσαι.

742 1915 959 1982 Oerer.
1010 1913 1141 1980 398
1182 1917 1234 1980 εἱ
1275 1914 1331 1980 δ’
1368 1916 1676 1993 ε’ποὶσω,
1715 1916 1908 1980 πάλιν
1929 1913 2105 1985 αὖτις
2131 1917 2281 1978 ἱοῦσ’
2307 1914 2422 1978 ὑπὸ
2448 1913 2688 1978 κεύθεσι
2715 1913 2923 1991 γαίης.

526 2023 787 2106 Itaque,
836 2027 909 2085 ut
957 2022 1075 2086 hoc
1121 2027 1286 2096 utar,
1336 2021 1608 2087 formam
1653 2029 1833 2104 πειρᾷ
1875 2023 1942 2086 in
1988 2019 2214 2085 Iliadis
2253 2021 2432 2084 exitu
2470 2017 2678 2084 nihilo
2717 2019 2926 2104 magis

528 2130 848 2194 ferendam
914 2149 1135 2198 censeo
1187 2148 1379 2212 quam
1426 2131 1481 2192 si
1528 2131 1598 2192 in
1652 2127 1926 2194 Achillis
1988 2127 2631 2214 Agamemnonisque
2697 2125 2924 2211 iurgiis

526 2237 883 2324 legeretur3
944 2254 1149 2319 neque
1212 2232 1396 2313 ἴσχεο
1459 2259 1501 2296 ω
1552 2233 1686 2298 323
1733 2233 1874 2299 ideo
1921 2236 2211 2298 excusari
2254 2253 2434 2318 posse
2483 2231 2670 2297 credo
2693 2281 2711 2315 ,
2761 2226 2922 2315 quod
3028 2309 3034 2321 1

524 2344 691 2406 inter
750 2341 1219 2405 recentissimas
1274 2338 1598 2426 Odysseae
1645 2346 1856 2425 partes
1901 2339 2198 2406 videatur
2244 2337 2644 2404 referendum
2693 2301 2922 2484 Ulixis
2991 2385 3026 2405 ,.

526 2467 673 2513 cum
724 2451 903 2532 patre
948 2443 1363 2531 colloquium.

615 2552 949 2618 Immerito
992 2557 1209 2617 autem
1248 2572 1287 2617 a
1334 2552 1689 2619 Duentzero
1736 2554 2024 2641 (Fragm.
2075 2552 2190 2638 Ep.
2233 2574 2296 2637 p.
2325 2551 2441 2637 29)
2480 2551 2770 2617 Homero
2795 2551 2922 2616 vin·

526 2659 723 2724 dicari
784 2659 1231 2724 hexametrum
1298 2679 1691 2744 anonymum
1757 2680 1948 2744 quem
2013 2659 2378 2724 Athenaeus
2443 2658 2561 2723 VII
2623 2679 2686 2742 p.
2756 2656 2922 2725 3170

526 2764 740 2850 affert,
785 2764 990 2831 forma
1035 2768 1407 2850 imperativi
1457 2769 1523 2830 in
1574 2790 1668 2830 -ov
1717 2766 1976 2850 probat:

934 2879 1125 2937 τοῖσιν
1174 2870 1565 2955 ἐφαρμόζου,
1615 2866 1690 2936 ὧν
1738 2871 1816 2935 ἂν
1863 2871 1964 2934 τὸν
2013 2870 2201 2947 δῆμον
2250 2868 2416 2945 ἵκηαι
2445 2869 2497 2957 1)

524 2978 709 3055 Quod
746 2998 896 3044 vero
938 2978 1303 3042 Demodocus
1338 2979 1444 3063 (fr.
1496 2977 1561 3061 6)
1617 2979 1820 3044 forma
1868 2975 2116 3056 δικάζευ
2165 2981 2391 3054 utitur,
2437 2990 2501 3042 et
2542 2976 2920 3063 Phocylides

523 3085 601 3148 fr.
652 3084 715 3161 3,
757 3082 799 3149 8
841 3085 1046 3149 forma
1088 3082 1311 3163 εὔχου,
1355 3083 1472 3149 hoc
1511 3105 1639 3149 non
1678 3084 1958 3169 amplius
1997 3084 2078 3149 ad
2115 3094 2399 3149 nostram
2425 3082 2920 3167 disputationem

526 3195 837 3278 pertinere
899 3191 1174 3265 videtur,
1242 3190 1577 3281 multoque
1640 3191 1838 3256 etiam
1899 3193 2115 3255 minus
2178 3193 2246 3253 in
2291 3188 2919 3276 Pseudo-PhocyIide

525 3296 863 3377 παράσχου
928 3318 1024 3361 vs.
1075 3294 1185 3374 23,
1256 3294 1367 3379 29,
1430 3296 1820 3378 ἀμφιβαλοῦ
1872 3295 1978 3375 31,
2028 3297 2286 3377 λωβήσψ
2339 3293 2450 3379 38,
2496 3295 2770 3371 ἀμείβου
2819 3291 2918 3367 49,

525 3408 755 3483 γαυροῦ
810 3401 915 3487 53,
965 3402 1199 3481 τρύχου
1253 3402 1363 3485 55,
1412 3404 1680 3484 χαλίνου
1731 3400 1839 3486 57,
1887 3408 2081 3479 μιμοῦ
2141 3401 2248 3477 77,
2296 3400 2432 3480 ὄψει
2483 3401 2592 3479 79,
2641 3401 2790 3483 γένῃ
2836 3396 2916 3463 83

524 3515 644 3574 etc.
710 3508 897 3574 Hanc
962 3515 1179 3574 tamen
1244 3508 1596 3574 utilitatem
1661 3508 1841 3575 affert
1901 3509 2254 3575 formarum
2317 3515 2788 3574 contractarum
2856 3508 2914 3569 in

528 3617 811 3680 carmine
855 3613 1406 3701 pseudepigrapho
1454 3615 1710 3679 ubertas
1731 3662 1747 3692 ‚
1794 3614 1960 3699 quod
2010 3612 2179 3680 claro
2224 3613 2372 3679 inde
2421 3619 2681 3699 apparet
2729 3632 2914 3697 quan-

525 3726 665 3785 tum
727 3720 920 3785 distet
968 3718 1201 3785 ficticia
1247 3720 1471 3807 lingua
1518 3721 1598 3784 ab
1646 3722 2052 3805 antiquorum
2100 3726 2432 3805 poetarum
2481 3738 2782 3783 sermone·
2815 3737 2910 3781 na·

525 3830 661 3892 tivo
678 3847 695 3905 ;
747 3825 961 3911 plures
1006 3826 1178 3890 enim
1227 3828 1395 3890 intra
1441 3845 1672 3911 paucos
1719 3847 1939 3891 versus
1986 3824 2365 3891 offendimus
2407 3825 2645 3889 formas
2683 3826 2752 3888 in
2797 3846 2910 3897 -ου,

525 3959 594 4018 -ῃ
659 3940 775 3999 etc.
844 3938 1178 4009 exeuntes,
1244 3953 1437 4017 quam
1500 3954 1578 3998 ex
1629 3935 1876 3999 cunctis
1919 3932 2187 3998 Homeri
2239 3934 2628 3998 carminibus
2675 3929 2909 3997 corradi

525 4044 835 4127 poterant.
902 4038 986 4103 Et
1046 4044 1258 4104 tamen
1322 4038 1595 4109 Homeri
1655 4039 1950 4128 linguam
2005 4039 2129 4105 sibi
2175 4038 2351 4124 loqui
2397 4038 2737 4103 videbatur
2781 4054 2907 4103 sero

594 4306 651 4371 1)
703 4304 762 4356 Si
813 4308 945 4355 certo
986 4303 1214 4353 sciremus
1256 4303 1509 4369 antiquum
1554 4320 1678 4364 eme,
1727 4299 2065 4369 ἔφαρμόζεσθ’
2111 4304 2356 4354 videretur
2401 4303 2758 4369 corrigendum;
2793 4314 2904 4351 nune

526 4390 740 4455 praestat
773 4386 1057 4437 abstinuisse
1090 4400 1273 4435 manua.
