3150 5000
1240 277 1584 326 runnu.
2475 255 2606 324 369

213 445 433 508 autem
475 445 899 528 spectantium
947 449 1199 530 pectora
1246 463 1459 510 amore
1505 442 1836 511 incendere
1887 445 2143 530 egregie
2190 443 2356 508 dixit
2379 447 2602 530 poeta.

302 549 462 615 Post
523 549 877 637 longiorem
926 551 1384 639 digressionem
1428 551 1614 616 redeo
1659 551 1738 616 ad
1786 547 2224 616 emsa-onom
2267 557 2600 614 statuarum

210 656 698 740 ᾱωσνίριὶοιιοηι,
745 659 814 722 in
860 678 985 742 qua
1034 678 1138 722 me
1186 656 1463 722 advertit
1508 678 1602 724 vs.
1655 653 1789 722 230

767 763 891 828 εἴτε
938 763 1156 829 Μίλων
1208 769 1555 837 Σικελῆς
1605 760 1803 841 ἔρυμα
1847 759 2080 842 χθονός.

209 869 321 936 ubi
372 890 497 935 non
543 891 649 936 me
694 873 975 957 primum
1028 872 1246 936 mirari
1288 873 1572 955 suspicor
1624 875 2016 953 poetastrum
2065 871 2154 934 sic
2201 869 2447 936 dedisse
2487 891 2598 956 pro

206 987 583 1054 Ἰταλῆς,
656 977 823 1064 quod
885 979 1137 1044 numeri
1198 977 1675 1063 permittebant.
1741 973 1836 1040 Cf.
1901 975 1984 1043 A.
2051 975 2125 1040 P.
2191 975 2310 1040 VII
2360 976 2486 1042 741
2540 987 2604 1043 et

209 1083 397 1150 Plan.
463 1082 663 1170 (XVI)
726 1082 880 1160 235,
944 1083 1022 1161 2;
1086 1081 1241 1167 290,
1284 1081 1349 1150 2.
1398 1079 1470 1148 Si
1518 1102 1736 1148 revera
1783 1083 1878 1147 ita
1921 1081 2207 1168 scripsit,
2257 1087 2370 1148 aut
2415 1085 2602 1171 igno-

206 1191 395 1255 rabat
442 1189 756 1259 Milonem
800 1187 1235 1256 Crotoniatem
1281 1189 1387 1254 vel
1436 1187 1772 1254 Crotonem
1823 1187 2046 1254 Italiae
2094 1188 2315 1255 urbem
2365 1189 2598 1275 fuisse,

208 1295 383 1382 quod
444 1317 670 1381 parum
735 1295 1063 1382 probabile
1084 1345 1102 1380 ‚
1164 1302 1276 1362 aut
1323 1295 1644 1361 doctrinae
1689 1294 1966 1379 speciem
2011 1295 2308 1361 exhibere
2355 1297 2599 1376 voluit,

209 1424 361 1468 cum
414 1403 759 1488 accepisset
798 1401 1115 1488 quondam
1154 1400 1435 1477 Siculos,
1482 1404 1855 1487 priusquam
1881 1400 2158 1466 insulam
2187 1409 2598 1488 occuparent,

207 1508 604 1574 habitavisse
672 1508 927 1574 Italiam
948 1556 963 1586 ,
1038 1529 1199 1594 quae
1267 1509 1481 1593 opinio
1548 1527 1754 1592 neque
1823 1509 1960 1592 ipsa
2021 1507 2368 1574 admodum
2433 1508 2597 1573 mihi

207 1615 443 1701 placet.
492 1615 654 1680 Rem
704 1635 825 1680 non
879 1614 1165 1698 expedio.

301 1721 470 1786 Vitii
508 1723 831 1786 immunes
876 1741 1011 1786 esse
1059 1720 1359 1786 videntur
1405 1740 1497 1786 vs.
1548 1717 1701 1797 288,
1754 1719 1866 1784 ubi
1905 1721 1996 1784 sio
2037 1721 2261 1785 scribit
2299 1719 2377 1785 de
2417 1721 2600 1808 signo

212 1826 504 1894 Veneris:

490 1933 594 1998 καὶ
642 1934 933 2015 τριτάτην
977 1933 1283 2011 θαμβησα
1330 1934 1525 2000 πάλιν
1569 1939 1806 2015 χρυσῆν
1855 1932 2225 2014 Ἀφροδίτην

489 2039 683 2121 <piper
728 2042 952 2107 κόλπον
998 2039 1267 2121 ἔχουσαν
1317 2041 1588 2105 ἐπίσκιον
1614 2063 1629 2079 ·
1677 2040 1852 2119 ἀμφὶ
1903 2039 1965 2104 δὲ
2011 2039 2232 2121 μαζοῖς

490 2148 703 2220 κεστὸς
750 2145 884 2225 ἕλιξ
930 2147 1335 2227 κεχάλαστο.
1386 2147 1577 2228 καρὶς
1627 2146 1678 2211 δ’
1730 2147 2158 2225 ἐνενήχετο
2211 2149 2408 2227 κεστῷ

214 2255 381 2319 miro
429 2273 578 2320 sane
629 2243 804 2320 verbi
852 2255 1213 2332 ἐννήχεσθαι
1256 2274 1413 2330 usu,
1458 2255 1550 2317 sic
1591 2253 1720 2318 fere
1755 2229 2027 2318 adhibiti
2069 2260 2146 2316 ut
2183 2251 2602 2319 Homericum

216 2360 552 2434 ἐπενήνοθε.
598 2361 943 2448 Eleganter
987 2357 1253 2426 Grotius
1295 2364 1399 2437 „in
1438 2381 1696 2426 summo
1737 2361 1964 2446 diffusa
2006 2367 2092 2424 est
2131 2361 2342 2448 gratia
2377 2359 2606 2425 cesto.''

214 2465 569 2554 Improprie
632 2470 827 2533 etiam
896 2465 1270 2532 Theocritus
1316 2465 1578 2543 XXIII,
1632 2465 1712 2530 61
1765 2467 1956 2533 verbo
2003 2467 2404 2547 ἐπινήχεσθαι
2453 2487 2606 2532 usus

215 2581 347 2658 est,
397 2575 508 2640 sed
552 2575 647 2639 ita
684 2580 757 2639 ut
795 2574 1101 2659 imaginis
1132 2592 1319 2637 causa
1344 2571 1575 2638 melius
1601 2579 1933 2657 appareat:
1975 2577 2147 2649 νᾶμα
2173 2573 2227 2635 δ’
2252 2574 2603 2654 ἕφοινίχθη·

218 2680 434 2751 παιδὸς
482 2682 700 2766 (occisi
745 2685 813 2746 in
860 2679 1083 2745 balneo
1132 2676 1465 2764 Cupidinis
1504 2676 1876 2763 simulacro)
1919 2678 1968 2742 δ’
2016 2678 2364 2759 ἐπενοὶχετο
2401 2681 2602 2759 φωναὶ.
2711 2761 2718 2769 ⁸

216 2785 707 2854 Perversissimo
768 2806 916 2851 vero
980 2805 1100 2849 usu
1150 2784 1323 2849 idem
1373 2782 1821 2851 christodorus
1865 2805 2207 2850 numerum
2253 2785 2605 2851 ordinalem

215 2912 325 2976 pro
372 2891 677 2959 cardinali
724 2894 935 2977 posuit
984 2912 1076 2956 vs.
1127 2888 1258 2955 380
1304 2891 1582 2955 scribens
1633 2890 1709 2955 de
1753 2888 2112 2956 Herodoto:

488 2996 797 3075 Ἡρόδοτος
846 2996 1189 3075 πολύιδρις,
1240 2989 1301 3069 ὃς
1354 2997 1638 3075 ὠγυγίαν
1687 2997 1846 3083 κλέα
1895 3002 2136 3075 Φωτῶν,

486 3102 641 3171 ὅσσα
691 3129 804 3184 περ
850 3106 1104 3184 ἠπείρων
1152 3105 1303 3175 δυὰς
1353 3104 1625 3187 ἤγαγεν,
1673 3090 1832 3168 ὅσσα
1882 3127 1993 3184 περ
2045 3102 2191 3168 αἰὼν

489 3210 736 3291 ἔδρακεν
784 3210 1085 3294 ἑρπύζων,
1135 3211 1471 3283 ἐνάταις
1521 3211 1860 3284 ὦνεθήκατο
1909 3210 2213 3283 Μούσαις.

216 3320 335 3381 nisi
401 3318 564 3383 forte
624 3325 927 3403 putamus
992 3321 1246 3385 subesse
1291 3318 1540 3383 librarii
1588 3336 1858 3381 errorem
1911 3318 2385 3395 confundentis,
2435 3319 2604 3403 quod

218 3427 580 3509 saepissime
644 3425 920 3503 factum,
987 3424 1234 3491 litteras
1296 3450 1325 3487 ν
1375 3430 1439 3488 et
1486 3447 1552 3507 ρ,
1603 3430 1668 3488 et
1709 3430 2102 3507 poetastrum
2147 3424 2393 3489 dedisse
2441 3425 2604 3503 ε’ρα-

217 3539 425 3604 ταῖς.
494 3530 619 3597 Sed
665 3532 929 3597 fortasse
970 3531 1081 3597 alii
1129 3534 1198 3596 in
1244 3532 1608 3614 aequiorum
1658 3535 1988 3615 poetarum
2037 3531 2426 3595 carminibus
2473 3551 2604 3595 ma-

216 3636 317 3721 gis
362 3640 600 3703 versati
646 3636 833 3723 plura
876 3638 1071 3703 huius
1118 3634 1356 3704 abusus
1402 3634 1696 3721 exempla
1744 3637 2131 3702 excitabunt.
2180 3636 2388 3716 Quare
2434 3635 2600 3701 nihil

220 3738 478 3810 affirmo.

1212 3929 1439 3997 Garum·
1485 3929 1600 3997 111.

310 4116 423 4205 Ep.
474 4118 537 4197 5,
589 4119 620 4182 1
674 4118 1062 4199 Κρεσφόντου
1107 4117 1361 4196 γενέτην
1402 4116 1637 4197 πέφνες
1683 4122 1752 4184 τὸ
1797 4116 2021 4198 πάρος,
2073 4120 2484 4201 Πολυφόντα,

781 4225 1065 4306 κουριδίης
1113 4224 1355 4305 α’λόχου
1399 4226 1630 4305 λέκτρα
1681 4225 1921 4290 θέλων
1967 4226 2281 4304 μιάναι.

229 4334 497 4403 „Audaci
550 4332 787 4420 systole
832 4332 1087 4409 moira?
1134 4335 1228 4398 ait
1273 4332 1596 4399 Iacobsius
1646 4335 1755 4411 „in
1793 4354 2015 4399 versus
2055 4336 2332 4421 gratiam
2375 4332 2600 4400 faota.’'
