3150 5000
555 277 687 344 102
1527 292 1952 345 morumne.

554 464 836 550 pretium
885 460 1208 528 interdum
1257 458 1704 527 confirmatum
1754 462 2077 547 invenire,
2124 461 2292 547 quod
2338 483 2451 550 per
2496 483 2563 528 se
2606 464 2739 529 iam
2788 464 2932 528 satis

553 568 903 636 verisimile
963 588 1095 634 esse
1156 567 1498 634 videretur.
1572 566 1790 633 Veluti
1842 568 1927 633 II.
1982 566 2070 633 94
2118 589 2311 637 naves
2357 576 2797 636 memorantur
2840 569 2931 635 διὰ

552 675 773 759 χρόνου
823 675 1332 741 καθελκυσθεῒσαι
1381 672 1486 740 καὶ
1535 674 1759 740 οὐδὲν
1803 674 2138 755 ςέγουσαι,
2201 676 2370 762 quod
2414 678 2689 741 nimium
2738 683 2836 742 eet
2877 682 2933 742 et

553 808 582 849 o
602 783 732 848 ὔδὲ
794 781 1086 859 einum
1152 780 1324 849 haud
1371 802 1499 847 una
1543 782 1623 847 de
1669 801 1861 847 causa
1906 786 2207 868 praestat.
2276 782 2455 848 Idem
2501 785 2699 849 etiam
2744 780 2932 848 Scho-

550 890 739 956 liasta
783 888 980 977 legit,
1029 890 1212 955 cuius
1259 894 1508 955 servata
1555 894 1653 955 est
1698 888 2069 975 explicatio:
2118 887 2267 970 ὕδωρ
2315 887 2609 963 δηλονότι.
2659 888 2931 975 odrysa-

471 1030 478 1041 ·
550 1020 694 1079 rum
757 999 824 1063 in
889 998 1204 1063 aerarium
1270 996 1498 1062 tributi
1546 998 1805 1061 nomine
1853 998 2190 1081 quotannis
2233 996 2671 1063 conferebatur
2716 1019 2932 1076 τετρα-

551 1106 761 1170 κοσίων
818 1101 1144 1169 ταλάντων
1191 1102 1476 1181 ἀργυρίου
1522 1102 1775 1180 adme-oz
1820 1100 2111 1180 δύναμις,
2158 1096 2203 1167 ἃ
2248 1103 2476 1185 χρυσὸς
2524 1102 2630 1169 καὶ
2678 1100 2932 1181 ἄργυρος

550 1210 640 1287 εἴη
705 1210 808 1276 καὶ
874 1210 1030 1291 δῶρα
1091 1209 1197 1274 οὐκ
1255 1208 1501 1274 ἐλάσσω
1547 1209 1774 1274 τούτων
1798 1256 1815 1287 ,
1864 1208 1954 1275 II.
2005 1207 2128 1294 9¹73
2177 1210 2285 1276 sed
2334 1210 2502 1296 quod
2548 1208 2935 1295 adscriptum

553 1324 648 1383 est
694 1320 1006 1399 χρυσοῦ
1057 1338 1143 1380 τε
1187 1314 1320 1381 καὶ
1371 1315 1725 1396 ἀργύρου
1772 1335 1977 1381 nonne
2023 1318 2371 1382 necessario
2416 1315 2759 1383 delendum
2808 1311 2937 1381 est?

549 1424 796 1490 Deinde
859 1423 936 1489 de
994 1421 1257 1510 Scythis
1302 1420 1581 1511 legimus
1626 1421 1837 1488 nullos
1880 1421 2184 1489 mortales
2230 1425 2312 1487 iis
2356 1444 2537 1510 parea
2582 1444 2718 1489 esse
2765 1443 2939 1510 posse

552 1528 1076 1609 ὅμογνωμονοῦσιν
1098 1578 1115 1606 ,
1166 1529 1331 1614 quod
1385 1531 1645 1595 omnino
1692 1531 1847 1595 satie
1896 1536 1993 1595 est
2038 1534 2103 1594 et
2143 1527 2464 1595 emblema
2502 1550 2637 1596 esse
2675 1530 2939 1595 arbitror

417 1622 424 1627 ’
554 1637 720 1724 quod
785 1636 1083 1703 adhaeret
1145 1638 1415 1700 πᾶσιν.
1488 1633 1714 1723 Pergit
1775 1640 1991 1701 autem
2040 1638 2343 1722 scriptor:
2392 1638 2457 1701 οὐ
2507 1638 2627 1714 μὴν
2678 1637 2834 1702 οὐδ’
2883 1636 2937 1709 ἐς

450 1756 466 1768 ’
554 1746 664 1821 τὴν
730 1742 933 1819 ἄλλην
994 1742 1327 1822 εὐβουλίαν
1391 1742 1497 1807 καὶ
1556 1741 1793 1818 ξύνεσιν
1840 1743 1976 1823 περὶ
2022 1748 2139 1809 τῶν
2188 1742 2498 1824 παρόντων
2548 1744 2607 1817 ἐς
2656 1745 2763 1809 τὸν
2811 1742 2937 1822 βίον

555 1849 771 1921 ἄλλοις
819 1850 1184 1928 ὄμοιοῦνται.
1234 1849 1490 1938 Exiguo
1539 1872 1689 1916 cum
1734 1849 1948 1915 fructu
1994 1850 2127 1938 legi
2174 1871 2335 1937 quae
2372 1850 2501 1917 huc
2539 1850 2941 1917 contulerunt

553 1960 928 2044 interpretes
991 1958 1070 2023 ad
1132 1956 1461 2024 difficilem
1522 1956 1736 2023 locum
1786 1957 2285 2045 expediendum3
2335 1958 2503 2023 mihi
2548 1964 2719 2024 certe
2767 1960 2941 2023 unice

553 2064 804 2150 placere
847 2066 1094 2149 potuit:
1144 2067 1208 2130 οὐ
1257 2066 1377 2141 μὴν
1427 2060 1562 2130 οἵδ’
1590 2101 1675 2113 -—
1703 2064 1919 2136 ἄλλοις
1970 2064 2338 2142 δμοιοῦνται.
2386 2064 2675 2151 Denique
2721 2066 2793 2131 in
2830 2065 2939 2129 hoc

552 2171 827 2237 secundo
872 2169 1036 2236 libro
1085 2172 1283 2236 miror
1329 2171 1496 2255 quod
1536 2172 1743 2256 capite
1787 2170 1917 2237 102
1943 2170 2259 2238 Oeniadae
2283 2170 2586 2238 dicuntur
2617 2177 2729 2237 τοῦ
2756 2171 2828 2237 'A
2834 2194 2939 2251 χε-

553 2274 707 2358 λῴου
770 2284 886 2341 τῶν
950 2278 1220 2355 ἐκβολῶν
1267 2276 1430 2342 οὐδὲν
1483 2278 1861 2359 ἀπέχουσαι.
1938 2276 2152 2345 Stulte
2194 2279 2313 2345 hoc
2361 2279 2607 2344 dictum
2656 2286 2790 2359 est,
2838 2278 2937 2345 sed

552 2383 800 2449 nullam
848 2385 999 2450 novi
1044 2381 1397 2450 faciliorem
1445 2385 1895 2450 correctionem
1945 2404 2138 2471 qnam
2188 2384 2481 2471 supplere
2528 2385 2585 2471 (ὃ
2603 2386 2683 2450 a!
2698 2408 2747 2464 γ
2769 2408 2797 2451 ο
2814 2412 2843 2450 ν
2880 2385 2936 2469 ἦ)

552 2490 740 2559 οὐδέν.

1461 2647 1485 2730 (
1497 2646 2033 2731 Continuabuntur)
2042 2696 2057 2713 .

736 2829 1378 2911 Amstelodami‚

646 2938 707 3004 d.
759 2936 842 3003 1¹7
891 2957 983 3005 m.
1029 2935 1207 3024 Sept.
1259 2936 1456 3004 1885.
