3150 5000
506 269 551 335 6
905 284 913 292 ·
1486 290 1910 341 morumne.

507 459 653 538 ἀνήρ
718 459 1048 523 omissum.
1118 456 1349 523 Paullo
1410 462 1555 523 ante
1621 457 2026 544 Thucydides
2073 456 2133 523 9.
2181 456 2243 522 9.
2312 457 2416 522 καὶ
2481 458 2668 529 αὐτὸς
2737 457 2886 535 ἀνὴρ

505 563 740 641 ἀγαθὸς
790 563 1020 641 γίγνου
1068 560 1265 645 ὥσπερ
1311 587 1381 627 σε
1426 563 1582 639 εἰκὸς
1630 562 1778 629 ὄντα
1831 560 2252 644 Σπαρτιάτην.

552 760 891 846 ,Thucyd.
941 759 1015 824 V.
1069 760 1173 826 10.
1229 758 1332 825 10.
1397 761 1464 825 τὸ
1528 760 1853 841 ςροὲτευμα
1915 764 2042 825 πᾶν
2105 759 2212 837 ἤδη
2269 766 2536 842 ΦυγΟΝ
2581 767 2890 841 χαλεπῶς

481 866 619 933 καὶ
684 868 926 939 πολλὰς
990 868 1153 939 ὁδοὺς
1218 866 1625 945 τραπόμενΟῙ
1677 906 1762 917 -
1809 868 2314 945 οἱπεκομίσθησαν
2372 868 2431 940 ἐς
2495 868 2603 941 τὴν
2656 866 2893 932 Ἠιόνα.

509 974 733 1040 Nonne
779 976 1183 1061 perspicuum
1231 981 1326 1039 est
1373 973 1852 1061 Thucydidem,
1903 981 1976 1041 ut
2019 995 2267 1059 semper
2313 974 2464 1039 facit.
2509 975 2576 1038 in
2618 972 2895 1055 talibus,

504 1082 829 1167 scripsisse
875 1079 1251 1164 φυγδνΤΕΟ
1300 1090 1372 1146 ut
1418 1080 1826 1160 τραπόμενΟΙ
1873 1088 1937 1147 et
1983 1077 2597 1159 ἀπεκομίσθηΣΑΝῨ

599 1279 887 1365 Thucyd.
938 1277 1013 1347 V.
1064 1276 1171 1346 10.
1226 1278 1329 1345 10.
1391 1276 1513 1345 ὅσοι
1575 1280 1666 1356 μὴ
1726 1278 2140 1361 διεφθάρησαν
2199 1281 2233 1355 ἢ
2286 1280 2522 1345 αὐτίκα
2570 1282 2630 1344 ἐν
2679 1278 2898 1361 χερσὶν

508 1387 543 1463 ἢ
593 1386 706 1452 ὑπὸ
754 1392 863 1459 τῆς
926 1384 1359 1471 [Χαλκιδικῆς]
1424 1383 1614 1461 ἵππου
1679 1387 1784 1452 καὶ
1853 1388 1970 1451 τῶν
2036 1394 2381 1455 πελταςῶν.
2455 1386 2684 1452 Paullo
2749 1391 2900 1451 ante

508 1492 791 1558 dixerat:
856 1490 893 1567 ἦ
952 1517 1019 1557 τε
1084 1492 1385 1572 Μυρκινία
1449 1492 1553 1557 καὶ
1615 1496 1647 1568 ἢ
1701 1493 2036 1569 Χαλκιδικῆ
2085 1494 2268 1565 ἵππος
2318 1494 2420 1557 καὶ
2471 1495 2522 1558 οἱ
2568 1492 2896 1561 πελταςαὶ

508 1599 865 1681 περιςοέντες
910 1636 994 1649 —-
1035 1599 1258 1670 αὐτοὺς
1324 1597 1610 1680 ἔτρεψαν.
1683 1599 1904 1687 Itaque
1967 1601 2339 1675 Χαλκιδικῆς
2397 1599 2897 1687 expungendum

508 1716 637 1772 est:
686 1726 808 1771 non
856 1710 1103 1791 poteret
1149 1709 1317 1771 enim
1369 1706 1402 1781 ἦ
1453 1708 1758 1786 Μυρκινία
1806 1702 1990 1778 ἵππος
2041 1705 2294 1772 silentio
2344 1708 2692 1791 praeteriri.

597 1901 886 1990 Thucyd.
938 1901 1009 1967 V.
1068 1905 1171 1968 ll.
1220 1906 1269 1967 οἱ
1322 1903 1794 1979 Ἀμφιπολῖται
1845 1904 2194 1989 (Brasidae)
2224 1941 2306 1951 —
2333 1904 2527 1980 τιμὰς
2563 1902 2897 1968 δεδώκασιν

508 2012 755 2087 ὦγῶνας
803 2019 931 2074 κΑΙ
981 2010 1316 2084 ἘΤησίους
1368 2009 1600 2081 θυσίας.
1665 2008 2079 2095 Thucydides
2123 2010 2329 2075 forma
2368 2010 2725 2095 reponenda
2766 2017 2892 2077 est:

509 2116 614 2181 καὶ
664 2116 1068 2193 ΔΙετησίους,
1121 2122 1193 2180 ut
1239 2113 1320 2179 II.
1375 2113 1481 2179 38.
1530 2116 1729 2191 ἀγῶσι
1780 2117 1883 2180 καὶ
1934 2117 2166 2183 θυσίαις
2209 2115 2544 2189 διετησίοις.
2587 2135 2713 2199 quo
2753 2137 2894 2202 per·

510 2224 670 2286 tinet
714 2220 890 2287 locus
936 2220 1287 2308 Phrynichi
1331 2223 1397 2285 in
1449 2220 1724 2285 Bekkeri
1769 2223 1990 2287 Anecd.
2040 2242 2184 2309 pag.
2238 2219 2344 2286 35.
2399 2220 2505 2287 30.
2551 2222 2896 2295 Διετησίοις

509 2327 648 2392 ἀντὶ
696 2332 802 2392 τοῦ
850 2326 926 2393 δι’
976 2325 1123 2399 ἔτος.
1200 2327 1588 2401 Θουκυδίδης.
1661 2324 1878 2393 Simili
1940 2327 2144 2395 forma
2209 2328 2416 2393 utitur
2461 2326 2544 2392 II.
2591 2326 2700 2393 80.
2752 2330 2897 2393 ἐπε-

508 2435 695 2514 τησίῳ
740 2434 1069 2518 προςασία.
1642 2413 1654 2435 ¹

601 2617 890 2705 Thucyd.
938 2617 1013 2682 V.
1065 2618 1165 2682 12.
1218 2617 1710 2697 ἔνδιατριβόντων
1751 2617 1803 2682 δ’
1845 2619 2043 2682 αὐτῶν
2088 2616 2313 2698 ἔτυχεν
2353 2619 2387 2690 ἦ
2437 2619 2624 2701 μάχη
2672 2605 2890 2705 [αὕτη]

510 2725 823 2814 γενομένη.
894 2723 1131 2791 Nullus
1176 2726 1534 2809 pronomini
1584 2723 1762 2790 locus
1808 2724 1912 2789 hic
1959 2731 2085 2789 est:
2139 2726 2172 2799 ἧ
2221 2725 2408 2804 μάχη
2460 2732 2589 2801 est,
2639 2725 2717 2790 de
2766 2745 2894 2810 qus

508 2830 723 2917 paullo
771 2837 916 2898 ante
962 2833 1317 2917 scripserat.

600 3029 889 3117 Thucyd.
941 3028 1013 3093 V.
1066 3028 1172 3094 15.
1221 3023 1373 3100 ἦσαν
1418 3028 1545 3107 γὰρ
1592 3029 1642 3092 οἱ
1692 3031 2093 3109 Σπαρτιᾶται
2143 3029 2342 3093 αὐτῶν
2392 3029 2614 3108 πρῶτοί
2658 3053 2731 3094 τε
2779 3029 2885 3096 καὶ

509 3136 773 3214 ὁμοίως
833 3135 1012 3214 σφίσι
1070 3133 1419 3213 ξυγγενεῖς.
1491 3134 1780 3200 Fortasse
1840 3133 2018 3204 locus
2080 3135 2380 3200 obscurus
2427 3142 2492 3201 et
2537 3135 2885 3222 impeditus

512 3247 698 3307 unius
759 3239 1051 3306 literulae
1112 3243 1489 3307 correctione
1548 3240 1832 3325 expediri
1891 3240 2125 3324 poterit
2185 3241 2546 3307 scribendo:
2603 3241 2882 3320 ὁμοίοις

510 3347 713 3428 σφίσι
737 3345 1092 3425 ξυγγενεῖς,
1146 3346 1214 3412 id
1262 3355 1357 3412 eet
1402 3347 1578 3411 αὐτοί
1622 3369 1693 3410 τε
1740 3351 1956 3424 πρῶτοι
2009 3342 2164 3419 ἦσαν
2207 3346 2309 3411 καὶ
2353 3346 2678 3426 ξυγγενεῖς
2715 3343 2882 3427 εἶχον

510 3455 744 3534 ὁμοίους
789 3452 968 3536 σφίσι
1018 3454 1121 3518 καὶ
1172 3454 1232 3517 ἑν
1276 3462 1353 3535 τῇ
1404 3453 1664 3534 Σπάρτῃ
1707 3452 2149 3534 πρωτεύοντας.

600 3650 890 3740 Thucyd.
939 3651 1012 3716 V.
1066 3650 1164 3718 15.
1218 3651 1282 3717 2.
1332 3653 1383 3718 οἱ
1430 3653 1735 3726 Ἀθηναῖοι
1791 3651 2034 3716 οὔπΩΟ
2089 3649 2296 3725 ἤθελον
2324 3689 2406 3700 -
2433 3653 2878 3718 καταλύεσθαι.

510 3758 615 3824 Sic
662 3759 822 3846 legit
872 3761 937 3823 in
982 3779 1095 3825 suo
1140 3757 1303 3824 libro
1350 3756 1571 3824 Aelius
1617 3756 2000 3844 Dionysius,
2053 3758 2216 3823 unde
2241 3757 2511 3824 Photius
2551 3759 2872 3846 descripsit

514 3863 830 3938 Οὔπωςε
881 3864 1087 3930 οὐδένα
1140 3865 1389 3946 τρόπον·
1438 3865 1543 3928 καὶ
1598 3864 1962 3937 Θουκυδίδης
2010 3863 2069 3928 ἐν
2115 3872 2162 3928 e
2200 3865 2305 3928 sexi
2346 3861 2637 3944 ‘'Oponpoc.
2686 3865 2868 3932 Recte

509 3969 726 4038 autem
771 3971 1156 4036 Herwerden
1203 3971 1479 4036 iudicat:
1534 3970 1749 4048 „lectio
1796 3977 1986 4034 tamen
2038 3971 2202 4054 apud
2243 3972 2582 4054 scriptorem
2619 3973 2878 4036 Atticum

508 4099 626 4141 non
688 4084 847 4142 caret
905 4076 1301 4166 mpicione.”
1362 4097 1511 4142 nam
1572 4076 1832 4162 perinde
1892 4083 1990 4142 est
2051 4098 2122 4143 ac
2181 4080 2235 4142 si
2299 4075 2704 4163 Thucydides
2767 4097 2878 4164 pro

508 4184 696 4256 οὐδείς
760 4185 1109 4269 scripsisset
1172 4182 1355 4254 οὔτις.
1424 4182 1840 4268 Reposuerim
1904 4181 2096 4248 οὔπΩ.
2163 4183 2400 4261 ἤθελον,
2450 4203 2724 4269 namque
2772 4187 2876 4250 τοῦ

498 4293 781 4362 πλείονος
848 4290 1151 4369 ὠρέγοντο.
1223 4288 1567 4376 Dionysius
1628 4291 1858 4355 vitioso
1918 4290 2130 4356 codice
2191 4311 2343 4356 usus
2397 4295 2492 4355 est
2539 4298 2602 4356 et
2649 4295 2873 4356 notum

506 4395 815 4462 librorum
864 4395 1092 4461 menda
1136 4397 1576 4480 antiquissima
1620 4414 1772 4460 esse.

2333 4954 2346 4957 -
2357 4920 2676 4957 ‚nQ
