3150 5000
532 267 667 336 200
1561 281 1898 333 nuomms.

621 454 842 539 Itaque
889 475 1000 517 πα
1016 453 1106 532 ρὰ
1158 455 1267 527 τὴν
1317 457 1649 528 τελευτήν,
1700 454 2070 536 prouonime
2114 471 2237 517 non
2284 450 2502 516 addito
2518 497 2537 527 ,
2586 457 2749 516 stare
2796 469 2913 514 non

529 559 785 646 poterit.
867 555 990 623 Sed
1065 556 1236 624 male
1255 605 1273 636 ‚
1354 559 1574 643 opinor
1593 607 1611 642 ‚
1688 563 1902 622 nostro
1944 554 2104 623 ‘loco
2172 555 2600 642 consulueris,
2670 557 2765 620 αὖ
2784 556 2919 628 τήν

530 665 812 752 suppleri
860 663 1156 730 iubendo.
1206 664 1377 745 Quid
1427 665 1600 728 enim
1650 664 1776 728 sibi
1822 664 2153 749 proposuit
2194 659 2445 728 orator?
2492 662 2582 728 Ut
2634 661 2919 728 ostendat

529 791 800 859 poenam
873 790 1064 855 quam
1137 791 1326 835 senex
1394 768 1507 834 ille
1575 775 1886 855 tyrannus
1955 775 2099 854 post
2154 773 2251 834 tot
2310 767 2557 855 flagitia
2617 768 2919 848 subierit,

531 901 708 965 quam
759 865 1172 959 qraviseimam
1227 877 1445 941 fuisse.
1493 874 1666 950 Quid
1719 881 1931 940 autem
1984 875 2137 940 huic
2182 877 2349 960 patri
2396 880 2532 940 erat
2578 871 2923 960 optabilius

531 1005 726 1070 quam
789 989 988 1046 statim
1045 993 1185 1065 post
1227 983 1438 1066 filium
1497 977 1721 1045 emori?
1770 981 1945 1046 Audi
1993 983 2206 1066 ipsum
2256 985 2569 1047 oratorem
2622 977 2719 1066 (O.
2776 977 2918 1064 18):

535 1093 600 1156 οὐ
668 1091 797 1169 γὰρ
869 1088 1118 1168 ἠγνόουν
1182 1135 1201 1154 .
1231 1137 1246 1152 .
1275 1137 1290 1152 .
1320 1136 1335 1152 .
1365 1136 1381 1152 .
1447 1085 1588 1162 ὅσην
1654 1088 1871 1157 ἐκεῖνος
1945 1087 2180 1151 εὔνοιαν
2228 1087 2373 1166 πρὸς
2424 1089 2527 1152 τὸν
2574 1077 2923 1168 υἱὸν“εἷχε,

535 1201 671 1262 καὶ
735 1197 826 1267 ὡς
894 1199 1032 1260 οὐκ
1097 1194 1187 1260 ἄν
1253 1192 1596 1270 ἠξίωσεν
1661 1193 2098 1272 ἐπιβιῶναι
2162 1195 2311 1260 οὐδ’
2374 1195 2660 1272 ὀλίγον
2712 1194 2924 1272 αὐτῷ

532 1302 836 1384 χρόνον.
911 1299 991 1365 Et
1052 1299 1172 1365 filii
1237 1321 1493 1387 corpore
1555 1306 1889 1386 conspecto
1949 1306 2129 1385 pater
2194 1303 2623 1366 miserrimus:
2678 1297 2849 1363 ‘rofa
2898 1299 2925 1362 ὅ

534 1407 983 1492 σφαγεύς;’
1058 1406 1378 1474 exclamat
1438 1403 1575 1473 εἰἸνι
1643 1432 1725 1484 με
1772 1407 2001 1484 ‘rupen’
2054 1454 2256 1473 .....
2308 1407 2442 1472 καὶ
2491 1416 2581 1489 τῇ
2630 1407 2926 1486 βραδυ-

533 1526 743 1600 τῆτι,
810 1513 1178 1596 κολάζειν
1245 1513 1454 1591 δέον,
1519 1513 1656 1579 καὶ
1724 1515 2215 1596 παρατείνει
2282 1537 2434 1590 μου
2500 1513 2630 1577 τὸν
2678 1512 2925 1590 Φόνον

535 1623 668 1689 καὶ
730 1620 1251 1701 μακροτέραν
1313 1643 1461 1698 μου
1527 1621 1668 1695 τὴν
1729 1622 2068 1700 σφαγὴν
2130 1629 2372 1686 ποιεῖ.
2420 1619 2506 1684 Et
2552 1639 2775 1685 omnes
2823 1638 2931 1704 pa·

533 1735 771 1806 rentes,
837 1729 950 1794 ubi
1013 1730 1340 1794 carissima
1399 1726 1747 1793 liberorum
1808 1730 2078 1812 pignora
2124 1729 2203 1792 iis
2252 1732 2466 1812 erepta
2512 1731 2699 1800 sunt,
2750 1729 2927 1792 vitae

535 1833 723 1900 finem
774 1854 811 1900 a
856 1833 954 1898 dis
1000 1833 1482 1899 immortalibus
1531 1835 1771 1918 precari
1818 1831 2025 1898 solent
2050 1882 2067 1917 ,
2114 1838 2189 1897 ut
2240 1839 2445 1900 mater
2489 1832 2605 1900 illa
2656 1830 2930 1918 Euryali

537 1939 706 2027 apud
751 1937 1162 2026 Vergilium:

810 2049 985 2123 „Aut
1032 2053 1104 2111 tu
1125 2093 1140 2121 ,
1187 2035 1419 2133 me'gne
1469 2051 1649 2130 pater
1695 2046 1911 2112 divom
1934 2095 1951 2130 ‚
2004 2046 2334 2132 miserere,
2384 2051 2625 2135 tuoque

809 2151 1102 2216 Invisum
1152 2151 1270 2218 hoe
1317 2152 1583 2217 detrude
1630 2159 1822 2236 caput
1868 2153 1987 2218 sub
2036 2151 2299 2218 Tartara
2344 2153 2509 2230 telo,

809 2258 1072 2338 Quando
1120 2257 1307 2322 aliter
1351 2277 1594 2342 nequeo
1641 2257 1963 2324 crudelem
2014 2259 2394 2346 abrumpere
2446 2261 2713 2326 vitam.”

537 2367 840 2432 Pluribus
901 2365 1056 2429 haec
1117 2366 1403 2449 persequi
1467 2363 1647 2430 nullo
1695 2365 1952 2450 negotio
1999 2368 2275 2452 possim;
2326 2367 2434 2432 sed
2481 2368 2601 2433 hoc
2650 2367 2929 2432 effecisse

536 2472 702 2538 mihi
752 2471 972 2539 videor
1017 2469 1227 2536 verbis
1274 2472 1451 2537 istis:
1501 2471 1722 2549 παρὰ
1770 2473 1911 2547 τὴν
1954 2474 2394 2549 τελευτήν,
2466 2493 2721 2559 prorsus
2785 2495 2929 2541 con·

535 2583 636 2645 tra
682 2588 965 2644 mentem
1015 2578 1372 2663 scriptoris,
1425 2597 1689 2662 poenam
1740 2581 1938 2663 patris
1985 2582 2242 2665 tyranni
2288 2582 2457 2645 haud
2490 2582 2765 2664 paullum
2814 2587 2929 2646 ele-

535 2690 698 2763 vor-53
745 2687 962 2769 itaque
1009 2686 1247 2748 vitium
1297 2686 1683 2750 contraxisse
1728 2704 1852 2750 non
1902 2685 2145 2751 dubito.
2196 2686 2459 2751 Fundus
2504 2689 2931 2773 corruptionis

533 2792 683 2857 inde
728 2790 1141 2877 repetendus,
1190 2790 1356 2875 quod
1405 2810 1527 2856 vox
1576 2805 1718 2854 τελ
1743 2815 1823 2855 ευ
1846 2792 1939 2863 τή
1988 2812 2026 2856 a
2072 2791 2440 2879 negligente
2488 2792 2749 2859 librario
2788 2815 2929 2878 per·

536 2918 752 2983 peram
823 2919 900 2962 ex
962 2906 1458 2961 τελευταῖον
1521 2898 1729 2961 fuerat
1792 2900 2081 2982 repetita.
2148 2897 2324 2977 Quae
2384 2898 2651 2964 Luciani
2700 2920 2931 2965 manus

535 3004 765 3081 fuerit,
829 3024 940 3089 pro
1003 3008 1172 3068 certo
1232 3002 1544 3067 affirmare
1590 3023 1715 3069 non
1763 3003 1969 3067 ausim
1991 3023 2007 3080 ;
2063 3004 2407 3069 videndum
2460 3012 2675 3071 tamen
2722 3026 2933 3073 annon

533 3116 798 3176 naturae
859 3112 952 3173 rei
1014 3111 1296 3173 maxime
1356 3111 1441 3173 sit
1501 3111 1912 3175 conveniens:
1963 3110 2183 3191 παρὰ
2231 3112 2372 3184 τὴν
2418 3110 2682 3189 Φύσιν.
2732 3114 2935 3177 Acer·

534 3219 688 3284 bum
739 3217 858 3281 hoc
907 3214 1086 3280 nobis
1132 3214 1336 3280 videri
1376 3214 1570 3299 solet,
1620 3216 1787 3301 quod
1824 3225 2030 3281 contra
2073 3224 2350 3281 naturam
2392 3218 2639 3303 eiusque
2662 3219 2816 3301 leyen
2846 3257 2933 3267 —

535 3327 626 3389 sic
673 3325 846 3388 enim
899 3322 1096 3410 vulgo
1143 3320 1504 3405 loquimur,
1554 3342 1677 3387 non
1728 3343 1958 3406 quaero
2006 3344 2199 3409 quam
2248 3330 2418 3389 recte
2462 3360 2544 3373 —
2584 3326 2667 3389 iis
2706 3346 2931 3409 super-

535 3450 670 3495 esse
716 3431 1044 3515 cogimur,
1093 3448 1131 3494 a
1177 3430 1409 3513 quibus
1447 3448 1560 3493 nos
1600 3430 1769 3514 ipsos
1806 3429 2091 3515 sepulcro
2132 3431 2315 3496 condi
2354 3432 2455 3496 ius
2502 3431 2720 3517 fasque
2770 3439 2933 3498 erat.

629 3532 977 3601 Consimile
1039 3534 1435 3619 corruptelae
1493 3554 1699 3622 genus
1720 3582 1736 3611 ‚
1788 3537 1909 3601 nisi
1958 3535 2143 3601 fallor
2161 3584 2176 3612 ,
2229 3537 2667 3621 pessumdedit
2713 3537 2933 3603 locum

536 3642 614 3708 de
675 3638 810 3706 Cal.
878 3639 952 3708 C.
1021 3640 1138 3709 13:
1213 3642 1297 3705 τά
1361 3640 1662 3722 προσόντα
1730 3642 1813 3721 τῷ
1878 3640 2359 3723 διαβαλλομένῳ
2409 3644 2554 3721 πρὸς
2604 3644 2673 3708 τὸ
2722 3651 2933 3725 χεῖρον

540 3748 1065 3826 μεταβάλλοντες
1131 3752 1237 3813 οὐκ
1287 3748 1616 3820 ἀπιθάνους
1666 3752 1975 3813 ποιοῦνται
2028 3749 2146 3821 τὰς
2194 3752 2613 3830 κατηγορίας,
2663 3746 2780 3817 οἷον
2826 3756 2935 3819 τὸν

537 3858 653 3932 μὲν
714 3856 916 3933 ἰατρὸν
983 3854 1432 3932 διαβάλλουσιν
1492 3856 1568 3927 ὥς
1635 3853 2026 3934 Φαρμακέα,
2075 3855 2209 3919 τὸν
2258 3857 2659 3923 πλούσιον
2710 3858 2787 3923 δὲ
2838 3862 2935 3931 ὦς

537 3962 957 4043 τύραννον,
1021 3963 1150 4025 τὸν
1211 3960 1697 4039 τυραννικὸν
1758 3960 1837 4025 δὲ
1900 3963 1991 4032 ὥς
2057 3963 2570 4040 προδοτικόν,
2634 3965 2746 4030 ubi
2807 3968 2935 4032 τύ-

537 4091 814 4149 ραννον
874 4089 950 4132 ex
1013 4052 1494 4145 τυραννικόν
1558 4070 1876 4155 originem
1940 4068 2199 4135 duxisse
2247 4069 2523 4135 videtur.
2571 4068 2727 4137 'Pale
2776 4074 2931 4157 quid

539 4178 884 4252 sententia,
951 4196 1055 4239 me
1103 4175 1347 4251 iudice,
1400 4173 1716 4260 postulat:
1768 4174 1899 4239 τὸν
1950 4174 2344 4241 πλούσιον
2392 4177 2471 4242 δὲ
2521 4180 2612 4251 ὤς
2658 4200 2935 4257 τυραν-

542 4283 794 4367 νικόν,
844 4282 974 4345 τὸν
1027 4280 1486 4359 ἐλευθέριον
1535 4280 1614 4345 δὲ
1662 4284 1753 4353 ὦς
1802 4281 2302 4364 προδοτικόν.

629 4386 758 4457 Sed
826 4393 901 4454 ut
945 4387 1027 4454 ad
1073 4386 1286 4453 locum
1338 4394 1628 4453 nostrum
1678 4388 1965 4465 redeam,
2015 4410 2097 4455 ne
2142 4391 2235 4457 sic
2283 4392 2542 4477 quidem
2592 4394 2757 4459 mihi
2796 4416 2933 4483 per-
