3150 5000
1337 306 1578 357 monac.
2570 301 2657 366 45

253 467 572 536 utilitatis
617 474 1062 541 communione
1107 471 1416 540 sociatus'’
1455 473 1536 540 cf.
1574 474 1979 562 Augustinus
1996 525 2011 555 ‚
2044 477 2121 544 de
2146 476 2288 547 oiv.
2316 479 2437 548 Dei
2464 483 2651 551 XIX.

252 573 334 640 21
359 625 378 654 ‚
442 577 560 642 ubi
625 579 898 645 totidem
962 580 1174 648 verbis
1231 580 1391 646 haec
1457 584 1835 666 repetuntur
1895 588 1959 648 et
2008 583 2430 670 explicantur.
2500 589 2651 658 Alia

251 681 527 748 afferunt
587 683 824 751 Moser.
890 691 956 751 et
1007 684 1383 752 Villemain.
1462 684 1779 765 „Coetum
1825 687 2310 757 multitudinis”
2360 696 2647 764 invenies

247 788 450 872 ipsius
500 791 857 878 Augustini
901 791 1112 857 verbis
1159 798 1732 859 commemoratum
1779 792 1896 861 1.1.
1922 815 1975 860 c.
2026 796 2133 861 24.
2204 796 2642 875 „Consensum

247 895 450 961 iuris”
518 916 648 962 non
697 899 1076 983 interpretor
1119 905 1380 984 pactum
1427 899 1686 985 aliquod
1733 900 1811 966 de
1855 902 1996 967 iure
2044 906 2487 975 constituendo
2536 909 2647 976 sed

245 1021 662 1070 communem
706 1005 1104 1073 voluntatem
1149 1007 1310 1072 iuris
1353 1006 1751 1075 observandi.

332 1217 443 1285 42.
511 1218 732 1306 Atque
774 1220 1003 1286 horum
1051 1221 1250 1287 trium
1297 1241 1607 1310 generum
1655 1221 2087 1308 (monarchiae
2105 1269 2123 1301 ,
2170 1224 2600 1294 aristocratiae
2621 1277 2640 1314 ,

243 1324 702 1412 democratiae)
749 1327 1016 1413 quodvis
1063 1365 1147 1378 —-
1194 1348 1323 1394 non
1360 1329 1709 1413 perfectum
1747 1328 1913 1395 illud
1950 1330 2212 1415 quidem
2248 1353 2453 1418 neque
2495 1354 2641 1401 mea

243 1436 564 1499 sententia
624 1436 944 1519 optimum
966 1482 982 1513 ,
1045 1434 1155 1501 sed
1217 1434 1545 1501 tolerabile
1604 1439 1822 1502 tamen
1884 1443 1941 1500 et
2002 1435 2181 1503 aliud
2253 1438 2379 1506 alio
2439 1442 2645 1525 possit

244 1559 374 1606 esse
420 1541 919 1626 praestantius”.

329 1645 548 1736 Lego:
597 1648 752 1726 „sed
798 1647 1130 1714 tolerabile
1148 1694 1164 1725 ,
1214 1653 1288 1712 ut
1332 1652 1550 1715 tamen
1597 1647 1777 1714 aliud
1824 1648 2008 1728 alio”‚
2055 1649 2197 1716 rell.
2267 1650 2414 1717 Non
2462 1655 2635 1719 enim

241 1753 776 1838 acquiescendum
823 1756 891 1818 in
937 1753 1420 1839 simplicissima
1464 1755 1943 1820 emendatione:
1994 1755 2370 1834 „tolerabile
2418 1763 2637 1824 tamen

241 1859 355 1922 ut”
397 1858 582 1937 rell.;
633 1859 1000 1925 membrum
1045 1861 1479 1925 restrictivum
1519 1861 1865 1944 requiritur
1884 1907 1901 1938 ,
1941 1867 2015 1926 ut
2050 1868 2382 1927 senserunt
2404 1861 2634 1950 Haup-

242 1967 401 2044 tius,
469 1964 766 2031 Osannus
782 2014 800 2050 ,
846 1964 1150 2032 Halmius
1197 1966 1223 2050 (
1272 1968 1635 2051 „optimum
1686 1974 1807 2044 est,
1858 1965 2188 2035 tolerabile
2233 1974 2448 2036 tamen
2468 2017 2487 2054 ‚
2532 1971 2640 2034 eod

241 2079 306 2136 ut
347 2071 576 2138 aliud”
628 2077 742 2139 aut
789 2073 938 2151 „ced
981 2070 1158 2137 aliud
1204 2070 1313 2136 ut’‘
1353 2071 1523 2156 rell.)

327 2285 434 2349 44.
503 2285 602 2351 De
647 2285 854 2351 tribus
898 2287 1121 2351 formis
1167 2287 1260 2352 rei
1305 2285 1597 2372 publicae
1646 2288 1838 2354 verba
1886 2288 2121 2354 faciens
2166 2286 2415 2372 Scipio:
2465 2309 2627 2374 quae

242 2412 470 2478 genera
505 2394 790 2477 primum
831 2397 980 2458 sunt
1016 2395 1086 2456 in
1125 2391 1206 2456 iis
1245 2391 1502 2480 singula
1537 2394 1719 2459 vitiis
1734 2440 1752 2473 ,
1793 2413 1953 2478 quae
1994 2400 2141 2460 ante
2181 2393 2355 2472 dixi,
2400 2393 2627 2461 deinde

243 2496 474 2564 habent
519 2500 872 2584 perniciosa
917 2496 1045 2565 alia
1093 2497 1306 2565 vitia”.

325 2604 635 2671 Nondum
682 2604 918 2671 habent
962 2625 1036 2671 ea
1083 2604 1254 2683 „alia
1299 2604 1681 2690 perniciosa”
1722 2605 1832 2671 sed
1872 2624 1945 2671 eo
1982 2606 2170 2673 facile
2206 2608 2623 2693 perveniunt:

245 2710 514 2788 „habent
575 2714 926 2798 perniciosa
987 2712 1112 2779 alia
1173 2712 1427 2778 cicind’.
1497 2711 1802 2798 Sequitur
1858 2718 2110 2780 autem:
2182 2714 2476 2798 „nullum
2526 2720 2623 2782 est

241 2820 402 2884 enim
449 2840 658 2907 genus
699 2818 961 2886 illarum
1008 2840 1220 2885 rerum
1255 2818 1659 2905 publicarum
1678 2868 1695 2893 .
1744 2820 1913 2906 quod
1951 2839 2076 2886 non
2111 2820 2343 2887 habeat
2381 2820 2499 2884 iter
2536 2822 2625 2885 ad

243 2925 550 2991 finitimum
589 2928 882 3013 quoddam
923 2927 1141 2990 malum
1173 2948 1454 3010 praecepa
1499 2943 1572 2990 ac
1608 2925 1967 2991 lubricum&
2026 2924 2288 2993 Habent
2331 2928 2512 3012 quasi
2551 2929 2620 2992 in

241 3032 469 3098 vicinia
515 3034 868 3117 perniciosa
912 3032 1223 3118 quaedam
1244 3079 1262 3109 ,
1302 3031 1383 3097 ad
1422 3051 1583 3116 quae
1622 3036 1952 3118 propterea
1988 3029 2177 3098 facile
2214 3031 2618 3099 delabuntur.

239 3132 306 3199 In
342 3138 651 3222 proximis
698 3141 976 3224 speciose
1022 3135 1101 3205 G.
1149 3136 1556 3203 Hermannus
1604 3139 2017 3205 emendabat:
2073 3138 2193 3222 „ad
2238 3139 2617 3205 invitandam

239 3244 428 3308 animi
471 3243 842 3310 lieentiam''
891 3244 1004 3311 sed
1045 3264 1173 3310 non
1217 3264 1409 3329 opus:
1459 3244 1623 3309 bono
1661 3246 1801 3332 regi
1839 3244 2057 3310 subest
2096 3244 2177 3309 ad
2216 3245 2611 3311 immutandi

241 3350 430 3415 animi
463 3349 795 3417 licentiam
834 3348 1126 3417 Phalaris
1142 3396 1160 3428 ,
1209 3353 1255 3416 i.
1301 3372 1356 3416 e.
1403 3352 1472 3417 in
1517 3355 1775 3435 promtu
1823 3354 1919 3415 est
1935 3396 1955 3428 ,
2008 3370 2283 3435 quocum
2330 3371 2397 3417 se
2436 3369 2610 3417 com·

239 3462 404 3537 paret
421 3504 440 3537 ‚
489 3456 700 3525 malus
720 3505 738 3536 ‚
784 3463 860 3524 ut
901 3456 1095 3523 licere
1138 3458 1262 3523 sibi
1307 3461 1491 3543 putet
1536 3460 1830 3523 animum
1878 3462 2154 3523 mutare.

321 3666 425 3735 45.
468 3670 668 3738 Initio
715 3672 807 3736 sic
851 3670 1312 3757 supplendum:
1363 3676 1525 3751 „iam
1561 3672 1677 3736 illa
1714 3672 2095 3737 immoderata
2136 3670 2379 3735 libertae
2414 3674 2611 3733 statue

241 3782 318 3837 esi
355 3779 446 3841 rei
475 3778 758 3861 publicae
801 3777 1180 3844 deterrimus
1227 3782 1290 3844 et
1325 3798 1404 3844 ex
1441 3778 1560 3845 hac
1600 3778 1705 3846 vel
1742 3778 2157 3865 optimatium
2200 3775 2307 3846 vel
2342 3774 2609 3843 factiosa

241 3876 385 3965 (opt.
433 3884 626 3951 factio
674 3883 779 3952 vel
793 3881 847 3969 ἵ)
895 3886 1226 3972 tyrannica
1272 3884 1422 3948 --”.

323 4095 426 4162 47.
471 4098 844 4184 Aequalitas
887 4120 1013 4165 non
1059 4103 1156 4165 est
1199 4100 1267 4164 in
1314 4097 1536 4185 populi
1582 4096 1885 4183 imperim
1930 4094 2045 4164 alii
2086 4098 2257 4163 enim
2302 4101 2453 4163 sunt
2496 4096 2612 4182 qui

244 4197 382 4267 dant
400 4249 417 4279 ,
455 4204 568 4270 alii
607 4208 720 4291 qui
757 4207 1113 4292 accipiunt:
1159 4209 1412 4284 „terunt
1433 4206 1607 4271 enim
1632 4204 1935 4292 suffragia
1951 4249 1968 4282 ‚
2003 4203 2309 4270 mandant
2332 4204 2609 4289 imperia

245 4308 608 4388 mim-acue
669 4312 1044 4377 ambiuntur
1102 4317 1409 4401 rogantur
1454 4317 1551 4377 set
1598 4330 1673 4376 ea
1718 4310 1871 4376 dant
1915 4315 2101 4393 παρῶ
2118 4358 2136 4395 ,
2198 4328 2361 4396 quae
2409 4309 2607 4375 etiam

249 4412 297 4473 si
335 4414 566 4495 nolint,
615 4416 821 4483 danda
865 4420 1028 4497 sint,
1073 4424 1138 4485 et
1169 4438 1332 4504 quae
1367 4418 1494 4505 ipsi
1535 4436 1663 4484 non
1684 4416 1921 4483 habent
1937 4462 1955 4494 ,
1982 4415 2151 4483 unde
2174 4413 2288 4484 alii
2310 4413 2605 4500 petunt”.
