3150 5000
1300 278 1634 329 mensus.
2545 261 2681 328 449⁴

276 448 639 513 tentamina
686 467 829 511 mea
876 444 1232 512 confirmari
1277 450 1342 511 et
1386 445 1843 523 molestissime
1893 446 2022 512 fero
2067 445 2329 532 eulpam
2371 467 2474 512 me
2514 446 2672 513 levi-

278 556 437 619 tatis
502 558 567 621 et
622 553 941 619 socordiae
990 552 1172 641 ‘apud
1236 552 1469 617 harum
1515 573 1731 618 rerum
1778 555 2014 638 peritos
2060 555 2467 619 contraxisse.
2527 552 2672 621 Non

278 680 626 746 possumus
669 679 794 725 non
840 660 1209 745 saepissime
1254 661 1322 723 in
1368 659 1590 724 eadem
1637 658 1913 725 incidere
1929 680 1947 737 ;
1996 665 2060 724 et
2097 679 2260 746 quae
2296 680 2442 725 mea
2477 658 2672 725 libro-

280 787 428 831 rum
479 773 577 831 est
623 766 909 852 paucitas
928 814 947 849 ,
996 746 1348 851 compluria
1396 786 1473 830 ex
1521 763 1794 831 aliorum
1841 767 2020 853 gazis
2065 786 2169 831 me
2214 764 2594 833 fefellerunt.
2619 762 2674 852 ¹)

282 870 469 953 Quod
528 877 742 937 tamen
790 892 868 937 ne
915 873 984 935 in
1033 876 1353 957 posterum
1404 870 1567 935 mihi
1615 870 1894 949 accidat,
1944 891 2134 957 quam
2181 870 2672 960 diligentissime

278 978 545 1045 cavebo.
615 977 879 1043 Veniam
940 978 1215 1045 habeant
1277 979 1402 1042 viri
1456 976 1662 1054 docti,
1712 996 1984 1063 quorum
2029 980 2259 1042 scrinia
2303 976 2671 1063 imprudens

274 1083 631 1171 compilavi
691 1090 755 1150 et
802 1084 1059 1150 credant
1105 1105 1211 1150 me
1257 1082 1502 1149 nullius
1545 1083 1846 1150 laudibus
1893 1084 2278 1169 obtrectare3
2322 1104 2494 1175 nam,
2517 1082 2672 1150 licet

270 1211 529 1279 magno
572 1190 809 1278 gaudio
856 1192 1145 1255 animum
1192 1189 1529 1276 perfundat
1574 1208 1725 1255 cum
1773 1191 1926 1256 novi
1975 1194 2040 1257 et
2085 1192 2221 1255 veri
2267 1188 2510 1275 aliquid
2557 1194 2670 1255 aut

270 1300 600 1383 patienter
658 1296 1017 1384 indagando
1078 1296 1397 1362 in’veneris
1450 1300 1561 1362 aut
1608 1297 1822 1367 subito
1869 1296 2252 1385 excogitatis
2271 1344 2288 1375 ‚
2339 1304 2438 1363 ‘ne
2483 1298 2673 1362 istius

267 1403 547 1489 quidem
598 1401 860 1481 .1audis’,
924 1409 999 1468 ut
1044 1423 1189 1469 cum
1231 1400 1531 1471 Cicerone
1577 1402 1837 1488 loquar,
1889 1406 2006 1469 ‘ita
2051 1422 2194 1469 sum
2245 1404 2546 1490 cupidus,
2595 1408 2671 1471 ut

270 1508 426 1577 aliis
478 1530 623 1575 eam
671 1514 1064 1596 praereptam
1112 1509 1356 1577 velim’.

1214 1713 1756 1799 (continuabitur.)
1793 1811 1798 1817 ·

1604 1948 1690 2015 K.
1738 1946 1820 2017 G.
1868 1949 1944 2017 P.
1991 1946 2486 2018 SOHWAB'I'Z.

344 2140 399 2201 1)
437 2137 673 2205 Inprimis
715 2138 850 2187 doleo
889 2136 1008 2187 mihi
1042 2138 1101 2187 ad
1135 2153 1329 2187 manum
1364 2152 1461 2187 non
1496 2136 1640 2187 fuisse
1674 2136 1888 2187 Mchleri
1921 2138 2193 2189 Editionem
2229 2139 2472 2205 Quattuor
2507 2139 2670 2189 Dialo-

270 2238 453 2288 gornm
487 2221 706 2287 (Timon,
750 2219 1111 2286 Philopsendea,
1152 2220 1305 2270 Verac
1337 2220 1589 2270 Historiae
1602 2258 1617 2280 ,
1651 2220 1838 2282 Gallus)
1871 2223 1921 2271 ct
1956 2221 2254 2271 Hartmanni
2287 2222 2472 2273 ‘studia
2488 2223 2668 2273 Critica

268 2305 323 2355 in
361 2302 668 2355 Lucianum’.

1138 2925 1470 2993 onnonus
1517 2924 1817 2995 Smmam.

666 3109 801 3176 Lib.
850 3109 1104 3176 XXXII
1150 3109 1237 3176 26
1284 3109 1453 3198 (Vol.
1502 3110 1565 3177 II
1606 3133 1668 3197 p.
1721 3111 1854 3180 520
1901 3114 1995 3180 ed.
2043 3114 2279 3201 Didoc).

370 3293 562 3364 Οὕτω
625 3295 687 3361 δὲ
748 3293 1051 3369 πολλάκις
1117 3298 1152 3372 ἦ
1216 3296 1409 3360 κακία
1473 3305 1586 3371 τῆς
1649 3297 1871 3378 ἀρετῆς
1919 3305 2229 3379 προτερεῖ,
2279 3300 2382 3364 καὶ
2435 3303 2472 3376 ἦ
2519 3302 2665 3380 πρὸς

272 3401 379 3467 τὸν
448 3399 681 3479 ὄλεθρον
736 3401 987 3467 νεύουσαι
1035 3403 1250 3480 γνώμη
1296 3410 1409 3476 τῆς
1455 3403 1603 3480 πρὸς
1652 3403 1949 3482 σωτηρίων
1996 3405 2348 3484 ὦπέχεσθσιι
2393 3405 2434 3446 *
2457 3430 2664 3487 παρα-

275 3512 570 3585 κλήσεως.
645 3508 787 3574 Non
850 3515 947 3575 est
1009 3508 1267 3586 lacuna,
1319 3508 1510 3574 modo
1556 3508 1870 3574 scribatur
1915 3509 2236 3590 ἀπέχεται
2255 3558 2271 3588 ,
2323 3533 2472 3578 nam
2521 3534 2662 3579 sen-

276 3617 486 3681 tentia
530 3621 663 3682 est:
713 3617 747 3690 ἡ
795 3639 864 3681 π.
915 3637 973 3680 τ.
1023 3639 1071 3680 o.
1120 3640 1171 3680 ν.
1220 3615 1435 3694 γνώμη
1487 3613 1633 3694 πρὸς
1682 3616 1979 3696 σωτηρίων
2025 3619 2090 3682 οὐ
2145 3627 2526 3696 παρακαλεῖ.

1876 3797 1966 3866 Η.
2012 3799 2114 3866 W.
2159 3817 2223 3866 v.
2273 3820 2338 3868 D.
2383 3803 2481 3870 M.

2849 3293 2862 3326 ἱ
