<?xml version="1.0" encoding="UTF-8"?>
<!DOCTYPE html PUBLIC "-//W3C//DTD XHTML 1.0 Transitional//EN"
    "http://www.w3.org/TR/xhtml1/DTD/xhtml1-transitional.dtd">
<html xmlns="http://www.w3.org/1999/xhtml" xml:lang="en" lang="en">
 <head>
  <title>
</title>
<meta http-equiv="Content-Type" content="text/html;charset=utf-8" />
  <meta name='ocr-system' content='tesseract 3.04.00' />
  <meta name='ocr-capabilities' content='ocr_page ocr_carea ocr_par ocr_line ocrx_word'/>
</head>
<body>
  <div class='ocr_page' id='page_1' title='image "./mnemosyne06servgoog_0586.png"; bbox 0 0 3150 5000; ppageno 0'>
   <div class='ocr_carea' id='block_1_1' title="bbox 557 210 690 279">
    <p class='ocr_par' dir='ltr' id='par_1_1' title="bbox 557 210 690 279">
     <span class='ocr_line' id='line_1_1' title="bbox 557 210 690 279; baseline 0 0"><span class='ocrx_word' id='word_1_1' title='bbox 557 210 690 279; x_wconf 88' lang='grc'><strong>108</strong></span> 
     </span>
    </p>
   </div>
   <div class='ocr_carea' id='block_1_2' title="bbox 545 402 2955 2400">
    <p class='ocr_par' dir='ltr' id='par_1_2' title="bbox 545 402 2955 2400">
     <span class='ocr_line' id='line_1_2' title="bbox 551 402 2937 487; baseline 0.001 -24"><span class='ocrx_word' id='word_1_2' title='bbox 551 418 822 485; x_wconf 86' lang='lat' dir='ltr'><strong>musque</strong></span> <span class='ocrx_word' id='word_1_3' title='bbox 888 418 1254 487; x_wconf 88' lang='lat' dir='ltr'><strong>occupasse,</strong></span> <span class='ocrx_word' id='word_1_4' title='bbox 1326 406 1474 487; x_wconf 81' lang='lat' dir='ltr'><strong>post·</strong></span> <span class='ocrx_word' id='word_1_5' title='bbox 1527 402 1683 468; x_wconf 91' lang='lat' dir='ltr'><strong>haec</strong></span> <span class='ocrx_word' id='word_1_6' title='bbox 1748 402 2163 469; x_wconf 79' lang='lat' dir='ltr'><strong>Athenienses</strong></span> <span class='ocrx_word' id='word_1_7' title='bbox 2222 404 2305 467; x_wconf 85' lang='lat' dir='ltr'><strong>iia</strong></span> <span class='ocrx_word' id='word_1_8' title='bbox 2356 402 2712 469; x_wconf 80' lang='lat' dir='ltr'><strong>decrevisse</strong></span> <span class='ocrx_word' id='word_1_9' title='bbox 2761 403 2937 466; x_wconf 69' lang='grc' dir='ltr'><strong><em>αὖτο-</em></strong></span> 
     </span>
     <span class='ocr_line' id='line_1_3' title="bbox 549 503 2939 595; baseline 0 -24"><span class='ocrx_word' id='word_1_10' title='bbox 549 508 766 584; x_wconf 73' lang='grc' dir='ltr'><strong><em>νομίαν</em></strong></span> <span class='ocrx_word' id='word_1_11' title='bbox 813 503 888 594; x_wconf 84' lang='lat'><strong>¹).</strong></span> <span class='ocrx_word' id='word_1_12' title='bbox 1001 506 1140 573; x_wconf 86' lang='lat' dir='ltr'><strong>Iam</strong></span> <span class='ocrx_word' id='word_1_13' title='bbox 1222 529 1450 594; x_wconf 88' lang='lat' dir='ltr'><strong>parum</strong></span> <span class='ocrx_word' id='word_1_14' title='bbox 1534 508 1863 594; x_wconf 79' lang='lat' dir='ltr'><strong>probabile</strong></span> <span class='ocrx_word' id='word_1_15' title='bbox 1948 515 2043 575; x_wconf 90' lang='lat' dir='ltr'><strong>est</strong></span> <span class='ocrx_word' id='word_1_16' title='bbox 2127 509 2547 593; x_wconf 68' lang='lat' dir='ltr'><strong>Athenienses</strong></span> <span class='ocrx_word' id='word_1_17' title='bbox 2565 556 2581 586; x_wconf 91' lang='lat'><strong>,</strong></span> <span class='ocrx_word' id='word_1_18' title='bbox 2670 529 2939 595; x_wconf 87' lang='lat' dir='ltr'><strong>quorum</strong></span> 
     </span>
     <span class='ocr_line' id='line_1_4' title="bbox 547 612 2945 701; baseline 0 -22"><span class='ocrx_word' id='word_1_19' title='bbox 547 612 789 679; x_wconf 85' lang='lat' dir='ltr'><strong>auxilio</strong></span> <span class='ocrx_word' id='word_1_20' title='bbox 852 612 1058 679; x_wconf 83' lang='lat' dir='ltr'><strong>Samii</strong></span> <span class='ocrx_word' id='word_1_21' title='bbox 1121 617 1319 680; x_wconf 86' lang='lat' dir='ltr'><strong>tantis</strong></span> <span class='ocrx_word' id='word_1_22' title='bbox 1382 614 1635 681; x_wconf 83' lang='lat' dir='ltr'><strong>divitiis</strong></span> <span class='ocrx_word' id='word_1_23' title='bbox 1703 616 1894 700; x_wconf 88' lang='lat' dir='ltr'><strong>potiti</strong></span> <span class='ocrx_word' id='word_1_24' title='bbox 1956 622 2165 681; x_wconf 87' lang='lat' dir='ltr'><strong>essent</strong></span> <span class='ocrx_word' id='word_1_25' title='bbox 2188 663 2205 693; x_wconf 87' lang='lat'>‚</span> <span class='ocrx_word' id='word_1_26' title='bbox 2258 616 2424 681; x_wconf 90' lang='lat' dir='ltr'><strong>nihil</strong></span> <span class='ocrx_word' id='word_1_27' title='bbox 2471 618 2737 681; x_wconf 90' lang='lat' dir='ltr'><strong>omnino</strong></span> <span class='ocrx_word' id='word_1_28' title='bbox 2785 618 2945 701; x_wconf 83' lang='lat' dir='ltr'><strong>ipsos</strong></span> 
     </span>
     <span class='ocr_line' id='line_1_5' title="bbox 547 721 2941 809; baseline -0 -24"><span class='ocrx_word' id='word_1_29' title='bbox 547 721 672 786; x_wconf 85' lang='lat' dir='ltr'><strong>sibi</strong></span> <span class='ocrx_word' id='word_1_30' title='bbox 733 724 1124 807; x_wconf 77' lang='lat' dir='ltr'><strong>poposcisse,</strong></span> <span class='ocrx_word' id='word_1_31' title='bbox 1189 722 1562 806; x_wconf 87' lang='lat' dir='ltr'><strong>praesertim</strong></span> <span class='ocrx_word' id='word_1_32' title='bbox 1624 725 1694 787; x_wconf 87' lang='lat' dir='ltr'><strong>in</strong></span> <span class='ocrx_word' id='word_1_33' title='bbox 1756 722 1890 787; x_wconf 91' lang='lat' dir='ltr'><strong>illis</strong></span> <span class='ocrx_word' id='word_1_34' title='bbox 1909 772 1927 807; x_wconf 89' lang='lat'><strong>,</strong></span> <span class='ocrx_word' id='word_1_35' title='bbox 1990 724 2223 808; x_wconf 90' lang='lat' dir='ltr'><strong>quibus</strong></span> <span class='ocrx_word' id='word_1_36' title='bbox 2268 730 2440 787; x_wconf 88' lang='lat' dir='ltr'><strong>tunc·</strong></span> <span class='ocrx_word' id='word_1_37' title='bbox 2468 728 2941 809; x_wconf 82' lang='lat' dir='ltr'><strong>premerentur,</strong></span> 
     </span>
     <span class='ocr_line' id='line_1_6' title="bbox 545 826 2947 915; baseline -0.001 -22"><span class='ocrx_word' id='word_1_38' title='bbox 545 829 958 915; x_wconf 78' lang='lat' dir='ltr'><strong>pecuniarum</strong></span> <span class='ocrx_word' id='word_1_39' title='bbox 1025 830 1362 915; x_wconf 80' lang='lat' dir='ltr'><strong>angustiis.</strong></span> <span class='ocrx_word' id='word_1_40' title='bbox 1439 826 1602 911; x_wconf 83' lang='lat' dir='ltr'><strong>Sed,</strong></span> <span class='ocrx_word' id='word_1_41' title='bbox 1668 830 1725 893; x_wconf 88' lang='lat' dir='ltr'><strong>si</strong></span> <span class='ocrx_word' id='word_1_42' title='bbox 1786 848 1947 913; x_wconf 86' lang='lat' dir='ltr'><strong>quae</strong></span> <span class='ocrx_word' id='word_1_43' title='bbox 2004 827 2277 913; x_wconf 88' lang='lat' dir='ltr'><strong>populus</strong></span> <span class='ocrx_word' id='word_1_44' title='bbox 2327 828 2829 895; x_wconf 78' lang='lat' dir='ltr'><strong>Atheniensium</strong></span> <span class='ocrx_word' id='word_1_45' title='bbox 2876 846 2947 891; x_wconf 79' lang='lat' dir='ltr'><strong>ex</strong></span> 
     </span>
     <span class='ocr_line' id='line_1_7' title="bbox 547 930 2951 1020; baseline -0.002 -20"><span class='ocrx_word' id='word_1_46' title='bbox 547 933 771 1019; x_wconf 89' lang='lat' dir='ltr'><strong>spoliis</strong></span> <span class='ocrx_word' id='word_1_47' title='bbox 817 932 954 999; x_wconf 88' lang='lat' dir='ltr'><strong>illis</strong></span> <span class='ocrx_word' id='word_1_48' title='bbox 1000 930 1418 1020; x_wconf 80' lang='lat' dir='ltr'><strong>optimatium</strong></span> <span class='ocrx_word' id='word_1_49' title='bbox 1466 932 1835 1000; x_wconf 77' lang='lat' dir='ltr'><strong>Samiorum</strong></span> <span class='ocrx_word' id='word_1_50' title='bbox 1882 934 2169 1000; x_wconf 85' lang='lat' dir='ltr'><strong>lucratus</strong></span> <span class='ocrx_word' id='word_1_51' title='bbox 2215 940 2312 1000; x_wconf 86' lang='lat' dir='ltr'><strong>est</strong></span> <span class='ocrx_word' id='word_1_52' title='bbox 2332 982 2349 1012; x_wconf 87' lang='lat'>‚</span> <span class='ocrx_word' id='word_1_53' title='bbox 2402 933 2658 1000; x_wconf 80' lang='lat' dir='ltr'><strong>nullum</strong></span> <span class='ocrx_word' id='word_1_54' title='bbox 2702 942 2808 1000; x_wconf 85' lang='lat' dir='ltr'><strong>est</strong></span> <span class='ocrx_word' id='word_1_55' title='bbox 2846 932 2951 997; x_wconf 91' lang='lat' dir='ltr'><strong>du·</strong></span> 
     </span>
     <span class='ocr_line' id='line_1_8' title="bbox 547 1039 2951 1127; baseline -0.001 -20"><span class='ocrx_word' id='word_1_56' title='bbox 547 1042 732 1107; x_wconf 85' lang='lat' dir='ltr'><strong>bium</strong></span> <span class='ocrx_word' id='word_1_57' title='bbox 751 1088 766 1119; x_wconf 95' lang='lat'>‚</span> <span class='ocrx_word' id='word_1_58' title='bbox 832 1043 986 1126; x_wconf 91' lang='lat' dir='ltr'><strong>quin</strong></span> <span class='ocrx_word' id='word_1_59' title='bbox 1048 1040 1184 1107; x_wconf 87' lang='lat' dir='ltr'><strong>Dea</strong></span> <span class='ocrx_word' id='word_1_60' title='bbox 1243 1040 1392 1107; x_wconf 89' lang='lat' dir='ltr'><strong>inde</strong></span> <span class='ocrx_word' id='word_1_61' title='bbox 1454 1041 1765 1127; x_wconf 86' lang='lat' dir='ltr'><strong>acceperit</strong></span> <span class='ocrx_word' id='word_1_62' title='bbox 1814 1040 2123 1119; x_wconf 86' lang='lat' dir='ltr'><strong>decimas,</strong></span> <span class='ocrx_word' id='word_1_63' title='bbox 2178 1060 2251 1105; x_wconf 89' lang='lat' dir='ltr'><strong>ac</strong></span> <span class='ocrx_word' id='word_1_64' title='bbox 2297 1042 2389 1107; x_wconf 89' lang='lat' dir='ltr'><strong>sic</strong></span> <span class='ocrx_word' id='word_1_65' title='bbox 2437 1041 2623 1126; x_wconf 87' lang='lat' dir='ltr'><strong>plane</strong></span> <span class='ocrx_word' id='word_1_66' title='bbox 2668 1039 2951 1127; x_wconf 83' lang='lat' dir='ltr'><strong>explica-</strong></span> 
     </span>
     <span class='ocr_line' id='line_1_9' title="bbox 548 1145 2949 1233; baseline -0.001 -21"><span class='ocrx_word' id='word_1_67' title='bbox 548 1155 684 1223; x_wconf 88' lang='lat' dir='ltr'><strong>tur,</strong></span> <span class='ocrx_word' id='word_1_68' title='bbox 740 1168 852 1212; x_wconf 88' lang='lat' dir='ltr'><strong>cur</strong></span> <span class='ocrx_word' id='word_1_69' title='bbox 897 1153 1116 1213; x_wconf 89' lang='lat' dir='ltr'><strong>nostro</strong></span> <span class='ocrx_word' id='word_1_70' title='bbox 1163 1167 1324 1212; x_wconf 86' lang='lat' dir='ltr'><strong>anno</strong></span> <span class='ocrx_word' id='word_1_71' title='bbox 1371 1146 1500 1233; x_wconf 92' lang='grc'><strong>(01.</strong></span> <span class='ocrx_word' id='word_1_72' title='bbox 1551 1146 1640 1213; x_wconf 83' lang='lat'><strong>92</strong></span> <span class='ocrx_word' id='word_1_73' title='bbox 1662 1194 1677 1225; x_wconf 95' lang='lat'>‚</span> <span class='ocrx_word' id='word_1_74' title='bbox 1720 1146 1826 1233; x_wconf 84' lang='lat'><strong>3),</strong></span> <span class='ocrx_word' id='word_1_75' title='bbox 1877 1148 2068 1213; x_wconf 88' lang='lat' dir='ltr'><strong>tertio</strong></span> <span class='ocrx_word' id='word_1_76' title='bbox 2106 1149 2244 1214; x_wconf 80' lang='lat' dir='ltr'><strong>sive</strong></span> <span class='ocrx_word' id='word_1_77' title='bbox 2286 1154 2513 1233; x_wconf 85' lang='lat' dir='ltr'><strong>quarto</strong></span> <span class='ocrx_word' id='word_1_78' title='bbox 2560 1152 2707 1231; x_wconf 84' lang='lat' dir='ltr'><strong>post</strong></span> <span class='ocrx_word' id='word_1_79' title='bbox 2758 1145 2949 1211; x_wconf 89' lang='lat' dir='ltr'><strong>illum</strong></span> 
     </span>
     <span class='ocr_line' id='line_1_10' title="bbox 547 1250 2952 1339; baseline -0.001 -22"><span class='ocrx_word' id='word_1_80' title='bbox 547 1252 679 1339; x_wconf 89' lang='lat' dir='ltr'><strong>(Ol.</strong></span> <span class='ocrx_word' id='word_1_81' title='bbox 731 1251 813 1317; x_wconf 87' lang='grc'><strong>91</strong></span> <span class='ocrx_word' id='word_1_82' title='bbox 837 1301 856 1337; x_wconf 82' lang='grc'>,</span> <span class='ocrx_word' id='word_1_83' title='bbox 904 1254 971 1330; x_wconf 83' lang='lat'><strong>4,</strong></span> <span class='ocrx_word' id='word_1_84' title='bbox 1025 1253 1162 1318; x_wconf 82' lang='lat' dir='ltr'><strong>sive</strong></span> <span class='ocrx_word' id='word_1_85' title='bbox 1211 1250 1458 1336; x_wconf 81' lang='grc'><strong>92,’1)</strong></span> <span class='ocrx_word' id='word_1_86' title='bbox 1523 1258 1704 1319; x_wconf 75' lang='lat' dir='ltr'><strong>tanta</strong></span> <span class='ocrx_word' id='word_1_87' title='bbox 1770 1253 2009 1318; x_wconf 80' lang='lat' dir='ltr'><strong>fuerint</strong></span> <span class='ocrx_word' id='word_1_88' title='bbox 2071 1254 2158 1317; x_wconf 72' lang='grc' dir='ltr'><strong>τὰ</strong></span> <span class='ocrx_word' id='word_1_89' title='bbox 2224 1252 2291 1317; x_wconf 77' lang='grc' dir='ltr'><strong>ἐκ</strong></span> <span class='ocrx_word' id='word_1_90' title='bbox 2343 1252 2587 1329; x_wconf 68' lang='grc' dir='ltr'><strong><em>Σάμου.</em></strong></span> <span class='ocrx_word' id='word_1_91' title='bbox 2659 1252 2765 1318; x_wconf 81' lang='lat' dir='ltr'><strong>Ne</strong></span> <span class='ocrx_word' id='word_1_92' title='bbox 2816 1253 2952 1336; x_wconf 78' lang='lat' dir='ltr'><strong>quis</strong></span> 
     </span>
     <span class='ocr_line' id='line_1_11' title="bbox 549 1358 2953 1446; baseline -0.001 -22"><span class='ocrx_word' id='word_1_93' title='bbox 549 1362 822 1425; x_wconf 84' lang='lat' dir='ltr'><strong>miretur</strong></span> <span class='ocrx_word' id='word_1_94' title='bbox 883 1359 1052 1445; x_wconf 90' lang='lat' dir='ltr'><strong>quod</strong></span> <span class='ocrx_word' id='word_1_95' title='bbox 1119 1366 1254 1446; x_wconf 81' lang='lat' dir='ltr'><strong>tam</strong></span> <span class='ocrx_word' id='word_1_96' title='bbox 1315 1379 1452 1426; x_wconf 88' lang='lat' dir='ltr'><strong>sero</strong></span> <span class='ocrx_word' id='word_1_97' title='bbox 1514 1360 1723 1425; x_wconf 89' lang='lat' dir='ltr'><strong>adhuc</strong></span> <span class='ocrx_word' id='word_1_98' title='bbox 1790 1360 2155 1445; x_wconf 84' lang='lat' dir='ltr'><strong>pervenisse</strong></span> <span class='ocrx_word' id='word_1_99' title='bbox 2215 1358 2333 1425; x_wconf 91' lang='lat' dir='ltr'><strong>illa</strong></span> <span class='ocrx_word' id='word_1_100' title='bbox 2400 1360 2483 1425; x_wconf 88' lang='lat' dir='ltr'><strong>ad</strong></span> <span class='ocrx_word' id='word_1_101' title='bbox 2528 1360 2953 1425; x_wconf 80' lang='lat' dir='ltr'><strong>Athenienses</strong></span> 
     </span>
     <span class='ocr_line' id='line_1_12' title="bbox 553 1464 2953 1554; baseline -0.001 -23"><span class='ocrx_word' id='word_1_102' title='bbox 553 1471 856 1531; x_wconf 88' lang='lat' dir='ltr'><strong>statuam.</strong></span> <span class='ocrx_word' id='word_1_103' title='bbox 927 1464 1097 1531; x_wconf 90' lang='lat' dir='ltr'><strong>Nam</strong></span> <span class='ocrx_word' id='word_1_104' title='bbox 1159 1468 1568 1553; x_wconf 86' lang='lat' dir='ltr'><strong>perspicuum</strong></span> <span class='ocrx_word' id='word_1_105' title='bbox 1636 1472 1733 1532; x_wconf 84' lang='lat' dir='ltr'><strong>est</strong></span> <span class='ocrx_word' id='word_1_106' title='bbox 1777 1487 2048 1554; x_wconf 81' lang='lat' dir='ltr'><strong>magnas</strong></span> <span class='ocrx_word' id='word_1_107' title='bbox 2094 1465 2423 1551; x_wconf 76' lang='lat' dir='ltr'><strong>pecunias,</strong></span> <span class='ocrx_word' id='word_1_108' title='bbox 2477 1502 2561 1514; x_wconf 91' lang='lat'>—</span> <span class='ocrx_word' id='word_1_109' title='bbox 2602 1486 2677 1531; x_wconf 88' lang='lat' dir='ltr'><strong>ac</strong></span> <span class='ocrx_word' id='word_1_110' title='bbox 2724 1484 2953 1551; x_wconf 81' lang='lat' dir='ltr'><strong>parvas</strong></span> 
     </span>
     <span class='ocr_line' id='line_1_13' title="bbox 549 1570 2955 1657; baseline -0.001 -20"><span class='ocrx_word' id='word_1_111' title='bbox 549 1573 676 1637; x_wconf 85' lang='lat' dir='ltr'><strong>sibi</strong></span> <span class='ocrx_word' id='word_1_112' title='bbox 730 1578 945 1657; x_wconf 89' lang='lat' dir='ltr'><strong>pactos</strong></span> <span class='ocrx_word' id='word_1_113' title='bbox 999 1592 1134 1638; x_wconf 89' lang='lat' dir='ltr'><strong>esse</strong></span> <span class='ocrx_word' id='word_1_114' title='bbox 1190 1572 1607 1638; x_wconf 81' lang='lat' dir='ltr'><strong>Athenienses</strong></span> <span class='ocrx_word' id='word_1_115' title='bbox 1654 1592 1841 1641; x_wconf 85' lang='lat' dir='ltr'><strong>nemo</strong></span> <span class='ocrx_word' id='word_1_116' title='bbox 1890 1571 2228 1638; x_wconf 86' lang='lat' dir='ltr'><strong>crediderit</strong></span> <span class='ocrx_word' id='word_1_117' title='bbox 2246 1622 2263 1657; x_wconf 88' lang='lat'>,</span> <span class='ocrx_word' id='word_1_118' title='bbox 2309 1609 2394 1622; x_wconf 89' lang='lat'>-</span> <span class='ocrx_word' id='word_1_119' title='bbox 2433 1592 2639 1657; x_wconf 90' lang='lat' dir='ltr'><strong>neque</strong></span> <span class='ocrx_word' id='word_1_120' title='bbox 2689 1570 2955 1653; x_wconf 86' lang='lat' dir='ltr'><strong>statim,</strong></span> 
     </span>
     <span class='ocr_line' id='line_1_14' title="bbox 551 1665 2951 1764; baseline -0.001 -21"><span class='ocrx_word' id='word_1_121' title='bbox 551 1665 784 1763; x_wconf 44' lang='lat' dir='ltr'><strong>neque*</strong></span> <span class='ocrx_word' id='word_1_122' title='bbox 817 1697 1034 1743; x_wconf 91' lang='lat' dir='ltr'><strong>omnes</strong></span> <span class='ocrx_word' id='word_1_123' title='bbox 1091 1677 1291 1743; x_wconf 87' lang='lat' dir='ltr'><strong>simul</strong></span> <span class='ocrx_word' id='word_1_124' title='bbox 1349 1699 1574 1764; x_wconf 86' lang='lat' dir='ltr'><strong>pensas</strong></span> <span class='ocrx_word' id='word_1_125' title='bbox 1622 1698 1775 1744; x_wconf 87' lang='lat' dir='ltr'><strong>esse.</strong></span> <span class='ocrx_word' id='word_1_126' title='bbox 1848 1677 2245 1764; x_wconf 78' lang='lat' dir='ltr'><strong>Quapropter</strong></span> <span class='ocrx_word' id='word_1_127' title='bbox 2287 1677 2706 1763; x_wconf 83' lang='lat' dir='ltr'><strong>probabiliter</strong></span> <span class='ocrx_word' id='word_1_128' title='bbox 2752 1674 2951 1742; x_wconf 89' lang='lat' dir='ltr'><strong>credi·</strong></span> 
     </span>
     <span class='ocr_line' id='line_1_15' title="bbox 553 1785 2953 1870; baseline -0.003 -20"><span class='ocrx_word' id='word_1_129' title='bbox 553 1791 661 1850; x_wconf 88' lang='lat' dir='ltr'><strong>tur</strong></span> <span class='ocrx_word' id='word_1_130' title='bbox 720 1804 989 1869; x_wconf 90' lang='lat' dir='ltr'><strong>pensum</strong></span> <span class='ocrx_word' id='word_1_131' title='bbox 1054 1804 1188 1849; x_wconf 88' lang='lat' dir='ltr'><strong>esse</strong></span> <span class='ocrx_word' id='word_1_132' title='bbox 1251 1805 1412 1850; x_wconf 90' lang='lat' dir='ltr'><strong>anno</strong></span> <span class='ocrx_word' id='word_1_133' title='bbox 1458 1792 1673 1850; x_wconf 87' lang='lat' dir='ltr'><strong>nostro</strong></span> <span class='ocrx_word' id='word_1_134' title='bbox 1692 1832 1709 1862; x_wconf 88' lang='lat'>‚</span> <span class='ocrx_word' id='word_1_135' title='bbox 1755 1804 2027 1870; x_wconf 88' lang='lat' dir='ltr'><strong>pensum</strong></span> <span class='ocrx_word' id='word_1_136' title='bbox 2074 1805 2209 1849; x_wconf 86' lang='lat' dir='ltr'><strong>esse</strong></span> <span class='ocrx_word' id='word_1_137' title='bbox 2228 1826 2233 1830; x_wconf 96' lang='lat'>-</span> <span class='ocrx_word' id='word_1_138' title='bbox 2255 1804 2418 1849; x_wconf 86' lang='lat' dir='ltr'><strong>anno</strong></span> <span class='ocrx_word' id='word_1_139' title='bbox 2464 1785 2675 1869; x_wconf 81' lang='lat' dir='ltr'><strong>priore</strong></span> <span class='ocrx_word' id='word_1_140' title='bbox 2694 1831 2711 1861; x_wconf 89' lang='lat'><strong>‚</strong></span> <span class='ocrx_word' id='word_1_141' title='bbox 2756 1820 2847 1831; x_wconf 94' lang='lat'><strong>—</strong></span> <span class='ocrx_word' id='word_1_142' title='bbox 2886 1786 2953 1845; x_wconf 83' lang='lat' dir='ltr'><strong>ut</strong></span> 
     </span>
     <span class='ocr_line' id='line_1_16' title="bbox 555 1890 2951 1976; baseline -0.002 -21"><span class='ocrx_word' id='word_1_143' title='bbox 555 1896 803 1955; x_wconf 85' lang='lat' dir='ltr'><strong>taceam</strong></span> <span class='ocrx_word' id='word_1_144' title='bbox 851 1890 931 1955; x_wconf 93' lang='lat' dir='ltr'><strong>de</strong></span> <span class='ocrx_word' id='word_1_145' title='bbox 975 1892 1153 1956; x_wconf 87' lang='lat' dir='ltr'><strong>annis</strong></span> <span class='ocrx_word' id='word_1_146' title='bbox 1202 1892 1659 1976; x_wconf 85' lang='lat' dir='ltr'><strong>posterioribus</strong></span> <span class='ocrx_word' id='word_1_147' title='bbox 1680 1938 1695 1969; x_wconf 95' lang='lat'>‚</span> <span class='ocrx_word' id='word_1_148' title='bbox 1724 1928 1810 1941; x_wconf 92' lang='lat'><strong>-—</strong></span> <span class='ocrx_word' id='word_1_149' title='bbox 1835 1897 1901 1957; x_wconf 90' lang='lat' dir='ltr'><strong>et</strong></span> <span class='ocrx_word' id='word_1_150' title='bbox 1948 1890 2208 1975; x_wconf 91' lang='lat' dir='ltr'><strong>quidem</strong></span> <span class='ocrx_word' id='word_1_151' title='bbox 2257 1891 2356 1955; x_wconf 88' lang='lat' dir='ltr'><strong>bis</strong></span> <span class='ocrx_word' id='word_1_152' title='bbox 2394 1898 2611 1956; x_wconf 87' lang='lat' dir='ltr'><strong>nostro</strong></span> <span class='ocrx_word' id='word_1_153' title='bbox 2656 1910 2861 1972; x_wconf 89' lang='lat' dir='ltr'><strong>anno,</strong></span> <span class='ocrx_word' id='word_1_154' title='bbox 2884 1892 2951 1952; x_wconf 81' lang='lat' dir='ltr'><strong>ut</strong></span> 
     </span>
     <span class='ocr_line' id='line_1_17' title="bbox 557 1993 2949 2082; baseline -0.001 -22"><span class='ocrx_word' id='word_1_155' title='bbox 557 1996 656 2061; x_wconf 92' lang='lat' dir='ltr'><strong>bis</strong></span> <span class='ocrx_word' id='word_1_156' title='bbox 706 1999 1012 2081; x_wconf 89' lang='lat' dir='ltr'><strong>acceperit</strong></span> <span class='ocrx_word' id='word_1_157' title='bbox 1054 1995 1191 2062; x_wconf 87' lang='lat' dir='ltr'><strong>Dea</strong></span> <span class='ocrx_word' id='word_1_158' title='bbox 1239 1996 1520 2063; x_wconf 87' lang='lat' dir='ltr'><strong>decimas</strong></span> <span class='ocrx_word' id='word_1_159' title='bbox 1537 2045 1552 2075; x_wconf 89' lang='lat'><strong>,</strong></span> <span class='ocrx_word' id='word_1_160' title='bbox 1614 1998 1711 2062; x_wconf 88' lang='lat' dir='ltr'><strong>bis</strong></span> <span class='ocrx_word' id='word_1_161' title='bbox 1759 2004 2014 2082; x_wconf 84' lang='lat' dir='ltr'><strong>accepta</strong></span> <span class='ocrx_word' id='word_1_162' title='bbox 2061 2000 2284 2063; x_wconf 87' lang='lat' dir='ltr'><strong>statim</strong></span> <span class='ocrx_word' id='word_1_163' title='bbox 2335 1996 2570 2062; x_wconf 88' lang='lat' dir='ltr'><strong>tradita</strong></span> <span class='ocrx_word' id='word_1_164' title='bbox 2617 1999 2751 2063; x_wconf 83' lang='lat' dir='ltr'><strong>sint</strong></span> <span class='ocrx_word' id='word_1_165' title='bbox 2800 1993 2949 2059; x_wconf 90' lang='lat' dir='ltr'><strong>Hel-</strong></span> 
     </span>
     <span class='ocr_line' id='line_1_18' title="bbox 553 2100 2951 2189; baseline -0 -23"><span class='ocrx_word' id='word_1_166' title='bbox 553 2100 919 2167; x_wconf 84' lang='lat' dir='ltr'><strong>lenotamiis</strong></span> <span class='ocrx_word' id='word_1_167' title='bbox 987 2100 1122 2168; x_wconf 89' lang='lat' dir='ltr'><strong>illis</strong></span> <span class='ocrx_word' id='word_1_168' title='bbox 1191 2111 1381 2188; x_wconf 88' lang='lat' dir='ltr'><strong>atque</strong></span> <span class='ocrx_word' id='word_1_169' title='bbox 1457 2102 1679 2169; x_wconf 88' lang='lat' dir='ltr'><strong>classis</strong></span> <span class='ocrx_word' id='word_1_170' title='bbox 1748 2104 2101 2189; x_wconf 83' lang='lat' dir='ltr'><strong>praefectis.</strong></span> <span class='ocrx_word' id='word_1_171' title='bbox 2174 2102 2513 2169; x_wconf 86' lang='lat' dir='ltr'><strong>Praeterea</strong></span> <span class='ocrx_word' id='word_1_172' title='bbox 2573 2104 2777 2169; x_wconf 90' lang='lat' dir='ltr'><strong>etiam</strong></span> <span class='ocrx_word' id='word_1_173' title='bbox 2842 2102 2951 2166; x_wconf 81' lang='lat' dir='ltr'><strong>hoc</strong></span> 
     </span>
     <span class='ocr_line' id='line_1_19' title="bbox 555 2208 2948 2295; baseline -0.001 -23"><span class='ocrx_word' id='word_1_174' title='bbox 555 2208 726 2274; x_wconf 89' lang='lat' dir='ltr'><strong>haud</strong></span> <span class='ocrx_word' id='word_1_175' title='bbox 773 2211 988 2293; x_wconf 88' lang='lat' dir='ltr'><strong>inepte</strong></span> <span class='ocrx_word' id='word_1_176' title='bbox 1035 2210 1354 2275; x_wconf 88' lang='lat' dir='ltr'><strong>credimus</strong></span> <span class='ocrx_word' id='word_1_177' title='bbox 1373 2259 1391 2294; x_wconf 89' lang='lat'><strong>,</strong></span> <span class='ocrx_word' id='word_1_178' title='bbox 1441 2210 1711 2294; x_wconf 90' lang='lat' dir='ltr'><strong>pendere</strong></span> <span class='ocrx_word' id='word_1_179' title='bbox 1759 2230 1885 2289; x_wconf 78' lang='lat' dir='ltr'><strong>non</strong></span> <span class='ocrx_word' id='word_1_180' title='bbox 1930 2212 2211 2295; x_wconf 85' lang='lat' dir='ltr'><strong>potuisse</strong></span> <span class='ocrx_word' id='word_1_181' title='bbox 2259 2208 2511 2277; x_wconf 86' lang='lat' dir='ltr'><strong>Samios</strong></span> <span class='ocrx_word' id='word_1_182' title='bbox 2531 2256 2547 2287; x_wconf 85' lang='lat'>,</span> <span class='ocrx_word' id='word_1_183' title='bbox 2598 2212 2731 2275; x_wconf 89' lang='lat' dir='ltr'><strong>nisi</strong></span> <span class='ocrx_word' id='word_1_184' title='bbox 2778 2211 2948 2295; x_wconf 87' lang='lat' dir='ltr'><strong>prius</strong></span> 
     </span>
     <span class='ocr_line' id='line_1_20' title="bbox 557 2313 2951 2400; baseline -0.001 -22"><span class='ocrx_word' id='word_1_185' title='bbox 557 2314 942 2400; x_wconf 86' lang='lat' dir='ltr'><strong>quibusdam</strong></span> <span class='ocrx_word' id='word_1_186' title='bbox 991 2315 1268 2381; x_wconf 84' lang='lat' dir='ltr'><strong>venditis</strong></span> <span class='ocrx_word' id='word_1_187' title='bbox 1285 2364 1302 2399; x_wconf 91' lang='lat'><strong>,</strong></span> <span class='ocrx_word' id='word_1_188' title='bbox 1353 2314 1454 2380; x_wconf 85' lang='lat' dir='ltr'><strong>vel</strong></span> <span class='ocrx_word' id='word_1_189' title='bbox 1499 2318 1715 2400; x_wconf 86' lang='lat' dir='ltr'><strong>potius</strong></span> <span class='ocrx_word' id='word_1_190' title='bbox 1763 2315 2260 2381; x_wconf 84' lang='lat' dir='ltr'><strong>Atheniensibus</strong></span> <span class='ocrx_word' id='word_1_191' title='bbox 2308 2317 2467 2400; x_wconf 87' lang='lat' dir='ltr'><strong>ipsis</strong></span> <span class='ocrx_word' id='word_1_192' title='bbox 2512 2320 2577 2381; x_wconf 81' lang='lat' dir='ltr'><strong>et</strong></span> <span class='ocrx_word' id='word_1_193' title='bbox 2620 2313 2795 2380; x_wconf 82' lang='lat' dir='ltr'><strong>Deae</strong></span> <span class='ocrx_word' id='word_1_194' title='bbox 2838 2320 2951 2377; x_wconf 90' lang='lat' dir='ltr'><strong>tra-</strong></span> 
     </span>
    </p>
   </div>
   <div class='ocr_carea' id='block_1_3' title="bbox 435 2416 2949 2508">
    <p class='ocr_par' dir='ltr' id='par_1_3' title="bbox 435 2416 2949 2508">
     <span class='ocr_line' id='line_1_21' title="bbox 435 2416 2949 2508; baseline -0.001 -23"><span class='ocrx_word' id='word_1_195' title='bbox 435 2434 440 2438; x_wconf 79' lang='grc'>·</span> <span class='ocrx_word' id='word_1_196' title='bbox 555 2421 692 2487; x_wconf 85' lang='lat' dir='ltr'><strong>dita</strong></span> <span class='ocrx_word' id='word_1_197' title='bbox 755 2420 1066 2506; x_wconf 85' lang='lat' dir='ltr'><strong>quaedam</strong></span> <span class='ocrx_word' id='word_1_198' title='bbox 1129 2441 1300 2500; x_wconf 86' lang='lat' dir='ltr'><strong>esse,</strong></span> <span class='ocrx_word' id='word_1_199' title='bbox 1365 2441 1526 2508; x_wconf 89' lang='lat' dir='ltr'><strong>quae</strong></span> <span class='ocrx_word' id='word_1_200' title='bbox 1587 2422 2046 2507; x_wconf 84' lang='lat' dir='ltr'><strong>venderentur,</strong></span> <span class='ocrx_word' id='word_1_201' title='bbox 2112 2422 2657 2508; x_wconf 88' lang='lat' dir='ltr'><strong>quemadmodum</strong></span> <span class='ocrx_word' id='word_1_202' title='bbox 2718 2423 2795 2485; x_wconf 86' lang='lat' dir='ltr'><strong>in</strong></span> <span class='ocrx_word' id='word_1_203' title='bbox 2844 2416 2949 2483; x_wconf 84' lang='lat' dir='ltr'><strong>ino</strong></span> 
     </span>
    </p>
   </div>
   <div class='ocr_carea' id='block_1_4' title="bbox 553 2525 2949 2828">
    <p class='ocr_par' dir='ltr' id='par_1_4' title="bbox 553 2525 2949 2828">
     <span class='ocr_line' id='line_1_22' title="bbox 553 2525 2949 2613; baseline 0.002 -21"><span class='ocrx_word' id='word_1_204' title='bbox 553 2527 986 2613; x_wconf 83' lang='lat' dir='ltr'><strong>psephismate</strong></span> <span class='ocrx_word' id='word_1_205' title='bbox 1045 2525 1140 2613; x_wconf 85' lang='lat' dir='ltr'><strong>(C.</strong></span> <span class='ocrx_word' id='word_1_206' title='bbox 1192 2529 1247 2596; x_wconf 94' lang='grc' dir='ltr'><strong>Ι.</strong></span> <span class='ocrx_word' id='word_1_207' title='bbox 1302 2528 1374 2593; x_wconf 71' lang='lat' dir='ltr'><strong>A,</strong></span> <span class='ocrx_word' id='word_1_208' title='bbox 1441 2528 1512 2607; x_wconf 86' lang='lat' dir='ltr'><strong>I,</strong></span> <span class='ocrx_word' id='word_1_209' title='bbox 1577 2527 1693 2606; x_wconf 83' lang='lat'><strong>32)</strong></span> <span class='ocrx_word' id='word_1_210' title='bbox 1754 2550 1963 2596; x_wconf 90' lang='lat' dir='ltr'><strong>sermo</strong></span> <span class='ocrx_word' id='word_1_211' title='bbox 2027 2537 2123 2595; x_wconf 84' lang='lat' dir='ltr'><strong>est</strong></span> <span class='ocrx_word' id='word_1_212' title='bbox 2190 2529 2269 2594; x_wconf 87' lang='lat' dir='ltr'><strong>de</strong></span> <span class='ocrx_word' id='word_1_213' title='bbox 2329 2537 2456 2600; x_wconf 78' lang='grc' dir='ltr'><strong><em>τοῖς</em></strong></span> <span class='ocrx_word' id='word_1_214' title='bbox 2522 2527 2591 2594; x_wconf 75' lang='grc' dir='ltr'><strong>ἐκ</strong></span> <span class='ocrx_word' id='word_1_215' title='bbox 2654 2528 2949 2600; x_wconf 66' lang='grc' dir='ltr'><strong>δεκάτης,</strong></span> 
     </span>
     <span class='ocr_line' id='line_1_23' title="bbox 554 2633 2945 2720; baseline -0.001 -20"><span class='ocrx_word' id='word_1_216' title='bbox 554 2653 714 2720; x_wconf 87' lang='lat' dir='ltr'><strong>quae</strong></span> <span class='ocrx_word' id='word_1_217' title='bbox 778 2633 949 2701; x_wconf 89' lang='lat' dir='ltr'><strong>Deae</strong></span> <span class='ocrx_word' id='word_1_218' title='bbox 1011 2635 1336 2713; x_wconf 85' lang='lat' dir='ltr'><strong>darentur,</strong></span> <span class='ocrx_word' id='word_1_219' title='bbox 1402 2635 1652 2702; x_wconf 71' lang='grc' dir='ltr'><strong>ἐπειδὰν</strong></span> <span class='ocrx_word' id='word_1_220' title='bbox 1700 2637 1923 2716; x_wconf 67' lang='grc' dir='ltr'><strong>προεθῇ.</strong></span> <span class='ocrx_word' id='word_1_221' title='bbox 1990 2635 2155 2701; x_wconf 90' lang='lat' dir='ltr'><strong>Utut</strong></span> <span class='ocrx_word' id='word_1_222' title='bbox 2203 2643 2331 2714; x_wconf 87' lang='lat' dir='ltr'><strong>est,</strong></span> <span class='ocrx_word' id='word_1_223' title='bbox 2372 2635 2451 2700; x_wconf 90' lang='lat' dir='ltr'><strong>de</strong></span> <span class='ocrx_word' id='word_1_224' title='bbox 2491 2655 2748 2701; x_wconf 90' lang='lat' dir='ltr'><strong>summa</strong></span> <span class='ocrx_word' id='word_1_225' title='bbox 2794 2635 2945 2700; x_wconf 91' lang='lat' dir='ltr'><strong>Deo-</strong></span> 
     </span>
     <span class='ocr_line' id='line_1_24' title="bbox 555 2740 2948 2828; baseline -0.002 -22"><span class='ocrx_word' id='word_1_226' title='bbox 555 2761 700 2806; x_wconf 87' lang='lat' dir='ltr'><strong>rum</strong></span> <span class='ocrx_word' id='word_1_227' title='bbox 739 2741 1064 2807; x_wconf 88' lang='lat' dir='ltr'><strong>redituum</strong></span> <span class='ocrx_word' id='word_1_228' title='bbox 1114 2762 1468 2808; x_wconf 89' lang='lat' dir='ltr'><strong>annuorum</strong></span> <span class='ocrx_word' id='word_1_229' title='bbox 1517 2743 1689 2808; x_wconf 90' lang='lat' dir='ltr'><strong>haud</strong></span> <span class='ocrx_word' id='word_1_230' title='bbox 1738 2743 1925 2828; x_wconf 88' lang='lat' dir='ltr'><strong>plane</strong></span> <span class='ocrx_word' id='word_1_231' title='bbox 1975 2749 2240 2808; x_wconf 87' lang='lat' dir='ltr'><strong>constat.</strong></span> <span class='ocrx_word' id='word_1_232' title='bbox 2288 2740 2697 2807; x_wconf 88' lang='lat' dir='ltr'><strong>Probabilius</strong></span> <span class='ocrx_word' id='word_1_233' title='bbox 2740 2747 2948 2807; x_wconf 87' lang='lat' dir='ltr'><strong>tamen</strong></span> 
     </span>
    </p>
   </div>
   <div class='ocr_carea' id='block_1_5' title="bbox 555 2847 2951 3020">
    <p class='ocr_par' dir='ltr' id='par_1_5' title="bbox 555 2847 2951 3020">
     <span class='ocr_line' id='line_1_25' title="bbox 555 2847 2951 2935; baseline -0.001 -22"><span class='ocrx_word' id='word_1_234' title='bbox 555 2850 931 2913; x_wconf 88' lang='lat' dir='ltr'><strong>coniicimus</strong></span> <span class='ocrx_word' id='word_1_235' title='bbox 993 2849 1190 2915; x_wconf 86' lang='lat' dir='ltr'><strong>fuisse</strong></span> <span class='ocrx_word' id='word_1_236' title='bbox 1251 2868 1359 2916; x_wconf 89' lang='lat' dir='ltr'><strong>eos</strong></span> <span class='ocrx_word' id='word_1_237' title='bbox 1404 2848 1783 2935; x_wconf 84' lang='lat' dir='ltr'><strong>plerumque</strong></span> <span class='ocrx_word' id='word_1_238' title='bbox 1828 2847 1963 2914; x_wconf 80' lang='lat'><strong>200</strong></span> <span class='ocrx_word' id='word_1_239' title='bbox 2012 2847 2271 2915; x_wconf 82' lang='lat' dir='ltr'><strong>talentis</strong></span> <span class='ocrx_word' id='word_1_240' title='bbox 2319 2851 2599 2914; x_wconf 86' lang='lat' dir='ltr'><strong>minores</strong></span> <span class='ocrx_word' id='word_1_241' title='bbox 2617 2897 2635 2932; x_wconf 89' lang='lat'><strong>,</strong></span> <span class='ocrx_word' id='word_1_242' title='bbox 2687 2849 2951 2913; x_wconf 81' lang='lat' dir='ltr'><strong>maiores</strong></span> 
     </span>
     <span class='ocr_line' id='line_1_26' title="bbox 558 2953 1020 3020; baseline -0.002 -2"><span class='ocrx_word' id='word_1_243' title='bbox 558 2953 816 3019; x_wconf 86' lang='lat' dir='ltr'><strong>talentis</strong></span> <span class='ocrx_word' id='word_1_244' title='bbox 869 2953 1020 3020; x_wconf 91' lang='lat'>100.</span> 
     </span>
    </p>
   </div>
   <div class='ocr_carea' id='block_1_6' title="bbox 628 3058 2950 3148">
    <p class='ocr_par' dir='ltr' id='par_1_6' title="bbox 628 3058 2950 3148">
     <span class='ocr_line' id='line_1_27' title="bbox 628 3058 2950 3148; baseline 0 -24"><span class='ocrx_word' id='word_1_245' title='bbox 628 3058 746 3124; x_wconf 81' lang='lat' dir='ltr'><strong>Ex</strong></span> <span class='ocrx_word' id='word_1_246' title='bbox 796 3059 900 3125; x_wconf 89' lang='lat' dir='ltr'><strong>his</strong></span> <span class='ocrx_word' id='word_1_247' title='bbox 945 3063 1153 3148; x_wconf 81' lang='lat' dir='ltr'><strong>igitur</strong></span> <span class='ocrx_word' id='word_1_248' title='bbox 1198 3063 1354 3127; x_wconf 87' lang='lat' dir='ltr'><strong>satis</strong></span> <span class='ocrx_word' id='word_1_249' title='bbox 1401 3067 1687 3127; x_wconf 81' lang='lat' dir='ltr'><strong>constare</strong></span> <span class='ocrx_word' id='word_1_250' title='bbox 1732 3061 1989 3128; x_wconf 80' lang='lat' dir='ltr'><strong>videtur</strong></span> <span class='ocrx_word' id='word_1_251' title='bbox 2036 3061 2115 3126; x_wconf 90' lang='lat' dir='ltr'><strong>de</strong></span> <span class='ocrx_word' id='word_1_252' title='bbox 2159 3059 2350 3125; x_wconf 88' lang='lat' dir='ltr'><strong>modo</strong></span> <span class='ocrx_word' id='word_1_253' title='bbox 2398 3067 2461 3125; x_wconf 85' lang='lat' dir='ltr'><strong>et</strong></span> <span class='ocrx_word' id='word_1_254' title='bbox 2510 3061 2789 3136; x_wconf 88' lang='lat' dir='ltr'><strong>ratione,</strong></span> <span class='ocrx_word' id='word_1_255' title='bbox 2818 3059 2950 3144; x_wconf 85' lang='lat' dir='ltr'><strong>qui-</strong></span> 
     </span>
    </p>
   </div>
   <div class='ocr_carea' id='block_1_7' title="bbox 557 3165 3058 3254">
    <p class='ocr_par' dir='ltr' id='par_1_7' title="bbox 557 3165 3058 3254">
     <span class='ocr_line' id='line_1_28' title="bbox 557 3165 3058 3254; baseline 0.001 -23"><span class='ocrx_word' id='word_1_256' title='bbox 557 3165 677 3231; x_wconf 88' lang='lat' dir='ltr'><strong>bus</strong></span> <span class='ocrx_word' id='word_1_257' title='bbox 738 3168 1057 3254; x_wconf 85' lang='lat' dir='ltr'><strong>prioribus</strong></span> <span class='ocrx_word' id='word_1_258' title='bbox 1114 3168 1267 3233; x_wconf 91' lang='lat' dir='ltr'><strong>belli</strong></span> <span class='ocrx_word' id='word_1_259' title='bbox 1311 3166 1833 3252; x_wconf 87' lang='lat' dir='ltr'><strong>Peloponnesiaci</strong></span> <span class='ocrx_word' id='word_1_260' title='bbox 1881 3166 2065 3232; x_wconf 85' lang='lat' dir='ltr'><strong>annis</strong></span> <span class='ocrx_word' id='word_1_261' title='bbox 2112 3172 2525 3251; x_wconf 86' lang='lat' dir='ltr'><strong>consumptae</strong></span> <span class='ocrx_word' id='word_1_262' title='bbox 2570 3171 2723 3231; x_wconf 83' lang='lat' dir='ltr'><strong>sunt</strong></span> <span class='ocrx_word' id='word_1_263' title='bbox 2764 3183 2946 3250; x_wconf 88' lang='lat' dir='ltr'><strong>pecu·</strong></span> <span class='ocrx_word' id='word_1_264' title='bbox 3057 3225 3058 3234; x_wconf 73' lang='grc'>,</span> 
     </span>
    </p>
   </div>
   <div class='ocr_carea' id='block_1_8' title="bbox 555 3272 2949 3550">
    <p class='ocr_par' dir='ltr' id='par_1_8' title="bbox 555 3272 2949 3550">
     <span class='ocr_line' id='line_1_29' title="bbox 555 3272 2946 3356; baseline 0 -20"><span class='ocrx_word' id='word_1_265' title='bbox 555 3274 700 3338; x_wconf 87' lang='lat' dir='ltr'><strong>niae</strong></span> <span class='ocrx_word' id='word_1_266' title='bbox 762 3294 840 3338; x_wconf 85' lang='lat' dir='ltr'><strong>ex</strong></span> <span class='ocrx_word' id='word_1_267' title='bbox 905 3276 1162 3338; x_wconf 87' lang='lat' dir='ltr'><strong>aerariis</strong></span> <span class='ocrx_word' id='word_1_268' title='bbox 1227 3273 1510 3339; x_wconf 87' lang='lat' dir='ltr'><strong>deorum.</strong></span> <span class='ocrx_word' id='word_1_269' title='bbox 1561 3273 1653 3338; x_wconf 85' lang='lat' dir='ltr'><strong>Ut</strong></span> <span class='ocrx_word' id='word_1_270' title='bbox 1697 3279 1914 3338; x_wconf 86' lang='lat' dir='ltr'><strong>tamen</strong></span> <span class='ocrx_word' id='word_1_271' title='bbox 1960 3273 2214 3338; x_wconf 87' lang='lat' dir='ltr'><strong>facilius</strong></span> <span class='ocrx_word' id='word_1_272' title='bbox 2258 3272 2335 3338; x_wconf 89' lang='lat' dir='ltr'><strong>de</strong></span> <span class='ocrx_word' id='word_1_273' title='bbox 2380 3292 2447 3337; x_wconf 88' lang='lat' dir='ltr'><strong>re</strong></span> <span class='ocrx_word' id='word_1_274' title='bbox 2494 3272 2767 3336; x_wconf 87' lang='lat' dir='ltr'><strong>iudicari</strong></span> <span class='ocrx_word' id='word_1_275' title='bbox 2818 3289 2946 3356; x_wconf 79' lang='lat' dir='ltr'><strong>pos-</strong></span> 
     </span>
     <span class='ocr_line' id='line_1_30' title="bbox 557 3376 2949 3468; baseline -0.003 -25"><span class='ocrx_word' id='word_1_276' title='bbox 557 3380 676 3456; x_wconf 87' lang='lat' dir='ltr'><strong>sit,</strong></span> <span class='ocrx_word' id='word_1_277' title='bbox 742 3379 1116 3466; x_wconf 81' lang='lat' dir='ltr'><strong>redigamus</strong></span> <span class='ocrx_word' id='word_1_278' title='bbox 1175 3377 1434 3468; x_wconf 82' lang='lat' dir='ltr'><strong>singula</strong></span> <span class='ocrx_word' id='word_1_279' title='bbox 1453 3426 1469 3457; x_wconf 84' lang='lat'><strong>,</strong></span> <span class='ocrx_word' id='word_1_280' title='bbox 1525 3399 1687 3464; x_wconf 89' lang='lat' dir='ltr'><strong>quae</strong></span> <span class='ocrx_word' id='word_1_281' title='bbox 1733 3382 2177 3464; x_wconf 86' lang='lat' dir='ltr'><strong>proposuimus</strong></span> <span class='ocrx_word' id='word_1_282' title='bbox 2196 3429 2211 3454; x_wconf 90' lang='lat'>,</span> <span class='ocrx_word' id='word_1_283' title='bbox 2260 3380 2326 3444; x_wconf 89' lang='lat' dir='ltr'><strong>in</strong></span> <span class='ocrx_word' id='word_1_284' title='bbox 2378 3376 2668 3444; x_wconf 87' lang='lat' dir='ltr'><strong>tabulam</strong></span> <span class='ocrx_word' id='word_1_285' title='bbox 2686 3425 2703 3455; x_wconf 87' lang='lat'><strong>,</strong></span> <span class='ocrx_word' id='word_1_286' title='bbox 2764 3377 2949 3443; x_wconf 80' lang='lat' dir='ltr'><strong>hocce</strong></span> 
     </span>
     <span class='ocr_line' id='line_1_31' title="bbox 559 3484 786 3550; baseline 0.004 -1"><span class='ocrx_word' id='word_1_287' title='bbox 559 3484 786 3550; x_wconf 84' lang='lat' dir='ltr'><strong>modo:</strong></span> 
     </span>
    </p>
   </div>
   <div class='ocr_carea' id='block_1_9' title="bbox 573 4027 966 4040">
    <p class='ocr_par' dir='ltr' id='par_1_9' title="bbox 573 4027 966 4040">
     <span class='ocr_line' id='line_1_32' title="bbox 573 4027 966 4040; baseline 0 960"><span class='ocrx_word' id='word_1_288' title='bbox 573 4027 966 4040; x_wconf 95' lang='lat' dir='ltr'><strong> </strong></span> 
     </span>
    </p>
   </div>
   <div class='ocr_carea' id='block_1_10' title="bbox 556 4105 2955 4421">
    <p class='ocr_par' dir='ltr' id='par_1_10' title="bbox 556 4105 2955 4421">
     <span class='ocr_line' id='line_1_33' title="bbox 627 4105 2955 4172; baseline 0 -13"><span class='ocrx_word' id='word_1_289' title='bbox 627 4111 678 4170; x_wconf 89' lang='lat'><strong>1)</strong></span> <span class='ocrx_word' id='word_1_290' title='bbox 713 4107 800 4158; x_wconf 71' lang='grc' dir='ltr'><strong>καὶ</strong></span> <span class='ocrx_word' id='word_1_291' title='bbox 845 4107 872 4157; x_wconf 78' lang='grc' dir='ltr'><em>ὃ</em></span> <span class='ocrx_word' id='word_1_292' title='bbox 917 4105 1070 4169; x_wconf 70' lang='grc' dir='ltr'><strong><em>δῆμος</em></strong></span> <span class='ocrx_word' id='word_1_293' title='bbox 1114 4107 1141 4156; x_wconf 79' lang='grc' dir='ltr'><em>δ</em></span> <span class='ocrx_word' id='word_1_294' title='bbox 1183 4108 1378 4172; x_wconf 72' lang='grc' dir='ltr'><strong><em>Σαμίων</em></strong></span> <span class='ocrx_word' id='word_1_295' title='bbox 1421 4105 1473 4166; x_wconf 68' lang='grc' dir='ltr'><strong>ἃς</strong></span> <span class='ocrx_word' id='word_1_296' title='bbox 1520 4106 1802 4167; x_wconf 74' lang='grc' dir='ltr'><strong><em>διακοσίους</em></strong></span> <span class='ocrx_word' id='word_1_297' title='bbox 1848 4107 1940 4170; x_wconf 77' lang='grc' dir='ltr'><strong>μέν</strong></span> <span class='ocrx_word' id='word_1_298' title='bbox 1987 4125 2127 4168; x_wconf 75' lang='grc' dir='ltr'><strong><em>τινας</em></strong></span> <span class='ocrx_word' id='word_1_299' title='bbox 2170 4109 2293 4166; x_wconf 70' lang='grc' dir='ltr'><strong>τοὺς</strong></span> <span class='ocrx_word' id='word_1_300' title='bbox 2338 4106 2540 4167; x_wconf 69' lang='grc' dir='ltr'><strong><em>πάντας</em></strong></span> <span class='ocrx_word' id='word_1_301' title='bbox 2589 4113 2690 4158; x_wconf 69' lang='grc' dir='ltr'><strong>τῶν</strong></span> <span class='ocrx_word' id='word_1_302' title='bbox 2747 4108 2955 4159; x_wconf 58' lang='lat' dir='ltr'><strong>&amp;vum-Bu</strong></span> 
     </span>
     <span class='ocr_line' id='line_1_34' title="bbox 560 4188 2952 4256; baseline -0.002 -14"><span class='ocrx_word' id='word_1_303' title='bbox 560 4189 849 4248; x_wconf 72' lang='grc' dir='ltr'><strong><em>ἀπέκτεινε,</em></strong></span> <span class='ocrx_word' id='word_1_304' title='bbox 885 4189 1240 4252; x_wconf 75' lang='grc' dir='ltr'><strong>τετρακοσίους</strong></span> <span class='ocrx_word' id='word_1_305' title='bbox 1276 4188 1330 4240; x_wconf 67' lang='grc' dir='ltr'><strong>δί</strong></span> <span class='ocrx_word' id='word_1_306' title='bbox 1365 4193 1504 4256; x_wconf 64' lang='grc' dir='ltr'><strong>φυγῇ</strong></span> <span class='ocrx_word' id='word_1_307' title='bbox 1542 4189 1893 4256; x_wconf 72' lang='grc' dir='ltr'><strong>ζημιώσαντες</strong></span> <span class='ocrx_word' id='word_1_308' title='bbox 1928 4191 2009 4241; x_wconf 73' lang='grc' dir='ltr'><strong>καὶ</strong></span> <span class='ocrx_word' id='word_1_309' title='bbox 2044 4190 2195 4241; x_wconf 72' lang='grc' dir='ltr'><strong><em>αὐτοὶ</em></strong></span> <span class='ocrx_word' id='word_1_310' title='bbox 2226 4191 2317 4248; x_wconf 67' lang='grc' dir='ltr'><strong>τὴν</strong></span> <span class='ocrx_word' id='word_1_311' title='bbox 2352 4193 2447 4254; x_wconf 61' lang='lat' dir='ltr'><strong>‘yfir</strong></span> <span class='ocrx_word' id='word_1_312' title='bbox 2484 4188 2651 4239; x_wconf 72' lang='grc' dir='ltr'><strong><em>αὒτῶν</em></strong></span> <span class='ocrx_word' id='word_1_313' title='bbox 2697 4191 2783 4240; x_wconf 71' lang='grc' dir='ltr'><strong>καὶ</strong></span> <span class='ocrx_word' id='word_1_314' title='bbox 2813 4189 2952 4254; x_wconf 56' lang='grc' dir='ltr'><strong>οἰκίας</strong></span> 
     </span>
     <span class='ocr_line' id='line_1_35' title="bbox 556 4269 2950 4338; baseline -0.001 -15"><span class='ocrx_word' id='word_1_315' title='bbox 556 4271 863 4335; x_wconf 76' lang='grc' dir='ltr'><strong>νειμάμενοι,</strong></span> <span class='ocrx_word' id='word_1_316' title='bbox 910 4271 1172 4330; x_wconf 73' lang='grc' dir='ltr'><strong>Ἀθηναίων</strong></span> <span class='ocrx_word' id='word_1_317' title='bbox 1221 4289 1281 4322; x_wconf 78' lang='grc' dir='ltr'><strong>τε</strong></span> <span class='ocrx_word' id='word_1_318' title='bbox 1319 4274 1492 4336; x_wconf 76' lang='grc' dir='ltr'><strong><em>σφίσιν</em></strong></span> <span class='ocrx_word' id='word_1_319' title='bbox 1525 4271 1827 4335; x_wconf 72' lang='grc' dir='ltr'><strong><em>αὐτονομίαν</em></strong></span> <span class='ocrx_word' id='word_1_320' title='bbox 1862 4275 1999 4338; x_wconf 70' lang='grc' dir='ltr'><strong>μετὰ</strong></span> <span class='ocrx_word' id='word_1_321' title='bbox 2033 4277 2205 4324; x_wconf 74' lang='grc' dir='ltr'><strong>ταῦτα</strong></span> <span class='ocrx_word' id='word_1_322' title='bbox 2240 4273 2305 4333; x_wconf 75' lang='grc' dir='ltr'><strong>ὡς</strong></span> <span class='ocrx_word' id='word_1_323' title='bbox 2340 4272 2565 4336; x_wconf 73' lang='grc' dir='ltr'><strong>βεβαίοις</strong></span> <span class='ocrx_word' id='word_1_324' title='bbox 2598 4269 2690 4332; x_wconf 69' lang='lat'><strong>553»,</strong></span> <span class='ocrx_word' id='word_1_325' title='bbox 2738 4273 2950 4338; x_wconf 71' lang='grc' dir='ltr'><strong>ψηφισα·</strong></span> 
     </span>
     <span class='ocr_line' id='line_1_36' title="bbox 560 4351 1731 4421; baseline 0 -17"><span class='ocrx_word' id='word_1_326' title='bbox 560 4355 741 4421; x_wconf 70' lang='grc' dir='ltr'><strong><em>μένων,</em></strong></span> <span class='ocrx_word' id='word_1_327' title='bbox 777 4356 847 4406; x_wconf 66' lang='grc' dir='ltr'><strong>τὰ</strong></span> <span class='ocrx_word' id='word_1_328' title='bbox 884 4355 1038 4405; x_wconf 66' lang='grc' dir='ltr'><strong><em>λοιπὰ</em></strong></span> <span class='ocrx_word' id='word_1_329' title='bbox 1074 4351 1276 4418; x_wconf 58' lang='lat' dir='ltr'><strong>defixam</strong></span> <span class='ocrx_word' id='word_1_330' title='bbox 1313 4353 1404 4414; x_wconf 72' lang='grc' dir='ltr'><strong>τὴν</strong></span> <span class='ocrx_word' id='word_1_331' title='bbox 1440 4357 1587 4405; x_wconf 70' lang='grc' dir='ltr'><strong><em>πόλιν</em></strong></span> <span class='ocrx_word' id='word_1_332' title='bbox 1622 4351 1731 4406; x_wconf 60' lang='lat' dir='ltr'><strong>xvi.</strong></span> 
     </span>
    </p>
   </div>
  </div>
 </body>
</html>
