<?xml version="1.0" encoding="UTF-8"?>
<!DOCTYPE html PUBLIC "-//W3C//DTD XHTML 1.0 Transitional//EN"
    "http://www.w3.org/TR/xhtml1/DTD/xhtml1-transitional.dtd">
<html xmlns="http://www.w3.org/1999/xhtml" xml:lang="en" lang="en">
 <head>
  <title>
</title>
<meta http-equiv="Content-Type" content="text/html;charset=utf-8" />
  <meta name='ocr-system' content='tesseract 3.04.00' />
  <meta name='ocr-capabilities' content='ocr_page ocr_carea ocr_par ocr_line ocrx_word'/>
</head>
<body>
  <div class='ocr_page' id='page_1' title='image "./mnemosyne06servgoog_0303.png"; bbox 0 0 3150 5000; ppageno 0'>
   <div class='ocr_carea' id='block_1_1' title="bbox 1265 250 2573 320">
    <p class='ocr_par' dir='ltr' id='par_1_1' title="bbox 1265 250 2573 320">
     <span class='ocr_line' id='line_1_1' title="bbox 1265 250 2573 320; baseline -0.005 0"><span class='ocrx_word' id='word_1_1' title='bbox 1265 270 1508 320; x_wconf 73' lang='lat' dir='ltr'><strong>omaso.</strong></span> <span class='ocrx_word' id='word_1_2' title='bbox 2444 250 2573 318; x_wconf 80' lang='lat'>291.</span> 
     </span>
    </p>
   </div>
   <div class='ocr_carea' id='block_1_2' title="bbox 225 433 2589 1358">
    <p class='ocr_par' dir='ltr' id='par_1_2' title="bbox 225 433 2589 1358">
     <span class='ocr_line' id='line_1_2' title="bbox 231 433 2585 522; baseline 0.001 -24"><span class='ocrx_word' id='word_1_3' title='bbox 231 437 514 500; x_wconf 65' lang='lat' dir='ltr'><strong>ademtae</strong></span> <span class='ocrx_word' id='word_1_4' title='bbox 549 433 636 498; x_wconf 81' lang='lat'><strong>24</strong></span> <span class='ocrx_word' id='word_1_5' title='bbox 676 435 952 500; x_wconf 70' lang='lat' dir='ltr'><strong>adsidere</strong></span> <span class='ocrx_word' id='word_1_6' title='bbox 994 433 1074 500; x_wconf 82' lang='lat'><strong>17</strong></span> <span class='ocrx_word' id='word_1_7' title='bbox 1095 484 1112 512; x_wconf 94' lang='lat'><strong>,</strong></span> <span class='ocrx_word' id='word_1_8' title='bbox 1149 457 1376 522; x_wconf 86' lang='lat' dir='ltr'><strong>parum</strong></span> <span class='ocrx_word' id='word_1_9' title='bbox 1419 440 1795 509; x_wconf 78' lang='lat' dir='ltr'><strong>constanter,</strong></span> <span class='ocrx_word' id='word_1_10' title='bbox 1842 435 1952 500; x_wconf 89' lang='lat' dir='ltr'><strong>sed</strong></span> <span class='ocrx_word' id='word_1_11' title='bbox 1995 435 2344 500; x_wconf 88' lang='lat' dir='ltr'><strong>secuudum</strong></span> <span class='ocrx_word' id='word_1_12' title='bbox 2370 435 2585 501; x_wconf 83' lang='lat' dir='ltr'><strong>Rievii</strong></span> 
     </span>
     <span class='ocr_line' id='line_1_3' title="bbox 229 539 2585 629; baseline 0 -23"><span class='ocrx_word' id='word_1_13' title='bbox 229 540 622 606; x_wconf 84' lang='lat' dir='ltr'><strong>collationem.</strong></span> <span class='ocrx_word' id='word_1_14' title='bbox 671 539 1006 608; x_wconf 88' lang='lat' dir='ltr'><strong>Postrema</strong></span> <span class='ocrx_word' id='word_1_15' title='bbox 1053 541 1340 620; x_wconf 90' lang='lat' dir='ltr'><strong>collatio,</strong></span> <span class='ocrx_word' id='word_1_16' title='bbox 1393 541 1549 606; x_wconf 89' lang='lat' dir='ltr'><strong>dum</strong></span> <span class='ocrx_word' id='word_1_17' title='bbox 1599 544 1711 608; x_wconf 84' lang='lat' dir='ltr'><strong>vix</strong></span> <span class='ocrx_word' id='word_1_18' title='bbox 1736 540 2087 626; x_wconf 76' lang='lat' dir='ltr'><strong>quidquam</strong></span> <span class='ocrx_word' id='word_1_19' title='bbox 2139 541 2215 607; x_wconf 84' lang='lat' dir='ltr'><strong>dc</strong></span> <span class='ocrx_word' id='word_1_20' title='bbox 2257 542 2585 629; x_wconf 87' lang='lat' dir='ltr'><strong>orthogra-</strong></span> 
     </span>
     <span class='ocr_line' id='line_1_4' title="bbox 226 645 2583 732; baseline 0 -22"><span class='ocrx_word' id='word_1_21' title='bbox 226 647 356 732; x_wconf 89' lang='lat' dir='ltr'><strong>phia</strong></span> <span class='ocrx_word' id='word_1_22' title='bbox 397 646 618 724; x_wconf 78' lang='lat' dir='ltr'><strong>refert,</strong></span> <span class='ocrx_word' id='word_1_23' title='bbox 666 645 1042 713; x_wconf 84' lang='lat' dir='ltr'><strong>Rievianam</strong></span> <span class='ocrx_word' id='word_1_24' title='bbox 1095 645 1448 713; x_wconf 72' lang='lat' dir='ltr'><strong>confirmat,</strong></span> <span class='ocrx_word' id='word_1_25' title='bbox 1518 646 1878 712; x_wconf 90' lang='lat' dir='ltr'><strong>Dolendum</strong></span> <span class='ocrx_word' id='word_1_26' title='bbox 1928 667 2075 712; x_wconf 88' lang='lat' dir='ltr'><strong>sane</strong></span> <span class='ocrx_word' id='word_1_27' title='bbox 2121 653 2251 732; x_wconf 89' lang='lat' dir='ltr'><strong>est,</strong></span> <span class='ocrx_word' id='word_1_28' title='bbox 2290 647 2583 713; x_wconf 84' lang='lat' dir='ltr'><strong>Mavium</strong></span> 
     </span>
     <span class='ocr_line' id='line_1_5' title="bbox 225 750 2587 837; baseline 0.001 -21"><span class='ocrx_word' id='word_1_29' title='bbox 225 772 330 817; x_wconf 88' lang='lat' dir='ltr'><strong>non</strong></span> <span class='ocrx_word' id='word_1_30' title='bbox 363 750 650 817; x_wconf 86' lang='lat' dir='ltr'><strong>retulisse</strong></span> <span class='ocrx_word' id='word_1_31' title='bbox 672 799 688 831; x_wconf 91' lang='lat'><strong>,</strong></span> <span class='ocrx_word' id='word_1_32' title='bbox 729 772 922 837; x_wconf 88' lang='lat' dir='ltr'><strong>quam</strong></span> <span class='ocrx_word' id='word_1_33' title='bbox 965 753 1310 818; x_wconf 85' lang='lat' dir='ltr'><strong>editionem</strong></span> <span class='ocrx_word' id='word_1_34' title='bbox 1347 755 1417 816; x_wconf 88' lang='lat' dir='ltr'><strong>in</strong></span> <span class='ocrx_word' id='word_1_35' title='bbox 1456 752 1829 819; x_wconf 82' lang='lat' dir='ltr'><strong>conferendo</strong></span> <span class='ocrx_word' id='word_1_36' title='bbox 1868 751 2233 817; x_wconf 80' lang='lat' dir='ltr'><strong>adhibuerit</strong></span> <span class='ocrx_word' id='word_1_37' title='bbox 2254 799 2270 831; x_wconf 91' lang='lat'><strong>,</strong></span> <span class='ocrx_word' id='word_1_38' title='bbox 2311 752 2419 818; x_wconf 90' lang='lat' dir='ltr'><strong>sed</strong></span> <span class='ocrx_word' id='word_1_39' title='bbox 2445 773 2587 837; x_wconf 88' lang='lat' dir='ltr'><strong>pro-</strong></span> 
     </span>
     <span class='ocr_line' id='line_1_6' title="bbox 227 856 2589 944; baseline -0 -21"><span class='ocrx_word' id='word_1_40' title='bbox 227 856 410 923; x_wconf 87' lang='lat' dir='ltr'><strong>babile</strong></span> <span class='ocrx_word' id='word_1_41' title='bbox 447 863 544 922; x_wconf 85' lang='lat' dir='ltr'><strong>est</strong></span> <span class='ocrx_word' id='word_1_42' title='bbox 593 879 672 924; x_wconf 87' lang='lat' dir='ltr'><strong>ex</strong></span> <span class='ocrx_word' id='word_1_43' title='bbox 717 861 1173 926; x_wconf 88' lang='lat' dir='ltr'><strong>recentioribus</strong></span> <span class='ocrx_word' id='word_1_44' title='bbox 1221 879 1414 924; x_wconf 88' lang='lat' dir='ltr'><strong>unam</strong></span> <span class='ocrx_word' id='word_1_45' title='bbox 1437 909 1455 944; x_wconf 92' lang='lat'><strong>,</strong></span> <span class='ocrx_word' id='word_1_46' title='bbox 1501 856 1789 934; x_wconf 87' lang='lat' dir='ltr'><strong>Halmii,</strong></span> <span class='ocrx_word' id='word_1_47' title='bbox 1841 857 2115 944; x_wconf 78' lang='lat' dir='ltr'><strong>Kayseri</strong></span> <span class='ocrx_word' id='word_1_48' title='bbox 2163 864 2276 923; x_wconf 88' lang='lat' dir='ltr'><strong>aut</strong></span> <span class='ocrx_word' id='word_1_49' title='bbox 2322 857 2589 923; x_wconf 90' lang='lat' dir='ltr'><strong>Mulleri</strong></span> 
     </span>
     <span class='ocr_line' id='line_1_7' title="bbox 225 961 2589 1050; baseline 0 -22"><span class='ocrx_word' id='word_1_50' title='bbox 225 963 427 1042; x_wconf 81' lang='lat' dir='ltr'><strong>fuisse,</strong></span> <span class='ocrx_word' id='word_1_51' title='bbox 494 985 656 1048; x_wconf 86' lang='lat' dir='ltr'><strong>quae</strong></span> <span class='ocrx_word' id='word_1_52' title='bbox 720 985 867 1030; x_wconf 91' lang='lat' dir='ltr'><strong>cum</strong></span> <span class='ocrx_word' id='word_1_53' title='bbox 935 985 1155 1030; x_wconf 89' lang='lat' dir='ltr'><strong>omnes</strong></span> <span class='ocrx_word' id='word_1_54' title='bbox 1199 967 1489 1031; x_wconf 85' lang='lat' dir='ltr'><strong>nitantur</strong></span> <span class='ocrx_word' id='word_1_55' title='bbox 1535 964 1753 1030; x_wconf 83' lang='lat' dir='ltr'><strong>Rievii</strong></span> <span class='ocrx_word' id='word_1_56' title='bbox 1798 961 1921 1028; x_wconf 86' lang='lat' dir='ltr'><strong>fide</strong></span> <span class='ocrx_word' id='word_1_57' title='bbox 1966 968 2029 1028; x_wconf 88' lang='lat' dir='ltr'><strong>et</strong></span> <span class='ocrx_word' id='word_1_58' title='bbox 2068 961 2439 1050; x_wconf 86' lang='lat' dir='ltr'><strong>diligentia,</strong></span> <span class='ocrx_word' id='word_1_59' title='bbox 2479 983 2589 1028; x_wconf 91' lang='lat' dir='ltr'><strong>no-</strong></span> 
     </span>
     <span class='ocr_line' id='line_1_8' title="bbox 225 1069 2587 1156; baseline 0 -22"><span class='ocrx_word' id='word_1_60' title='bbox 225 1071 502 1134; x_wconf 78' lang='lat' dir='ltr'><strong>vissimus</strong></span> <span class='ocrx_word' id='word_1_61' title='bbox 541 1069 806 1135; x_wconf 75' lang='lat' dir='ltr'><strong>collator</strong></span> <span class='ocrx_word' id='word_1_62' title='bbox 824 1118 842 1148; x_wconf 84' lang='lat'><strong>,</strong></span> <span class='ocrx_word' id='word_1_63' title='bbox 885 1070 1038 1135; x_wconf 90' lang='lat' dir='ltr'><strong>dum</strong></span> <span class='ocrx_word' id='word_1_64' title='bbox 1089 1091 1285 1156; x_wconf 88' lang='lat' dir='ltr'><strong>paene</strong></span> <span class='ocrx_word' id='word_1_65' title='bbox 1331 1069 1496 1136; x_wconf 90' lang='lat' dir='ltr'><strong>nihil</strong></span> <span class='ocrx_word' id='word_1_66' title='bbox 1543 1070 1623 1135; x_wconf 88' lang='lat' dir='ltr'><strong>de</strong></span> <span class='ocrx_word' id='word_1_67' title='bbox 1669 1069 2122 1156; x_wconf 75' lang='lat' dir='ltr'><strong>orthographia</strong></span> <span class='ocrx_word' id='word_1_68' title='bbox 2165 1076 2380 1154; x_wconf 87' lang='lat' dir='ltr'><strong>notat,</strong></span> <span class='ocrx_word' id='word_1_69' title='bbox 2429 1073 2587 1134; x_wconf 90' lang='lat' dir='ltr'><strong>taci-</strong></span> 
     </span>
     <span class='ocr_line' id='line_1_9' title="bbox 228 1173 2589 1252; baseline -0 -12"><span class='ocrx_word' id='word_1_70' title='bbox 228 1179 318 1240; x_wconf 87' lang='lat' dir='ltr'><strong>tus</strong></span> <span class='ocrx_word' id='word_1_71' title='bbox 359 1175 536 1241; x_wconf 90' lang='lat' dir='ltr'><strong>illam</strong></span> <span class='ocrx_word' id='word_1_72' title='bbox 589 1173 939 1241; x_wconf 84' lang='lat' dir='ltr'><strong>confirmat.</strong></span> <span class='ocrx_word' id='word_1_73' title='bbox 1016 1175 1326 1242; x_wconf 85' lang='lat' dir='ltr'><strong>Dissentit</strong></span> <span class='ocrx_word' id='word_1_74' title='bbox 1372 1181 1627 1241; x_wconf 88' lang='lat' dir='ltr'><strong>tantum</strong></span> <span class='ocrx_word' id='word_1_75' title='bbox 1670 1175 1719 1240; x_wconf 93' lang='grc' dir='ltr'><strong>Ι.</strong></span> <span class='ocrx_word' id='word_1_76' title='bbox 1765 1176 1824 1238; x_wconf 92' lang='lat' dir='ltr'><strong>l.</strong></span> <span class='ocrx_word' id='word_1_77' title='bbox 1868 1173 1957 1240; x_wconf 81' lang='lat' dir='ltr'><strong>R:</strong></span> <span class='ocrx_word' id='word_1_78' title='bbox 2013 1192 2233 1252; x_wconf 70' lang='lat' dir='ltr'><strong>„Quum</strong></span> <span class='ocrx_word' id='word_1_79' title='bbox 2269 1175 2359 1240; x_wconf 89' lang='lat' dir='ltr'><strong>sic</strong></span> <span class='ocrx_word' id='word_1_80' title='bbox 2394 1175 2589 1240; x_wconf 85' lang='lat' dir='ltr'><strong>habet</strong></span> 
     </span>
     <span class='ocr_line' id='line_1_10' title="bbox 229 1265 2587 1358; baseline -0.001 -12"><span class='ocrx_word' id='word_1_81' title='bbox 229 1281 400 1346; x_wconf 84' lang='lat' dir='ltr'><strong>codex</strong></span> <span class='ocrx_word' id='word_1_82' title='bbox 445 1281 562 1346; x_wconf 89' lang='lat' dir='ltr'><strong>hoc</strong></span> <span class='ocrx_word' id='word_1_83' title='bbox 600 1281 740 1348; x_wconf 89' lang='lat' dir='ltr'><strong>loco</strong></span> <span class='ocrx_word' id='word_1_84' title='bbox 789 1288 854 1347; x_wconf 88' lang='lat' dir='ltr'><strong>et</strong></span> <span class='ocrx_word' id='word_1_85' title='bbox 880 1330 896 1347; x_wconf 89' lang='lat'><strong>.</strong></span> <span class='ocrx_word' id='word_1_86' title='bbox 923 1329 938 1346; x_wconf 88' lang='lat'><strong>.</strong></span> <span class='ocrx_word' id='word_1_87' title='bbox 971 1282 1026 1346; x_wconf 89' lang='lat'><strong>.”</strong></span> <span class='ocrx_word' id='word_1_88' title='bbox 1095 1282 1228 1348; x_wconf 84' lang='lat' dir='ltr'><strong>M.:</strong></span> <span class='ocrx_word' id='word_1_89' title='bbox 1278 1299 1409 1348; x_wconf 72' lang='lat' dir='ltr'><strong>cun</strong></span> <span class='ocrx_word' id='word_1_90' title='bbox 1447 1297 1732 1347; x_wconf 76' lang='lat' dir='ltr'><strong>cossam·</strong></span> <span class='ocrx_word' id='word_1_91' title='bbox 1772 1277 1857 1358; x_wconf 88' lang='lat' dir='ltr'><strong>O;</strong></span> <span class='ocrx_word' id='word_1_92' title='bbox 1904 1279 1965 1347; x_wconf 85' lang='lat'><strong>3.</strong></span> <span class='ocrx_word' id='word_1_93' title='bbox 2006 1279 2100 1345; x_wconf 88' lang='lat' dir='ltr'><strong>R:</strong></span> <span class='ocrx_word' id='word_1_94' title='bbox 2142 1265 2587 1347; x_wconf 62' lang='lat' dir='ltr'><strong>mnmoslisw</strong></span> 
     </span>
    </p>
   </div>
   <div class='ocr_carea' id='block_1_3' title="bbox 229 1383 2587 1554">
    <p class='ocr_par' dir='ltr' id='par_1_3' title="bbox 229 1383 2587 1554">
     <span class='ocr_line' id='line_1_11' title="bbox 229 1383 2587 1554; baseline 0 -66"><span class='ocrx_word' id='word_1_95' title='bbox 229 1424 327 1489; x_wconf 77' lang='lat' dir='ltr'><strong>M:</strong></span> <span class='ocrx_word' id='word_1_96' title='bbox 365 1401 833 1510; x_wconf 59' lang='lat' dir='ltr'><strong>mmmmm</strong></span> <span class='ocrx_word' id='word_1_97' title='bbox 885 1424 924 1490; x_wconf 90' lang='lat'>6</span> <span class='ocrx_word' id='word_1_98' title='bbox 986 1423 1082 1491; x_wconf 83' lang='lat' dir='ltr'><strong>R:</strong></span> <span class='ocrx_word' id='word_1_99' title='bbox 1147 1383 1348 1504; x_wconf 59' lang='lat' dir='ltr'><strong>„mi</strong></span> <span class='ocrx_word' id='word_1_100' title='bbox 1370 1472 1386 1504; x_wconf 91' lang='lat'><strong>,</strong></span> <span class='ocrx_word' id='word_1_101' title='bbox 1433 1424 1688 1512; x_wconf 81' lang='lat' dir='ltr'><strong>fugerat</strong></span> <span class='ocrx_word' id='word_1_102' title='bbox 1734 1424 1933 1554; x_wconf 62' lang='lat' dir='ltr'><strong>pltera</strong></span> <span class='ocrx_word' id='word_1_103' title='bbox 1977 1443 2004 1490; x_wconf 92' lang='lat'>1</span> <span class='ocrx_word' id='word_1_104' title='bbox 2048 1425 2207 1490; x_wconf 86' lang='lat' dir='ltr'><strong>Maii</strong></span> <span class='ocrx_word' id='word_1_105' title='bbox 2256 1425 2587 1490; x_wconf 88' lang='lat' dir='ltr'><strong>oculorum</strong></span> 
     </span>
    </p>
   </div>
   <div class='ocr_carea' id='block_1_4' title="bbox 227 1565 2595 1696">
    <p class='ocr_par' dir='ltr' id='par_1_4' title="bbox 227 1565 2595 1696">
     <span class='ocr_line' id='line_1_12' title="bbox 227 1565 2595 1696; baseline 0 -64"><span class='ocrx_word' id='word_1_106' title='bbox 227 1570 406 1696; x_wconf 70' lang='lat' dir='ltr'><strong>aciem</strong></span> <span class='ocrx_word' id='word_1_107' title='bbox 433 1616 450 1632; x_wconf 92' lang='lat'>.</span> <span class='ocrx_word' id='word_1_108' title='bbox 473 1617 488 1633; x_wconf 91' lang='lat'><strong>.</strong></span> <span class='ocrx_word' id='word_1_109' title='bbox 521 1616 538 1634; x_wconf 92' lang='lat'><strong>.</strong></span> <span class='ocrx_word' id='word_1_110' title='bbox 567 1569 654 1648; x_wconf 89' lang='lat'><strong>.”,</strong></span> <span class='ocrx_word' id='word_1_111' title='bbox 704 1569 796 1635; x_wconf 90' lang='lat' dir='ltr'><strong>M.</strong></span> <span class='ocrx_word' id='word_1_112' title='bbox 831 1587 1008 1654; x_wconf 36' lang='lat' dir='ltr'><strong>,mm</strong></span> <span class='ocrx_word' id='word_1_113' title='bbox 1053 1565 1144 1647; x_wconf 83' lang='lat'><strong>0;</strong></span> <span class='ocrx_word' id='word_1_114' title='bbox 1193 1568 1234 1634; x_wconf 89' lang='lat'>8</span> <span class='ocrx_word' id='word_1_115' title='bbox 1283 1569 1379 1634; x_wconf 86' lang='lat' dir='ltr'><strong>R:</strong></span> <span class='ocrx_word' id='word_1_116' title='bbox 1431 1585 1765 1648; x_wconf 64' lang='lat' dir='ltr'><strong>„consano</strong></span> <span class='ocrx_word' id='word_1_117' title='bbox 1808 1568 1869 1633; x_wconf 91' lang='lat' dir='ltr'><strong>d.</strong></span> <span class='ocrx_word' id='word_1_118' title='bbox 1894 1569 2095 1634; x_wconf 84' lang='lat' dir='ltr'><strong>altera</strong></span> <span class='ocrx_word' id='word_1_119' title='bbox 2135 1567 2240 1646; x_wconf 90' lang='lat' dir='ltr'><strong>o’&#39;,</strong></span> <span class='ocrx_word' id='word_1_120' title='bbox 2276 1568 2371 1634; x_wconf 88' lang='grc' dir='ltr'><strong>Μ.</strong></span> <span class='ocrx_word' id='word_1_121' title='bbox 2402 1585 2595 1647; x_wconf 71' lang='lat' dir='ltr'><strong>„con-</strong></span> 
     </span>
    </p>
   </div>
   <div class='ocr_carea' id='block_1_5' title="bbox 227 1710 2594 3175">
    <p class='ocr_par' dir='ltr' id='par_1_5' title="bbox 227 1710 2594 2959">
     <span class='ocr_line' id='line_1_13' title="bbox 227 1710 2589 1798; baseline 0.001 -23"><span class='ocrx_word' id='word_1_122' title='bbox 227 1727 376 1776; x_wconf 81' lang='lat' dir='ltr'><strong>smo</strong></span> <span class='ocrx_word' id='word_1_123' title='bbox 417 1714 464 1796; x_wconf 93' lang='lat'><strong>(1</strong></span> <span class='ocrx_word' id='word_1_124' title='bbox 510 1711 730 1780; x_wconf 78' lang='lat' dir='ltr'><strong>littera</strong></span> <span class='ocrx_word' id='word_1_125' title='bbox 772 1715 884 1780; x_wconf 80' lang='lat' dir='ltr'><strong>vix</strong></span> <span class='ocrx_word' id='word_1_126' title='bbox 935 1715 1108 1778; x_wconf 88' lang='lat' dir='ltr'><strong>cerni</strong></span> <span class='ocrx_word' id='word_1_127' title='bbox 1157 1713 1388 1798; x_wconf 86' lang='lat' dir='ltr'><strong>potest)</strong></span> <span class='ocrx_word' id='word_1_128' title='bbox 1403 1710 1464 1778; x_wconf 69' lang='lat' dir='ltr'><strong>&#39;P&#39;</strong></span> <span class='ocrx_word' id='word_1_129' title='bbox 1481 1733 1496 1790; x_wconf 89' lang='lat'>;</span> <span class='ocrx_word' id='word_1_130' title='bbox 1555 1711 1634 1776; x_wconf 94' lang='grc'><strong>11</strong></span> <span class='ocrx_word' id='word_1_131' title='bbox 1676 1712 1911 1778; x_wconf 69' lang='lat' dir='ltr'><strong>*iidem</strong></span> <span class='ocrx_word' id='word_1_132' title='bbox 1953 1711 2311 1780; x_wconf 86' lang='lat' dir='ltr'><strong>Orelliauae</strong></span> <span class='ocrx_word' id='word_1_133' title='bbox 2343 1714 2589 1797; x_wconf 89' lang='lat' dir='ltr'><strong>primae</strong></span> 
     </span>
     <span class='ocr_line' id='line_1_14' title="bbox 227 1815 2590 1903; baseline 0.001 -23"><span class='ocrx_word' id='word_1_134' title='bbox 227 1818 438 1881; x_wconf 86' lang='lat' dir='ltr'><strong>tacitus</strong></span> <span class='ocrx_word' id='word_1_135' title='bbox 482 1815 815 1884; x_wconf 88' lang='lat' dir='ltr'><strong>confirmat</strong></span> <span class='ocrx_word' id='word_1_136' title='bbox 860 1817 937 1883; x_wconf 84' lang='lat' dir='ltr'><strong>R.</strong></span> <span class='ocrx_word' id='word_1_137' title='bbox 962 1866 981 1903; x_wconf 89' lang='lat'>‚</span> <span class='ocrx_word' id='word_1_138' title='bbox 1029 1818 1280 1884; x_wconf 89' lang='lat' dir='ltr'><strong>dubitat</strong></span> <span class='ocrx_word' id='word_1_139' title='bbox 1317 1817 1655 1895; x_wconf 89' lang='lat' dir='ltr'><strong>Halmius;</strong></span> <span class='ocrx_word' id='word_1_140' title='bbox 1702 1836 1885 1883; x_wconf 77' lang='lat' dir='ltr'><strong>nmffl</strong></span> <span class='ocrx_word' id='word_1_141' title='bbox 1922 1839 2091 1884; x_wconf 88' lang='lat' dir='ltr'><strong>nunc</strong></span> <span class='ocrx_word' id='word_1_142' title='bbox 2130 1819 2361 1883; x_wconf 82' lang='lat' dir='ltr'><strong>diserte</strong></span> <span class='ocrx_word' id='word_1_143' title='bbox 2402 1823 2590 1884; x_wconf 82' lang='lat' dir='ltr'><strong>testa-</strong></span> 
     </span>
     <span class='ocr_line' id='line_1_15' title="bbox 227 1921 2589 2011; baseline 0.003 -27"><span class='ocrx_word' id='word_1_144' title='bbox 227 1927 320 1986; x_wconf 83' lang='lat' dir='ltr'><strong>tur</strong></span> <span class='ocrx_word' id='word_1_145' title='bbox 361 1933 604 1990; x_wconf 84' lang='lat' dir='ltr'><strong>exstare</strong></span> <span class='ocrx_word' id='word_1_146' title='bbox 652 1923 748 1989; x_wconf 87' lang='grc' dir='ltr'><strong>Μ.</strong></span> <span class='ocrx_word' id='word_1_147' title='bbox 819 1921 1056 1990; x_wconf 83' lang='lat' dir='ltr'><strong>Contra</strong></span> <span class='ocrx_word' id='word_1_148' title='bbox 1101 1926 1327 2011; x_wconf 88' lang='lat' dir='ltr'><strong>ingens</strong></span> <span class='ocrx_word' id='word_1_149' title='bbox 1371 1944 1677 1989; x_wconf 88' lang='lat' dir='ltr'><strong>numerus</strong></span> <span class='ocrx_word' id='word_1_150' title='bbox 1724 1929 1819 1988; x_wconf 88' lang='lat' dir='ltr'><strong>est</strong></span> <span class='ocrx_word' id='word_1_151' title='bbox 1860 1923 2143 1990; x_wconf 88' lang='lat' dir='ltr'><strong>locorum</strong></span> <span class='ocrx_word' id='word_1_152' title='bbox 2183 1944 2297 2008; x_wconf 88' lang='lat' dir='ltr'><strong>pro</strong></span> <span class='ocrx_word' id='word_1_153' title='bbox 2338 1923 2589 1992; x_wconf 87' lang='lat' dir='ltr'><strong>modico</strong></span> 
     </span>
     <span class='ocr_line' id='line_1_16' title="bbox 230 2026 2587 2115; baseline 0.001 -24"><span class='ocrx_word' id='word_1_154' title='bbox 230 2026 562 2095; x_wconf 87' lang='lat' dir='ltr'><strong>collationis</strong></span> <span class='ocrx_word' id='word_1_155' title='bbox 601 2029 891 2115; x_wconf 88' lang='lat' dir='ltr'><strong>ambitu,</strong></span> <span class='ocrx_word' id='word_1_156' title='bbox 932 2030 1042 2094; x_wconf 89' lang='lat' dir='ltr'><strong>ubi</strong></span> <span class='ocrx_word' id='word_1_157' title='bbox 1082 2029 1178 2095; x_wconf 88' lang='lat' dir='ltr'><strong>M.</strong></span> <span class='ocrx_word' id='word_1_158' title='bbox 1223 2031 1458 2095; x_wconf 84' lang='lat' dir='ltr'><strong>tacitus</strong></span> <span class='ocrx_word' id='word_1_159' title='bbox 1494 2028 1574 2094; x_wconf 84' lang='lat' dir='ltr'><strong>R.</strong></span> <span class='ocrx_word' id='word_1_160' title='bbox 1620 2027 1969 2094; x_wconf 85' lang='lat' dir='ltr'><strong>confirmat.</strong></span> <span class='ocrx_word' id='word_1_161' title='bbox 2018 2028 2230 2095; x_wconf 81' lang='lat' dir='ltr'><strong>Facile</strong></span> <span class='ocrx_word' id='word_1_162' title='bbox 2269 2032 2335 2094; x_wconf 92' lang='lat' dir='ltr'><strong>in</strong></span> <span class='ocrx_word' id='word_1_163' title='bbox 2378 2032 2587 2094; x_wconf 88' lang='lat' dir='ltr'><strong>minu-</strong></span> 
     </span>
     <span class='ocr_line' id='line_1_17' title="bbox 231 2133 2588 2221; baseline 0.002 -26"><span class='ocrx_word' id='word_1_164' title='bbox 231 2135 324 2198; x_wconf 86' lang='lat' dir='ltr'><strong>tiis</strong></span> <span class='ocrx_word' id='word_1_165' title='bbox 379 2134 510 2199; x_wconf 88' lang='lat' dir='ltr'><strong>illis</strong></span> <span class='ocrx_word' id='word_1_166' title='bbox 573 2135 818 2220; x_wconf 88' lang='lat' dir='ltr'><strong>aliquid</strong></span> <span class='ocrx_word' id='word_1_167' title='bbox 874 2136 1092 2200; x_wconf 88' lang='lat' dir='ltr'><strong>omitti</strong></span> <span class='ocrx_word' id='word_1_168' title='bbox 1137 2141 1348 2220; x_wconf 90' lang='lat' dir='ltr'><strong>potest</strong></span> <span class='ocrx_word' id='word_1_169' title='bbox 1373 2133 1459 2221; x_wconf 87' lang='lat'><strong>¹),</strong></span> <span class='ocrx_word' id='word_1_170' title='bbox 1509 2155 1623 2200; x_wconf 89' lang='lat' dir='ltr'><strong>nec</strong></span> <span class='ocrx_word' id='word_1_171' title='bbox 1674 2138 1913 2199; x_wconf 90' lang='lat' dir='ltr'><strong>mirum</strong></span> <span class='ocrx_word' id='word_1_172' title='bbox 1964 2142 2128 2200; x_wconf 86' lang='lat' dir='ltr'><strong>esset</strong></span> <span class='ocrx_word' id='word_1_173' title='bbox 2174 2138 2229 2200; x_wconf 91' lang='lat' dir='ltr'><strong>si</strong></span> <span class='ocrx_word' id='word_1_174' title='bbox 2276 2135 2588 2221; x_wconf 75' lang='lat' dir='ltr'><strong>quaedam</strong></span> 
     </span>
     <span class='ocr_line' id='line_1_18' title="bbox 231 2239 2589 2327; baseline 0.001 -25"><span class='ocrx_word' id='word_1_175' title='bbox 231 2242 494 2305; x_wconf 84' lang='lat' dir='ltr'><strong>animum</strong></span> <span class='ocrx_word' id='word_1_176' title='bbox 557 2247 671 2306; x_wconf 87' lang='lat' dir='ltr'><strong>aut</strong></span> <span class='ocrx_word' id='word_1_177' title='bbox 731 2242 934 2306; x_wconf 83' lang='lat' dir='ltr'><strong>aciem</strong></span> <span class='ocrx_word' id='word_1_178' title='bbox 995 2241 1344 2327; x_wconf 86' lang='lat' dir='ltr'><strong>fugissent,</strong></span> <span class='ocrx_word' id='word_1_179' title='bbox 1411 2240 1519 2305; x_wconf 89' lang='lat' dir='ltr'><strong>sed</strong></span> <span class='ocrx_word' id='word_1_180' title='bbox 1584 2240 1777 2306; x_wconf 88' lang='lat' dir='ltr'><strong>dubia</strong></span> <span class='ocrx_word' id='word_1_181' title='bbox 1838 2240 1916 2305; x_wconf 85' lang='lat' dir='ltr'><strong>dc</strong></span> <span class='ocrx_word' id='word_1_182' title='bbox 1976 2239 2312 2306; x_wconf 89' lang='lat' dir='ltr'><strong>collatione</strong></span> <span class='ocrx_word' id='word_1_183' title='bbox 2374 2241 2589 2307; x_wconf 85' lang='lat' dir='ltr'><strong>Rievii</strong></span> 
     </span>
     <span class='ocr_line' id='line_1_19' title="bbox 229 2344 2589 2430; baseline 0.002 -22"><span class='ocrx_word' id='word_1_184' title='bbox 229 2365 338 2410; x_wconf 87' lang='lat' dir='ltr'><strong>non</strong></span> <span class='ocrx_word' id='word_1_185' title='bbox 397 2352 548 2412; x_wconf 86' lang='lat' dir='ltr'><strong>sunt</strong></span> <span class='ocrx_word' id='word_1_186' title='bbox 605 2344 879 2427; x_wconf 84' lang='lat' dir='ltr'><strong>firmata.</strong></span> <span class='ocrx_word' id='word_1_187' title='bbox 949 2345 1117 2411; x_wconf 90' lang='lat' dir='ltr'><strong>Nam</strong></span> <span class='ocrx_word' id='word_1_188' title='bbox 1181 2345 1347 2430; x_wconf 90' lang='lat' dir='ltr'><strong>quod</strong></span> <span class='ocrx_word' id='word_1_189' title='bbox 1408 2345 1671 2411; x_wconf 87' lang='lat' dir='ltr'><strong>Pfaffius</strong></span> <span class='ocrx_word' id='word_1_190' title='bbox 1710 2344 2097 2412; x_wconf 84' lang='lat' dir='ltr'><strong>Schedarum</strong></span> <span class='ocrx_word' id='word_1_191' title='bbox 2139 2345 2589 2412; x_wconf 87' lang='lat' dir='ltr'><strong>Vaticanarum</strong></span> 
     </span>
     <span class='ocr_line' id='line_1_20' title="bbox 231 2449 2587 2539; baseline 0.001 -23"><span class='ocrx_word' id='word_1_192' title='bbox 231 2453 506 2538; x_wconf 86' lang='lat' dir='ltr'><strong>paginam</strong></span> <span class='ocrx_word' id='word_1_193' title='bbox 551 2451 635 2519; x_wconf 84' lang='lat'><strong>17</strong></span> <span class='ocrx_word' id='word_1_194' title='bbox 685 2451 864 2518; x_wconf 85' lang='lat' dir='ltr'><strong>affert</strong></span> <span class='ocrx_word' id='word_1_195' title='bbox 908 2450 1000 2537; x_wconf 87' lang='lat' dir='ltr'><strong>(p.</strong></span> <span class='ocrx_word' id='word_1_196' title='bbox 1047 2449 1153 2538; x_wconf 82' lang='lat'><strong>2),</strong></span> <span class='ocrx_word' id='word_1_197' title='bbox 1203 2453 1386 2537; x_wconf 85' lang='lat' dir='ltr'><strong>quasi</strong></span> <span class='ocrx_word' id='word_1_198' title='bbox 1433 2450 1718 2537; x_wconf 88' lang='lat' dir='ltr'><strong>aliquam</strong></span> <span class='ocrx_word' id='word_1_199' title='bbox 1767 2451 2207 2539; x_wconf 84' lang='lat' dir='ltr'><strong>neglegentiae</strong></span> <span class='ocrx_word' id='word_1_200' title='bbox 2246 2453 2587 2519; x_wconf 59' lang='lat' dir='ltr'><strong>contessio⁴</strong></span> 
     </span>
     <span class='ocr_line' id='line_1_21' title="bbox 231 2556 2587 2643; baseline 0.002 -24"><span class='ocrx_word' id='word_1_201' title='bbox 231 2578 354 2621; x_wconf 84' lang='lat' dir='ltr'><strong>nem</strong></span> <span class='ocrx_word' id='word_1_202' title='bbox 397 2560 714 2623; x_wconf 87' lang='lat' dir='ltr'><strong>contineat</strong></span> <span class='ocrx_word' id='word_1_203' title='bbox 736 2604 754 2637; x_wconf 90' lang='lat'>‚</span> <span class='ocrx_word' id='word_1_204' title='bbox 791 2578 917 2624; x_wconf 89' lang='lat' dir='ltr'><strong>non</strong></span> <span class='ocrx_word' id='word_1_205' title='bbox 963 2565 1132 2625; x_wconf 85' lang='lat' dir='ltr'><strong>recte</strong></span> <span class='ocrx_word' id='word_1_206' title='bbox 1180 2556 1392 2623; x_wconf 84' lang='lat' dir='ltr'><strong>Rievii</strong></span> <span class='ocrx_word' id='word_1_207' title='bbox 1442 2557 1636 2624; x_wconf 80' lang='lat' dir='ltr'><strong>verba</strong></span> <span class='ocrx_word' id='word_1_208' title='bbox 1680 2556 2037 2637; x_wconf 83' lang='lat' dir='ltr'><strong>intellexit,</strong></span> <span class='ocrx_word' id='word_1_209' title='bbox 2080 2561 2191 2643; x_wconf 88' lang='lat' dir='ltr'><strong>qui</strong></span> <span class='ocrx_word' id='word_1_210' title='bbox 2230 2580 2353 2623; x_wconf 89' lang='lat' dir='ltr'><strong>non</strong></span> <span class='ocrx_word' id='word_1_211' title='bbox 2397 2559 2587 2636; x_wconf 88' lang='lat' dir='ltr'><strong>dicit,</strong></span> 
     </span>
     <span class='ocr_line' id='line_1_22' title="bbox 231 2662 2589 2750; baseline 0 -23"><span class='ocrx_word' id='word_1_212' title='bbox 231 2682 288 2727; x_wconf 82' lang='lat' dir='ltr'><strong>se</strong></span> <span class='ocrx_word' id='word_1_213' title='bbox 339 2684 434 2729; x_wconf 88' lang='lat' dir='ltr'><strong>res</strong></span> <span class='ocrx_word' id='word_1_214' title='bbox 491 2662 1010 2750; x_wconf 85' lang='lat' dir='ltr'><strong>orthographicas</strong></span> <span class='ocrx_word' id='word_1_215' title='bbox 1064 2663 1358 2729; x_wconf 81' lang='lat' dir='ltr'><strong>omisisse</strong></span> <span class='ocrx_word' id='word_1_216' title='bbox 1417 2663 1525 2729; x_wconf 87' lang='lat' dir='ltr'><strong>sed</strong></span> <span class='ocrx_word' id='word_1_217' title='bbox 1584 2684 1650 2728; x_wconf 90' lang='lat' dir='ltr'><strong>se</strong></span> <span class='ocrx_word' id='word_1_218' title='bbox 1697 2684 1801 2728; x_wconf 90' lang='lat' dir='ltr'><strong>eas</strong></span> <span class='ocrx_word' id='word_1_219' title='bbox 1853 2666 1959 2740; x_wconf 86' lang='lat' dir='ltr'><strong>„in</strong></span> <span class='ocrx_word' id='word_1_220' title='bbox 2009 2662 2259 2728; x_wconf 89' lang='lat' dir='ltr'><strong>tabulas</strong></span> <span class='ocrx_word' id='word_1_221' title='bbox 2316 2662 2589 2729; x_wconf 83' lang='lat' dir='ltr'><strong>referre”</strong></span> 
     </span>
     <span class='ocr_line' id='line_1_23' title="bbox 233 2768 2594 2854; baseline 0 -22"><span class='ocrx_word' id='word_1_222' title='bbox 233 2768 415 2853; x_wconf 87' lang='lat' dir='ltr'><strong>nolle,</strong></span> <span class='ocrx_word' id='word_1_223' title='bbox 479 2773 663 2835; x_wconf 87' lang='lat' dir='ltr'><strong>cuius</strong></span> <span class='ocrx_word' id='word_1_224' title='bbox 725 2771 818 2833; x_wconf 88' lang='lat' dir='ltr'><strong>rei</strong></span> <span class='ocrx_word' id='word_1_225' title='bbox 889 2771 975 2833; x_wconf 89' lang='lat' dir='ltr'><strong>sit</strong></span> <span class='ocrx_word' id='word_1_226' title='bbox 1036 2771 1380 2853; x_wconf 89' lang='lat' dir='ltr'><strong>unicuique</strong></span> <span class='ocrx_word' id='word_1_227' title='bbox 1427 2769 1685 2854; x_wconf 89' lang='lat' dir='ltr'><strong>(nempe</strong></span> <span class='ocrx_word' id='word_1_228' title='bbox 1728 2773 1872 2853; x_wconf 89' lang='lat' dir='ltr'><strong>post</strong></span> <span class='ocrx_word' id='word_1_229' title='bbox 1916 2770 2119 2853; x_wconf 89' lang='lat' dir='ltr'><strong>ipsius</strong></span> <span class='ocrx_word' id='word_1_230' title='bbox 2162 2768 2594 2854; x_wconf 85' lang='lat' dir='ltr'><strong>collationem)</strong></span> 
     </span>
     <span class='ocr_line' id='line_1_24' title="bbox 233 2876 2274 2959; baseline 0.001 -22"><span class='ocrx_word' id='word_1_231' title='bbox 233 2877 683 2959; x_wconf 86' lang='lat' dir='ltr'><strong>opportunitas:</strong></span> <span class='ocrx_word' id='word_1_232' title='bbox 733 2876 1043 2941; x_wconf 87' lang='lat' dir='ltr'><strong>rationem</strong></span> <span class='ocrx_word' id='word_1_233' title='bbox 1094 2876 1256 2939; x_wconf 88' lang='lat' dir='ltr'><strong>inire</strong></span> <span class='ocrx_word' id='word_1_234' title='bbox 1301 2880 1509 2959; x_wconf 87' lang='lat' dir='ltr'><strong>potest</strong></span> <span class='ocrx_word' id='word_1_235' title='bbox 1555 2894 1723 2938; x_wconf 89' lang='lat' dir='ltr'><strong>nunc</strong></span> <span class='ocrx_word' id='word_1_236' title='bbox 1771 2895 1937 2939; x_wconf 89' lang='lat' dir='ltr'><strong>unus</strong></span> <span class='ocrx_word' id='word_1_237' title='bbox 1984 2876 2274 2959; x_wconf 85' lang='lat' dir='ltr'><strong>quisque.</strong></span> 
     </span>
    </p>

    <p class='ocr_par' dir='ltr' id='par_1_6' title="bbox 235 2977 2593 3175">
     <span class='ocr_line' id='line_1_25' title="bbox 309 2977 2593 3067; baseline 0.002 -26"><span class='ocrx_word' id='word_1_238' title='bbox 309 2977 424 3045; x_wconf 84' lang='lat' dir='ltr'><strong>His</strong></span> <span class='ocrx_word' id='word_1_239' title='bbox 466 2982 835 3066; x_wconf 87' lang='lat' dir='ltr'><strong>praemissis</strong></span> <span class='ocrx_word' id='word_1_240' title='bbox 881 3001 1077 3067; x_wconf 89' lang='lat' dir='ltr'><strong>pergo</strong></span> <span class='ocrx_word' id='word_1_241' title='bbox 1127 2981 1204 3045; x_wconf 88' lang='lat' dir='ltr'><strong>ad</strong></span> <span class='ocrx_word' id='word_1_242' title='bbox 1256 2978 1494 3045; x_wconf 90' lang='lat' dir='ltr'><strong>librum</strong></span> <span class='ocrx_word' id='word_1_243' title='bbox 1545 2980 1895 3045; x_wconf 88' lang='lat' dir='ltr'><strong>secundum</strong></span> <span class='ocrx_word' id='word_1_244' title='bbox 1943 2986 2007 3044; x_wconf 84' lang='lat' dir='ltr'><strong>et</strong></span> <span class='ocrx_word' id='word_1_245' title='bbox 2052 2987 2384 3065; x_wconf 87' lang='lat' dir='ltr'><strong>sequentes</strong></span> <span class='ocrx_word' id='word_1_246' title='bbox 2430 2987 2593 3066; x_wconf 86' lang='lat' dir='ltr'><strong>tres,</strong></span> 
     </span>
     <span class='ocr_line' id='line_1_26' title="bbox 235 3084 2373 3175; baseline 0.002 -28"><span class='ocrx_word' id='word_1_247' title='bbox 235 3104 478 3167; x_wconf 86' lang='lat' dir='ltr'><strong>quorum</strong></span> <span class='ocrx_word' id='word_1_248' title='bbox 529 3088 800 3175; x_wconf 86' lang='lat' dir='ltr'><strong>exiguae</strong></span> <span class='ocrx_word' id='word_1_249' title='bbox 844 3095 1096 3151; x_wconf 90' lang='lat' dir='ltr'><strong>tantum</strong></span> <span class='ocrx_word' id='word_1_250' title='bbox 1147 3086 1496 3171; x_wconf 88' lang='lat' dir='ltr'><strong>particulae</strong></span> <span class='ocrx_word' id='word_1_251' title='bbox 1543 3088 1611 3149; x_wconf 90' lang='lat' dir='ltr'><strong>in</strong></span> <span class='ocrx_word' id='word_1_252' title='bbox 1663 3084 1967 3151; x_wconf 88' lang='lat' dir='ltr'><strong>Vaticano</strong></span> <span class='ocrx_word' id='word_1_253' title='bbox 2014 3092 2373 3170; x_wconf 88' lang='lat' dir='ltr'><strong>supersunt.</strong></span> 
     </span>
    </p>
   </div>
   <div class='ocr_carea' id='block_1_6' title="bbox 237 3298 2591 3597">
    <p class='ocr_par' dir='ltr' id='par_1_7' title="bbox 237 3298 2591 3597">
     <span class='ocr_line' id='line_1_27' title="bbox 311 3298 2591 3384; baseline -0 -20"><span class='ocrx_word' id='word_1_254' title='bbox 311 3298 369 3365; x_wconf 82' lang='lat'><strong>5.</strong></span> <span class='ocrx_word' id='word_1_255' title='bbox 435 3300 650 3365; x_wconf 86' lang='lat' dir='ltr'><strong>Iustus</strong></span> <span class='ocrx_word' id='word_1_256' title='bbox 711 3300 862 3366; x_wconf 88' lang='lat' dir='ltr'><strong>ordo</strong></span> <span class='ocrx_word' id='word_1_257' title='bbox 927 3301 1268 3365; x_wconf 83' lang='lat' dir='ltr'><strong>verborum</strong></span> <span class='ocrx_word' id='word_1_258' title='bbox 1316 3300 1422 3364; x_wconf 91' lang='lat' dir='ltr'><strong>hic</strong></span> <span class='ocrx_word' id='word_1_259' title='bbox 1471 3307 1601 3365; x_wconf 86' lang='lat' dir='ltr'><strong>est:</strong></span> <span class='ocrx_word' id='word_1_260' title='bbox 1660 3298 1865 3384; x_wconf 88' lang='lat' dir='ltr'><strong>„quod</strong></span> <span class='ocrx_word' id='word_1_261' title='bbox 1912 3305 2117 3365; x_wconf 81' lang='lat' dir='ltr'><strong>essent</strong></span> <span class='ocrx_word' id='word_1_262' title='bbox 2165 3300 2352 3364; x_wconf 88' lang='lat' dir='ltr'><strong>urbes</strong></span> <span class='ocrx_word' id='word_1_263' title='bbox 2401 3301 2591 3363; x_wconf 85' lang='lat' dir='ltr'><strong>mari-</strong></span> 
     </span>
     <span class='ocr_line' id='line_1_28' title="bbox 237 3403 2591 3490; baseline 0.001 -24"><span class='ocrx_word' id='word_1_264' title='bbox 237 3406 412 3471; x_wconf 86' lang='lat' dir='ltr'><strong>timae</strong></span> <span class='ocrx_word' id='word_1_265' title='bbox 472 3427 596 3471; x_wconf 90' lang='lat' dir='ltr'><strong>nou</strong></span> <span class='ocrx_word' id='word_1_266' title='bbox 661 3404 870 3470; x_wconf 89' lang='lat' dir='ltr'><strong>solum</strong></span> <span class='ocrx_word' id='word_1_267' title='bbox 917 3404 1146 3471; x_wconf 88' lang='lat' dir='ltr'><strong>multis</strong></span> <span class='ocrx_word' id='word_1_268' title='bbox 1195 3407 1518 3489; x_wconf 87' lang='lat' dir='ltr'><strong>oppositae</strong></span> <span class='ocrx_word' id='word_1_269' title='bbox 1568 3405 1901 3490; x_wconf 88' lang='lat' dir='ltr'><strong>periculis,</strong></span> <span class='ocrx_word' id='word_1_270' title='bbox 1953 3404 2061 3469; x_wconf 89' lang='lat' dir='ltr'><strong>sed</strong></span> <span class='ocrx_word' id='word_1_271' title='bbox 2107 3405 2303 3469; x_wconf 88' lang='lat' dir='ltr'><strong>etiam</strong></span> <span class='ocrx_word' id='word_1_272' title='bbox 2352 3403 2591 3469; x_wconf 84' lang='lat' dir='ltr'><strong>caecis”</strong></span> 
     </span>
     <span class='ocr_line' id='line_1_29' title="bbox 237 3508 2091 3597; baseline 0.001 -25"><span class='ocrx_word' id='word_1_273' title='bbox 237 3528 342 3574; x_wconf 90' lang='lat' dir='ltr'><strong>nou</strong></span> <span class='ocrx_word' id='word_1_274' title='bbox 386 3514 494 3597; x_wconf 90' lang='lat' dir='ltr'><strong>qui</strong></span> <span class='ocrx_word' id='word_1_275' title='bbox 541 3511 815 3576; x_wconf 88' lang='lat' dir='ltr'><strong>traditus</strong></span> <span class='ocrx_word' id='word_1_276' title='bbox 860 3517 988 3575; x_wconf 84' lang='lat' dir='ltr'><strong>est:</strong></span> <span class='ocrx_word' id='word_1_277' title='bbox 1040 3509 1306 3587; x_wconf 87' lang='lat' dir='ltr'><strong>„multis</strong></span> <span class='ocrx_word' id='word_1_278' title='bbox 1351 3509 1653 3594; x_wconf 88' lang='lat' dir='ltr'><strong>periculis</strong></span> <span class='ocrx_word' id='word_1_279' title='bbox 1700 3508 2091 3594; x_wconf 88' lang='lat' dir='ltr'><strong>oppositae”.</strong></span> 
     </span>
    </p>
   </div>
   <div class='ocr_carea' id='block_1_7' title="bbox 238 3718 2591 4011">
    <p class='ocr_par' dir='ltr' id='par_1_8' title="bbox 238 3718 2591 4011">
     <span class='ocr_line' id='line_1_30' title="bbox 313 3718 2591 3805; baseline -0 -19"><span class='ocrx_word' id='word_1_280' title='bbox 313 3718 372 3786; x_wconf 80' lang='lat'><strong>7.</strong></span> <span class='ocrx_word' id='word_1_281' title='bbox 442 3721 699 3800; x_wconf 88' lang='lat' dir='ltr'><strong>„Multa</strong></span> <span class='ocrx_word' id='word_1_282' title='bbox 743 3724 938 3786; x_wconf 89' lang='lat' dir='ltr'><strong>etiam</strong></span> <span class='ocrx_word' id='word_1_283' title='bbox 987 3722 1066 3786; x_wconf 90' lang='lat' dir='ltr'><strong>ad</strong></span> <span class='ocrx_word' id='word_1_284' title='bbox 1111 3720 1436 3786; x_wconf 84' lang='lat' dir='ltr'><strong>luxuriam</strong></span> <span class='ocrx_word' id='word_1_285' title='bbox 1487 3722 1912 3786; x_wconf 83' lang='lat' dir='ltr'><strong>invitamenta</strong></span> <span class='ocrx_word' id='word_1_286' title='bbox 1964 3722 2310 3805; x_wconf 87' lang='lat' dir='ltr'><strong>perniciosa</strong></span> <span class='ocrx_word' id='word_1_287' title='bbox 2360 3722 2591 3786; x_wconf 83' lang='lat' dir='ltr'><strong>civita-</strong></span> 
     </span>
     <span class='ocr_line' id='line_1_31' title="bbox 238 3825 2591 3912; baseline 0.001 -25"><span class='ocrx_word' id='word_1_288' title='bbox 238 3826 392 3890; x_wconf 84' lang='lat' dir='ltr'><strong>tibus</strong></span> <span class='ocrx_word' id='word_1_289' title='bbox 434 3828 917 3912; x_wconf 87' lang='lat' dir='ltr'><strong>subpeditantur</strong></span> <span class='ocrx_word' id='word_1_290' title='bbox 964 3829 1163 3903; x_wconf 89' lang='lat' dir='ltr'><strong>mari,</strong></span> <span class='ocrx_word' id='word_1_291' title='bbox 1212 3847 1374 3911; x_wconf 86' lang='lat' dir='ltr'><strong>quae</strong></span> <span class='ocrx_word' id='word_1_292' title='bbox 1422 3825 1526 3891; x_wconf 87' lang='lat' dir='ltr'><strong>vel</strong></span> <span class='ocrx_word' id='word_1_293' title='bbox 1577 3832 1897 3908; x_wconf 71' lang='lat' dir='ltr'><strong>capiuntwr</strong></span> <span class='ocrx_word' id='word_1_294' title='bbox 1943 3825 2048 3891; x_wconf 86' lang='lat' dir='ltr'><strong>vel</strong></span> <span class='ocrx_word' id='word_1_295' title='bbox 2098 3826 2591 3909; x_wconf 88' lang='lat' dir='ltr'><strong>importantur”.</strong></span> 
     </span>
     <span class='ocr_line' id='line_1_32' title="bbox 314 3930 2591 4011; baseline 0 -15"><span class='ocrx_word' id='word_1_296' title='bbox 314 3930 525 3998; x_wconf 81' lang='lat' dir='ltr'><strong>Sermo</strong></span> <span class='ocrx_word' id='word_1_297' title='bbox 587 3940 686 3997; x_wconf 90' lang='lat' dir='ltr'><strong>est</strong></span> <span class='ocrx_word' id='word_1_298' title='bbox 745 3931 822 3996; x_wconf 89' lang='lat' dir='ltr'><strong>de</strong></span> <span class='ocrx_word' id='word_1_299' title='bbox 879 3932 1250 3997; x_wconf 80' lang='lat' dir='ltr'><strong>civitatibus</strong></span> <span class='ocrx_word' id='word_1_300' title='bbox 1298 3935 1713 3999; x_wconf 87' lang='lat' dir='ltr'><strong>mercatoriis.</strong></span> <span class='ocrx_word' id='word_1_301' title='bbox 1788 3930 1927 3997; x_wconf 89' lang='lat' dir='ltr'><strong>Hae</strong></span> <span class='ocrx_word' id='word_1_302' title='bbox 1971 3952 2094 3997; x_wconf 91' lang='lat' dir='ltr'><strong>non</strong></span> <span class='ocrx_word' id='word_1_303' title='bbox 2144 3934 2213 3997; x_wconf 81' lang='lat' dir='ltr'><strong>vi</strong></span> <span class='ocrx_word' id='word_1_304' title='bbox 2259 3930 2591 4011; x_wconf 78' lang='lat' dir='ltr'><strong>auferunt,</strong></span> 
     </span>
    </p>
   </div>
   <div class='ocr_carea' id='block_1_8' title="bbox 243 4056 606 4069">
    <p class='ocr_par' dir='ltr' id='par_1_9' title="bbox 243 4056 606 4069">
     <span class='ocr_line' id='line_1_33' title="bbox 243 4056 606 4069; baseline 0 931"><span class='ocrx_word' id='word_1_305' title='bbox 243 4056 606 4069; x_wconf 95' lang='lat' dir='ltr'><strong> </strong></span> 
     </span>
    </p>
   </div>
   <div class='ocr_carea' id='block_1_9' title="bbox 239 4138 2599 4289">
    <p class='ocr_par' dir='ltr' id='par_1_10' title="bbox 239 4138 2599 4289">
     <span class='ocr_line' id='line_1_34' title="bbox 297 4138 2598 4207; baseline 0.001 -19"><span class='ocrx_word' id='word_1_306' title='bbox 297 4138 348 4203; x_wconf 93' lang='lat'><strong>1)</strong></span> <span class='ocrx_word' id='word_1_307' title='bbox 397 4140 678 4191; x_wconf 74' lang='lat' dir='ltr'><strong>Huiusmodi</strong></span> <span class='ocrx_word' id='word_1_308' title='bbox 724 4144 838 4191; x_wconf 78' lang='lat' dir='ltr'><strong>sunt</strong></span> <span class='ocrx_word' id='word_1_309' title='bbox 867 4141 1009 4200; x_wconf 67' lang='lat' dir='ltr'><strong>haee,</strong></span> <span class='ocrx_word' id='word_1_310' title='bbox 1044 4156 1164 4206; x_wconf 78' lang='lat' dir='ltr'><strong>quae</strong></span> <span class='ocrx_word' id='word_1_311' title='bbox 1197 4141 1300 4191; x_wconf 82' lang='lat' dir='ltr'><strong>sola</strong></span> <span class='ocrx_word' id='word_1_312' title='bbox 1334 4144 1442 4207; x_wconf 76' lang='lat' dir='ltr'><strong>post</strong></span> <span class='ocrx_word' id='word_1_313' title='bbox 1473 4156 1623 4207; x_wconf 83' lang='lat' dir='ltr'><strong>supra</strong></span> <span class='ocrx_word' id='word_1_314' title='bbox 1654 4141 1831 4207; x_wconf 79' lang='lat' dir='ltr'><strong>scripta</strong></span> <span class='ocrx_word' id='word_1_315' title='bbox 1865 4142 2053 4193; x_wconf 75' lang='lat' dir='ltr'><strong>inveni:</strong></span> <span class='ocrx_word' id='word_1_316' title='bbox 2096 4144 2125 4205; x_wconf 66' lang='grc' dir='ltr'><strong>ξ</strong></span> <span class='ocrx_word' id='word_1_317' title='bbox 2160 4143 2223 4192; x_wconf 82' lang='lat'><strong>12</strong></span> <span class='ocrx_word' id='word_1_318' title='bbox 2258 4142 2495 4202; x_wconf 71' lang='lat' dir='ltr'><strong>civitatis,</strong></span> <span class='ocrx_word' id='word_1_319' title='bbox 2534 4143 2598 4192; x_wconf 76' lang='lat'><strong>18</strong></span> 
     </span>
     <span class='ocr_line' id='line_1_35' title="bbox 239 4220 2599 4289; baseline 0.003 -22"><span class='ocrx_word' id='word_1_320' title='bbox 239 4220 590 4283; x_wconf 64' lang='lat' dir='ltr'><strong>adulescentulo,</strong></span> <span class='ocrx_word' id='word_1_321' title='bbox 639 4225 702 4273; x_wconf 89' lang='grc'><strong>18</strong></span> <span class='ocrx_word' id='word_1_322' title='bbox 749 4225 944 4287; x_wconf 62' lang='lat' dir='ltr'><strong>sumptis</strong></span> <span class='ocrx_word' id='word_1_323' title='bbox 977 4224 1076 4286; x_wconf 81' lang='lat' dir='ltr'><strong>(M.</strong></span> <span class='ocrx_word' id='word_1_324' title='bbox 1113 4224 1333 4289; x_wconf 76' lang='lat' dir='ltr'><strong>sumtis),</strong></span> <span class='ocrx_word' id='word_1_325' title='bbox 1369 4224 1545 4273; x_wconf 78' lang='lat' dir='ltr'><strong>assedit</strong></span> <span class='ocrx_word' id='word_1_326' title='bbox 1579 4225 1639 4273; x_wconf 80' lang='lat' dir='ltr'><strong>de</strong></span> <span class='ocrx_word' id='word_1_327' title='bbox 1672 4224 1842 4289; x_wconf 84' lang='lat' dir='ltr'><strong>quibus</strong></span> <span class='ocrx_word' id='word_1_328' title='bbox 1875 4228 2004 4274; x_wconf 83' lang='lat' dir='ltr'><strong>tacet</strong></span> <span class='ocrx_word' id='word_1_329' title='bbox 2038 4224 2096 4274; x_wconf 76' lang='lat' dir='ltr'><strong>R.</strong></span> <span class='ocrx_word' id='word_1_330' title='bbox 2133 4225 2267 4273; x_wconf 84' lang='lat' dir='ltr'><strong>cuius</strong></span> <span class='ocrx_word' id='word_1_331' title='bbox 2300 4224 2599 4289; x_wconf 79' lang='lat' dir='ltr'><strong>diligentiam</strong></span> 
     </span>
    </p>
   </div>
   <div class='ocr_carea' id='block_1_10' title="bbox 241 4300 2599 4437">
    <p class='ocr_par' dir='ltr' id='par_1_11' title="bbox 241 4300 2599 4437">
     <span class='ocr_line' id='line_1_36' title="bbox 241 4300 2599 4431; baseline 0 -79"><span class='ocrx_word' id='word_1_332' title='bbox 241 4300 354 4431; x_wconf 43' lang='lat' dir='ltr'><strong>x</strong></span> <span class='ocrx_word' id='word_1_333' title='bbox 393 4308 736 4365; x_wconf 68' lang='lat' dir='ltr'><strong>confirmatum</strong></span> <span class='ocrx_word' id='word_1_334' title='bbox 781 4308 938 4355; x_wconf 74' lang='lat' dir='ltr'><strong>solum</strong></span> <span class='ocrx_word' id='word_1_335' title='bbox 987 4306 1075 4355; x_wconf 87' lang='lat' dir='ltr'><strong>hoc</strong></span> <span class='ocrx_word' id='word_1_336' title='bbox 1118 4312 1189 4355; x_wconf 80' lang='lat' dir='ltr'><strong>est</strong></span> <span class='ocrx_word' id='word_1_337' title='bbox 1224 4307 1425 4356; x_wconf 83' lang='lat' dir='ltr'><strong>alicuius</strong></span> <span class='ocrx_word' id='word_1_338' title='bbox 1458 4306 1688 4355; x_wconf 81' lang='lat' dir='ltr'><strong>momenti</strong></span> <span class='ocrx_word' id='word_1_339' title='bbox 1724 4307 1851 4370; x_wconf 89' lang='lat' dir='ltr'><strong>quod</strong></span> <span class='ocrx_word' id='word_1_340' title='bbox 1888 4308 1960 4357; x_wconf 79' lang='lat' dir='ltr'><strong>M.</strong></span> <span class='ocrx_word' id='word_1_341' title='bbox 2002 4308 2030 4369; x_wconf 70' lang='lat'><strong>5</strong></span> <span class='ocrx_word' id='word_1_342' title='bbox 2068 4307 2133 4356; x_wconf 79' lang='lat'><strong>13</strong></span> <span class='ocrx_word' id='word_1_343' title='bbox 2168 4308 2379 4356; x_wconf 71' lang='lat' dir='ltr'><strong>discendi</strong></span> <span class='ocrx_word' id='word_1_344' title='bbox 2412 4321 2599 4355; x_wconf 83' lang='lat' dir='ltr'><strong>correc-</strong></span> 
     </span>
     <span class='ocr_line' id='line_1_37' title="bbox 365 4388 643 4437; baseline 0.007 -2"><span class='ocrx_word' id='word_1_345' title='bbox 365 4399 458 4435; x_wconf 76' lang='grc' dir='ltr'><strong>αιιο</strong></span> <span class='ocrx_word' id='word_1_346' title='bbox 486 4388 643 4437; x_wconf 72' lang='lat' dir='ltr'><strong>term.</strong></span> 
     </span>
    </p>
   </div>
   <div class='ocr_carea' id='block_1_11' title="bbox 3074 2874 3086 4307">
    <p class='ocr_par' dir='ltr' id='par_1_12' title="bbox 3074 2874 3086 4307">
     <span class='ocr_line' id='line_1_38' title="bbox 3074 2874 3086 4307; baseline 0 0"><span class='ocrx_word' id='word_1_347' title='bbox 3074 2874 3086 4307; x_wconf 95' lang='lat' dir='ltr'><strong> </strong></span> 
     </span>
    </p>
   </div>
  </div>
 </body>
</html>
