3150 5000
1100 280 1374 332 murus
1417 281 1753 332 sosarnus,
2480 259 2611 328 399

251 445 474 533 ›ticon-5,
523 448 572 513 εἲ
622 445 834 528 ζῶντες
885 449 1031 514 ὑπὸ
1080 448 1400 529 Ῥωμαίοις
1452 444 1713 527 ἐσόμεθα
1738 498 1755 523 ,
1814 446 1985 513 malo
2032 446 2295 513 eandem
2346 466 2610 534 praepo-

249 555 531 619 sitionem
581 556 732 622 ἐπί.

328 733 529 805 Credo
591 740 671 805 ab
717 740 1066 806 victoribus
1114 742 1430 807 saevitum
1477 738 1673 804 fuisse
1716 740 1785 802 in
1829 739 2097 803 miseros
2140 735 2185 802 J
2186 710 2455 822 udaeos,
2502 738 2613 805 sed

245 844 394 908 mihi
439 864 567 909 non
615 848 825 910 minus
870 867 1240 932 persuasum
1291 854 1386 911 est
1406 894 1421 919 ,
1470 844 1509 911 J
1512 845 1821 931 osephum
1866 847 1933 907 in
1982 846 2193 931 gentis
2238 864 2387 909 suae
2424 847 2615 910 mise-

243 950 374 1045 riis·
393 951 860 1038 describendis,
908 973 1032 1018 non
1078 954 1529 1038 temperavisse
1575 952 1654 1016 ab
1696 952 2205 1037 exaggeratione.
2257 946 2477 1014 Veluti
2511 952 2612 1014 in-

242 1058 536 1123 credibile
583 1065 678 1123 est
721 1058 888 1144 quod
933 1060 1216 1147 legimus
1260 1059 1330 1124 B.
1381 1058 1444 1124 J.
1497 1057 1560 1123 7.
1611 1056 1673 1123 3.
1728 1058 1796 1122 1:
1846 1057 1874 1121 ὅ
1925 1056 2049 1135 γὰρ
2097 1055 2344 1136 ἀριθμὸς
2391 1063 2507 1120 τῶν
2554 1054 2614 1121 ἔν

239 1188 304 1228 τε
347 1174 488 1236 ταῖς
539 1164 686 1246 πρὸς
733 1166 819 1230 τα
866 1166 1039 1245 θηρία
1077 1168 1332 1247 μάχαις
1373 1166 1478 1230 καὶ
1517 1172 1634 1230 τῶν
1671 1170 2614 1248 ΚΑΤΛΠΙΜΠΡΑΜΕΝΩΝ,

240 1270 295 1335 ἓν
330 1296 398 1337 τε
441 1280 586 1345 ταῖς
628 1272 1137 1343 ἀλληλοκτονίαις
1179 1271 1647 1351 ἀναιρουμένων,
1697 1272 2131 1341 πεντακοσίους
2176 1269 2275 1334 ἐπὶ
2318 1278 2442 1341 τοῖς
2486 1269 2611 1334 δισ-

238 1380 456 1455 χιλίοις
509 1378 880 1459 ὑπερέβαλε.
951 1378 1283 1465 Numquid
1326 1378 1506 1444 aliud
1553 1379 1660 1443 hic
1706 1378 1968 1443 fortasse
2010 1368 2213 1442 latet?

320 1561 393 1626 B.
435 1560 498 1626 J.
545 1558 606 1629 ’7.
650 1561 711 1626 4.
749 1561 792 1626 2
841 1562 917 1627 de
964 1560 1296 1628 Germanis
1342 1564 1560 1649 agitur
1606 1562 1717 1647 qui
1764 1561 1841 1625 ab
1890 1558 2195 1625 Romanis
2242 1559 2615 1627 defecerant.

237 1666 620 1736 Defectionis
693 1674 908 1733 autem
971 1676 1257 1734 auctores
1318 1668 1513 1733 fuisse
1578 1667 1877 1733 dicuntur
1939 1667 2289 1737 Κλασσικός
2352 1691 2445 1740 τις
2510 1666 2615 1731 καὶ

240 1773 604 1839 Οὖιτέλλ
626 1798 688 1839 ιο
711 1800 764 1846 ς.
835 1772 1186 1840 Classicum
1251 1777 1400 1841 novi
1464 1796 1542 1840 ex
1602 1772 1809 1839 Taciti
1873 1771 2215 1858 Historiis,
2276 1772 2384 1839 sed
2452 1776 2619 1839 inter

237 1878 589 1947 Germanos
636 1880 973 1947 Vitellium
1021 1902 1146 1947 non
1193 1884 1365 1948 novi.
1437 1878 1805 1947 Claudium'
1831 1877 2111 1945 Civilem
2132 1929 2149 1963 ,
2201 1882 2455 1965 opinor,
2502 1900 2618 1945 no-

237 1991 544 2065 minavit,
595 1987 702 2053 sed
749 2008 872 2052 non
921 1990 1074 2053 satis
1113 1994 1370 2073 apparet
1411 1987 1726 2071 quomodo
1769 1987 1888 2051 hoc
1926 2006 2157 2051 nomen
2181 1983 2442 2051 Graecis
2476 1984 2619 2051 lite-

235 2097 316 2159 ris
363 2094 775 2161 scribendum
823 2096 928 2158 sit.
1001 2094 1296 2159 Fortasse
1342 2114 1566 2159 verum
1616 2099 1712 2157 est
1756 2094 2050 2166 Κιουίλιος
2100 2099 2165 2158 et
2211 2092 2620 2157 conferendae

235 2207 380 2265 sunt
445 2198 760 2267 Codicum
820 2199 1145 2265 lectiones.
1215 2199 1337 2265 Sed
1400 2209 1495 2265 est
1556 2219 1707 2265 sane
1752 2201 1987 2265 certius
2032 2199 2433 2265 scribendum
2483 2220 2617 2265 esse

235 2306 301 2370 B.
349 2306 413 2373 J.
469 2305 531 2371 ’7.
585 2306 645 2369 5.
701 2304 775 2370 3:
841 2301 972 2370 ὅσον
1036 2314 1160 2379 τοῖς
1225 2306 1658 2387 ὀφθησομένοις
1716 2306 1895 2384 μόνον
1941 2307 2026 2379 εἰς
2074 2305 2330 2387 παροδον
2376 2309 2618 2386 αναγ·

236 2422 462 2478 καῖον
511 2412 1004 2489 καταλιπόντες,
1059 2433 1185 2479 non
1233 2413 1731 2491 ἀναγκαίαν.

321 2597 394 2667 Β.
443 2598 504 2664 .].
557 2597 620 2664 ’7.
671 2600 730 2663 5.
783 2599 822 2663 5
871 2582 1250 2664 describitur
1297 2597 1775 2686 magnificentia
1822 2599 2153 2684 triumphi.
2200 2602 2277 2663 'H
2315 2600 2511 2682 τέχνη
2554 2600 2618 2666 δὲ

237 2707 333 2770 καὶ
402 2711 521 2771 τῶν
586 2705 1213 2782 κατασκευασμάτων
1262 2709 1296 2781 ἦ
1347 2706 1790 2785 μεγαλουργία
1853 2713 1979 2777 τοῖς
2042 2707 2149 2770 οὐκ
2212 2706 2472 2772 εἰδόσι
2532 2708 2619 2772 τοὶ

235 2814 567 2891 γινόμενα,
614 2813 757 2878 τότε
808 2811 1099 2878 ἐδείκνυεν
1145 2816 1225 2884 ὡς
1273 2817 1550 2891 παροῦσι.
1598 2812 1736 2878 Imo
1785 2812 1857 2876 ἶδ
1872 2816 2067 2876 οὖσι.
2130 2811 2465 2899 Nusquam
2510 2812 2620 2878 Jo-

234 2907 469 3003 sephus
533 2921 744 3005 magis
806 2919 1038 3005 dignus
1103 2926 1200 2983 est
1244 2926 1433 3002 quem
1483 2926 1884 3000 contemnas,
1936 2938 2143 3003 quam·
2175 2920 2243 2982 in
2290 2938 2365 2983 ea
2410 2919 2620 2984 ambi-

237 3026 396 3090 tiosa
443 3023 864 3090 delineatione
909 3025 1253 3109 triumphi,
1296 3044 1479 3109 quem
1524 3026 1659 3108 ipse
1698 3025 2005 3088 sustinuit
2028 3030 2331 3109 spectare.
2358 3022 2619 3090 Trium·-

235 3132 389 3216 phat
437 3130 897 3216 propemodum
950 3133 1120 3216 ipse,
1171 3130 1326 3195 dum
1371 3139 1585 3195 narrat
1633 3129 1962 3196 Simonem
1999 3127 2193 3196 Giora
2228 3133 2300 3195 in
2323 3129 2619 3198 Tulliano

237 3236 710 3324 strangulatum
759 3235 976 3302 fuisse.
1029 3235 1245 3301 Unum
1291 3239 1353 3302 ei
1398 3236 1647 3320 deerat,
1694 3236 1863 3321 quod
1901 3235 2176 3302 Romani
2208 3244 2621 3324 pepercerunt

239 3342 275 3408 J
279 3344 512 3410 ohanni
558 3340 946 3430 Gisgalensi.

325 3525 614 3623 Denique
660 3526 900 3613 fugisse
947 3525 1184 3592 dicitur
1222 3523 1686 3614 Commagenes
1723 3547 1835 3592 rex
1874 3526 2233 3592 Antiochus
2271 3529 2485 3590 πᾶσαν
2509 3529 2617 3602 τὴν

239 3633 573 3708 βασιλείαν
621 3634 698 3704 ὥς
745 3627 918 3712 εἶχεν
965 3631 1065 3696 ἐπὶ
1115 3634 1550 3712 σχήματος
1602 3636 2004 3722 καταλιπών,
2051 3632 2161 3698 sed
2208 3631 2353 3700 vide
2394 3653 2621 3700 annon

241 3745 514 3823 praestet
563 3737 665 3801 ἐπ’
711 3717 1172 3820 ὀχήματος.
2116 3733 2125 3746 ’

333 3844 513 3923 Ἐμοὶ
567 3844 681 3923 μὲν
741 3844 811 3920 δὴ
870 3845 1059 3926 μέχρι
1108 3844 1283 3909 τοῦδε
1329 3845 1713 3928 γεγράφθω,
1765 3846 1850 3911 τὰ
1896 3846 1958 3910 δὲ
2012 3846 2203 3912 λοιπὰ
2252 3844 2395 3920 ἴσως
2444 3845 2621 3930 ἄλλῳ

245 3952 518 4027 μελήσει.
919 3975 926 3981 ’

489 4102 1113 4168 Amstelodami

334 4209 393 4275 d.
446 4208 486 4274 6
529 4231 622 4274 m.
668 4209 1038 4276 Decembris
1089 4209 1285 4278 1884.
