3150 5000
583 232 716 298 290
1658 249 1897 302 monuo.

671 417 815 483 Non
861 436 1168 504 magnam
1213 418 1419 503 igitur
1464 417 1599 482 vim
1650 416 1993 482 indicium:
2050 417 2101 480 0
2138 418 2236 480 vet
2277 439 2309 479 ο
2352 416 2583 482 habere
2621 421 2849 500 potest,
2884 417 2929 477 si

578 525 938 608 quaeritur,
1003 541 1270 606 ecquam
1329 523 1773 586 auctoritatem
1841 521 2073 586 habeat
2134 521 2332 586 altera
2390 541 2638 586 manus.
2707 519 2847 584 Sive
2904 539 2931 582 c

579 628 967 714 exemplari,
1039 627 1206 694 unde
1251 626 1402 691 libri
1449 626 1526 691 de
1573 647 1641 691 re
1691 625 1947 712 publica
1992 628 2293 712 descripti
2344 634 2528 704 sunt,
2576 646 2691 692 sua
2735 626 2929 700 debet,

578 737 715 799 sive
773 733 886 798 alii
939 733 1106 798 libro
1133 783 1150 817 ,
1197 753 1360 797 unus
1406 742 1474 797 et
1519 731 1681 797 alter
1726 731 1904 798 locus
1949 735 2063 798 ubi
2110 755 2144 798 c
2191 734 2274 818 (C
2314 733 2411 797 vel
2453 734 2511 818 c)
2558 734 2933 819 agnoscitur,

575 860 700 904 non
741 837 1095 905 convellere
1129 843 1337 923 potest
1375 838 1689 902 iudicium
1732 837 1811 902 de
1850 836 1911 903 ο1
1938 838 2201 904 factum.
2248 838 2343 904 De
2366 858 2491 922 quo
2524 857 2669 904 cum
2696 837 2933 902 Pfaffius

574 947 944 1029 pronuntiat
981 966 1046 1030 p.
1093 941 1212 1007 132
1261 945 1638 1026 „sescenties
1678 942 1967 1030 singulas
2013 965 2195 1010 voees
2244 950 2503 1029 totaque
2548 946 2863 1010 enuntiata
2902 963 2933 1006 a

573 1050 834 1115 librario
895 1069 1221 1135 perperam
1285 1051 1520 1133 scripta
1585 1070 1699 1114 nec
1761 1071 1800 1114 a
1844 1069 1879 1114 o
1928 1057 2204 1118 correcta
2249 1071 2286 1115 a
2332 1047 2394 1114 c¹
2445 1050 2777 1116 emendata
2819 1069 2933 1114 esse

575 1155 898 1241 apparet”‚
947 1175 1051 1219 me
1099 1153 1291 1219 habet
1330 1157 1814 1240 assentientem3
1857 1155 2025 1239 quod
2066 1162 2281 1220 autem
2326 1156 2541 1221 addit:
2588 1155 2935 1239 „complura

573 1263 868 1347 graviora
913 1260 1144 1324 menda
1191 1281 1228 1324 a
1274 1261 1328 1323 c'
1384 1262 1450 1324 in
1499 1260 1781 1326 codicem
1834 1259 2211 1327 Vaticanum
2260 1260 2443 1327 illata
2482 1262 2649 1328 esse”
2687 1262 2801 1328 hoc
2835 1263 2935 1328 vix

573 1388 722 1432 cum
787 1367 1215 1451 superioribus
1281 1365 1605 1431 conciliari
1669 1372 1877 1451 potest
1941 1375 2007 1432 et
2069 1373 2237 1433 certe
2293 1388 2420 1432 non
2489 1367 2937 1432 demonstratur

571 1471 881 1557 exemplis
951 1474 1019 1536 in
1082 1471 1303 1537 eadem
1365 1474 1601 1558 pagina
1664 1472 1875 1537 allatis
1982 1471 2201 1537 Unum
2260 1479 2514 1538 tantum
2584 1480 2679 1538 est
2722 1475 2787 1537 in
2828 1475 2935 1547 iis,

570 1578 737 1663 quod
802 1599 879 1642 ex
943 1579 1203 1663 ingenio
1263 1576 1507 1642 librarii
1575 1577 1929 1662 profectum
1995 1578 2197 1643 videri
2262 1577 2486 1643 debeat
2556 1579 2639 1664 (Ι.
2712 1577 2821 1664 22)
2874 1580 2933 1663 ¹).

571 1681 1060 1748 Emendationes
1108 1703 1186 1747 ex
1235 1683 1397 1747 bono
1447 1682 1660 1747 codice
1708 1683 1909 1748 factae
1956 1682 2202 1748 multae
2246 1691 2399 1747 sunt
2442 1690 2506 1748 et
2531 1683 2725 1750 dubio
2749 1687 2935 1749 maio-

572 1808 702 1864 res,
773 1808 1009 1872 paucae
1056 1793 1273 1852 contra
1321 1808 1480 1872 quae
1526 1795 1743 1854 notam
1796 1791 2167 1853 temerariae
2210 1791 2589 1854 mutationis
2636 1792 2703 1854 in
2748 1789 2935 1854 fronte

567 1899 829 1980 gerant3
870 1892 1144 1980 singulis
1180 1891 1337 1958 locis
1378 1893 1729 1959 videndum
1768 1898 1899 1977 est,
1943 1897 2021 1958 ad
2056 1901 2277 1958 utrum
2316 1915 2519 1980 genus
2542 1897 2936 1962 correctiones

568 2001 698 2064 sint
744 2000 1134 2075 referendae,
1187 1999 1278 2064 sic
1323 2005 1538 2064 tamen
1588 2007 1663 2064 ut
1706 2000 1969 2084 reliquis
2017 1999 2275 2084 paribus
2321 2004 2525 2066 maior
2576 2002 2663 2066 sit
2724 2019 2935 2066 manus

568 2104 668 2169 28·Β
707 2108 1072 2172 auctoritas.

660 2209 1130 2297 orthographia
1173 2210 1362 2275 hodie
1410 2219 1660 2294 recepta
1707 2210 1837 2274 fere
1884 2209 2220 2276 collatione
2265 2209 2472 2275 Mavii
2518 2210 2931 2277 confirmatur.

570 2314 1076 2402 orthographiae
1140 2318 1450 2381 rationem
1512 2314 1805 2380 Moserus
1824 2363 1840 2395 ‚
1900 2321 1976 2380 ut
2020 2318 2157 2401 ipse
2204 2318 2294 2382 ait
2312 2363 2328 2393 ,
2376 2320 2834 2385 immutaverat
2877 2324 2935 2381 et

566 2421 1155 2488 accommodaverat
1219 2419 1298 2486 ad
1362 2441 1500 2486 eam
1553 2441 1839 2488 normam
1862 2468 1878 2498 ,
1928 2442 2089 2507 quae
2134 2423 2201 2486 in
2248 2424 2513 2508 optimis
2560 2423 2934 2490 editionibus

564 2534 708 2594 tum
767 2527 1114 2592 obtinebat.
1195 2526 1522 2593 Moserum
1586 2527 1652 2591 in
1714 2530 1941 2611 primis
2004 2527 2281 2594 Orellius
2338 2536 2595 2595 secutus
2642 2538 2743 2596 est
2788 2529 2931 2616 (vid.

565 2634 759 2702 Orell.
809 2634 885 2699 ed
933 2634 1143 2718 prima
1188 2654 1251 2718 p.
1302 2632 1482 2718 413).
1555 2630 1919 2711 Scribendi,
1967 2636 2213 2718 inquit,
2252 2637 2564 2701 rationem
2604 2636 2933 2724 vulgarem

559 2738 833 2827 praetuli
880 2741 976 2821 ei,
1040 2758 1230 2823 quam
1295 2738 1490 2804 codex
1535 2737 1988 2823 palimpsestus
2035 2737 2312 2804 exhibet.
2383 2740 2737 2807 Molestum
2794 2760 2935 2827 ergo

559 2848 894 2934 negotium
940 2842 1202 2928 reliquit
1249 2842 1514 2920 RieviO,
1563 2846 1675 2928 qui
1724 2864 1869 2907 cum
1919 2845 1987 2907 in
2032 2843 2439 2923 conferendo,
2490 2854 2563 2910 ut
2607 2867 2724 2932 par
2774 2854 2933 2928 erat,

562 2950 948 3019 Orellianam
995 2951 1267 3034 primam
1319 2968 1482 3013 anno
1535 2946 1710 3013 1858
1757 2948 2119 3034 adhiberet,
2164 2951 2231 3014 in
2276 2950 2465 3015 rebus
2503 2952 2933 3040 orthographi-

556 3060 648 3123 cis
709 3056 1002 3123 notandis
1063 3058 1318 3119 tertiam
1390 3054 1518 3119 fere
1581 3054 1815 3119 laboris
1862 3061 2105 3139 partem
2154 3055 2459 3122 collocare
2507 3064 2764 3125 coactus
2808 3068 2933 3140 est,

555 3184 704 3229 cum
767 3160 1044 3248 singulis
1104 3159 1258 3225 locis
1278 3206 1294 3238 ,
1358 3160 1469 3224 ubi
1533 3162 1725 3225 tacite
1794 3160 2083 3225 Moserus
2144 3169 2209 3225 et
2269 3160 2547 3227 Orellius
2602 3163 2932 3230 lectionem

554 3268 846 3334 Vaticani
909 3272 1348 3343 mutaverant,
1399 3286 1538 3331 eam
1590 3264 1823 3330 diserte
1870 3266 2165 3331 habuerit
2219 3269 2719 3335 memorandam.
2792 3270 2933 3335 Rie-

554 3376 737 3441 vium
775 3374 1149 3438 recentiores
1189 3374 1389 3436 secuti
1432 3376 1615 3447 sunt,
1648 3368 1953 3436 Halmius
1992 3372 2057 3435 in
2093 3370 2414 3438 Orelliana
2448 3375 2755 3459 secunda,
2806 3375 2932 3441 alii.

553 3480 779 3567 Itaque
827 3498 952 3543 non
1001 3484 1238 3541 certam
1287 3476 1605 3561 quandam
1654 3496 1946 3541 normam
1996 3480 2199 3542 secuti
2245 3485 2397 3542 sunt
2430 3480 2541 3545 sed
2579 3500 2935 3565 repraesen-

551 3590 770 3650 tarunt
829 3582 1130 3649 lectiones
1200 3581 1454 3648 codicia.
1534 3578 1642 3645 Si'c
1700 3582 2069 3665 compulisset
2131 3582 2179 3647 I.
2248 3585 2279 3648 1
2305 3633 2324 3667 ,
2370 3606 2815 3651 commemorare
2866 3588 2935 3664 l,

552 3691 871 3757 communie
924 3689 955 3753 l
1008 3697 1072 3754 et
1119 3688 1228 3772 27,
1277 3688 1561 3768 colliqunt
1610 3688 1650 3749 4
1672 3734 1687 3765 ,
1735 3688 2055 3771 compluris
2104 3686 2185 3753 13
2236 3726 2319 3737 -
2369 3698 2432 3756 et
2478 3694 2807 3757 conlocavit
2835 3692 2935 3775 17,

551 3796 845 3862 conlocuti
911 3793 994 3859 18
1013 3841 1032 3878 ‚
1095 3800 1506 3857 conmutantur
1565 3790 1650 3856 69
1668 3812 1685 3870 ;
1752 3794 2206 3875 appellaverunt
2268 3793 2350 3859 41
2376 3842 2393 3873 ,
2458 3798 2755 3880 appellari
2816 3796 2934 3873 48,

552 3905 762 3969 attulit
811 3900 897 3967 65
949 3938 1034 3951 —
1080 3913 1146 3966 et
1191 3900 1534 3983 adpetentia
1581 3898 1623 3963 2
1642 3947 1659 3976 ‚
1710 3900 1981 3964 adtinere
2033 3900 2151 3987 153
2202 3903 2433 3988 aspexit
2488 3903 2571 3969 1‘7
2612 3912 2687 3995 et·
2718 3924 2933 3969 rursus

619 4112 670 4176 1)
709 4112 780 4159 De
815 4126 910 4174 quo
949 4110 1054 4159 1000
1071 4126 1166 4159 non
1203 4109 1435 4158 assentior
1469 4107 1714 4157 Strelitzio
1746 4124 1795 4173 p.
1834 4108 1927 4169 92,
1968 4110 2052 4173 qui
2086 4110 2187 4159 fere
2220 4111 2289 4159 ita
2323 4112 2666 4164 ratiocinatur:
2702 4116 2933 4163 correctio

550 4196 622 4242 est
651 4193 838 4257 inepta,
875 4192 1038 4255 itaque
1072 4208 1168 4241 non
1202 4188 1339 4240 debet
1373 4190 1599 4239 librarius
1633 4189 1761 4238 credi
1795 4205 1899 4238 eam
1932 4206 1987 4239 ex
2020 4191 2212 4255 ingenio
2246 4193 2422 4242 ῐοοίσοο.
2478 4194 2523 4242 N
2528 4210 2554 4242 u
2588 4210 2759 4260 parum
2794 4196 2937 4245 libra-

549 4275 646 4325 rios
679 4274 816 4324 novit
847 4272 932 4339 qui
966 4274 1224 4337 quidquam
1257 4273 1400 4323 nimis
1431 4272 1637 4321 stultum
1671 4274 1835 4337 putet,
1872 4276 1929 4322 ut
1960 4274 2215 4324 credantur
2248 4276 2549 4325 committere
2578 4278 2814 4342 potuis-05
2852 4294 2935 4327 neo

549 4358 664 4409 alibi
696 4356 1013 4407 contendisset
1049 4356 1098 4407 S.
