3150 5000
591 256 724 327 860
1447 274 1723 359 nurus
1761 276 2100 329 rosnrmrs.

678 447 896 531 Antiq.
947 443 1007 511 5.
1057 442 1117 510 6.
1167 442 1248 510 3:
1294 446 1406 519 τὴν
1451 445 1817 525 ἀνθρωπίνην
1866 446 2059 526 φύσιν
2110 444 2739 526 αὖτοφίλαυτον
2786 436 2958 507 οὖσαν

585 552 837 636 ἐδήλου,
897 572 1025 618 non
1085 551 1323 617 suffieit
1382 552 1549 636 quod
1588 551 1949 619 ‘Bekkerus
2010 550 2213 618 edidit
2263 554 2473 631 αὐτῷ
2522 553 2959 631 φίλαυτον·

583 661 930 745 requiritur
993 660 1164 723 enim
1228 657 1355 721 ἀεὶ
1418 642 1877 739 φίλαυτον.
1930 658 2075 724 Non
2134 662 2347 746 magis
2393 657 2560 723 mihi
2607 678 2754 722 eum
2805 654 2963 721 Bek-

583 766 739 831 kero
785 767 1078 833 convenit
1123 763 1341 849 Antiq.
1391 763 1455 829 5.
1510 760 1572 829 7.
1628 763 1670 829 8
1693 810 1709 843 ,
1758 765 1872 851 ubi
1920 765 1997 831 de
2044 768 2327 831 exercitu
2372 783 2579 829 sermo
2615 768 2739 841 est,
2782 780 2963 847 quem

583 870 865 958 Jephtha
926 870 1170 935 alebat:
1230 868 1489 951 ςρατιοὶν
1509 918 1526 947 ,
1596 867 1666 945 ἣν
1728 873 1983 952 ἔτρεφεν
2032 872 2219 944 αὐτὸς
2274 896 2327 950 μ
2345 895 2364 935 ι
2379 895 2416 936 σ
2434 872 2463 935 θ
2482 894 2509 935 ο
2528 878 2583 953 φ
2600 892 2631 937 ο
2646 894 2677 952 ρ
2692 872 2733 936 ὦ
2752 893 2815 950 ν,
2862 868 2965 933 ubi

599 977 965 1060 μισθοφόρον
1013 976 1304 1043 Bekkero
1346 975 1593 1062 placuit
1607 1023 1626 1055 ‚
1675 976 1839 1042 mihi
1884 986 2103 1044 autem
2146 1001 2287 1057 μισ
2308 978 2381 1042 oo
2396 977 2525 1045 δοτ
2540 983 2583 1044 ὦ
2598 1002 2654 1045 ν.

676 1193 976 1263 Primum
1021 1198 1150 1259 tres
1194 1190 1368 1258 locos
1411 1191 1761 1277 conferam,
1800 1195 1910 1279 qui
1950 1193 2395 1259 monstrabunt
2419 1192 2735 1280 quomodo
2758 1210 2965 1259 emen·

587 1301 868 1368 dandum
929 1318 1062 1366 esse
1133 1301 1498 1364 existimem
1556 1300 1778 1383 Antiq.
1830 1299 1889 1364 5.
1942 1298 2009 1367 2.
2056 1299 2120 1365 8.
2193 1299 2469 1389 Legitur
2518 1302 2736 1387 Antiq.
2790 1298 2853 1364 5.
2902 1296 2961 1361 8.

588 1409 666 1475 1:
734 1407 1042 1488 δυσφορῶν
1099 1407 1200 1471 ἐπὶ
1262 1416 1340 1487 τῇ
1400 1404 1697 1490 ἀπαιδίᾳ,
1773 1404 1836 1471 6.
1905 1405 1967 1472 1.
2037 1407 2125 1491 1:,
2175 1406 2673 1489 δυσφορήσαντες
2736 1408 2838 1473 ἐπὶ
2886 1406 2962 1485 τῷ

584 1516 979 1595 γεγενημένῳ
1029 1519 1094 1579 et
1144 1511 1202 1580 7.
1255 1512 1314 1577 4.
1367 1515 1447 1578 2:
1497 1510 1923 1595 ἐδυσφόρησαν
1970 1513 2070 1578 ἐπὶ
2117 1516 2201 1595 τῷ
2252 1517 2517 1596 θανάτῳ.
2598 1515 2785 1581 Nunc
2832 1532 2963 1578 oon·

584 1620 748 1686 ferat
808 1620 974 1685 mihi
1033 1619 1176 1705 quis
1227 1621 1444 1705 Antiq.
1497 1620 1560 1684 5.
1610 1620 1673 1684 2.
1726 1618 1767 1684 8
1788 1666 1805 1696 ,
1857 1620 2188 1687 historiam
2236 1620 2502 1688 Levitae
2548 1643 2699 1687 oum
2730 1638 2961 1687 concn-

585 1728 739 1793 bina
783 1743 933 1792 sua:
995 1730 1079 1797 ὥς
1124 1725 1187 1790 δὲ
1235 1727 1705 1799 τελευτήσασαν
1754 1724 2019 1807 ἔμαθεν,
2081 1734 2505 1809 σωφρονῶν
2554 1728 2697 1809 πρὸς
2746 1729 2818 1793 τὸ
2864 1722 2963 1803 μέ·

585 1834 762 1913 γεθος
809 1840 928 1898 τῶν
973 1832 1175 1897 κακῶν
1221 1831 1566 1907 ἐπιθέμενος
1619 1834 1703 1913 τῷ
1753 1832 1956 1907 κτήνει
2008 1835 2221 1914 νεκρὰν
2265 1836 2376 1909 τὴν
2421 1843 2699 1915 γυναῖκα
2738 1833 2960 1914 κομίζει

583 1942 729 2020 πρὸς
775 1929 1016 2005 ιἑοιυϊόν.
1067 1938 1400 2019 Σωφρόνως
1449 1937 1721 2005 ridicula
1769 1940 2227 2025 propemodum
2265 1947 2362 2008 est
2401 1942 2679 2009 Bekkeri
2700 1942 2959 2028 suspicio

585 2051 652 2114 et
697 2046 1106 2113 commendo:
1153 2047 1485 2129 δυσφορῶν.

677 2258 978 2347 Sampso,
1028 2264 1104 2325 ut
1149 2272 1246 2326 est
1291 2259 1508 2346 Antiq.
1560 2258 1624 2325 5.
1674 2256 1740 2326 8.
1790 2258 1867 2328 6:
1937 2259 2350 2343 ἐπιτυγχάνει
2398 2263 2615 2340 σμήνει
2662 2263 2955 2341 μελιττῶν

587 2366 650 2433 ἐν
697 2372 781 2449 τῷ
831 2370 997 2443 ςήθει
1035 2371 1142 2433 τοῦ
1184 2367 1423 2437 λέοντος
1472 2368 2137 2434 νενοσσευκότων.
2172 2368 2411 2455 -Neque
2449 2369 2569 2436 hoo
2592 2390 2814 2436 verum
2838 2372 2949 2441 est,

585 2495 702 2542 neo
765 2480 1250 2554 νενοσσευκυιῶν,
1311 2474 1422 2542 sed
1482 2474 2078 2542 νενοσσευκότι.
2149 2474 2317 2544 Vide
2386 2476 2605 2564 Antiq.
2670 2474 2730 2544 6.
2781 2476 2841 2543 1.
2889 2475 2949 2541 l:

587 2588 755 2674 μυῶν
803 2585 1031 2661 πλῆθος
1078 2582 1327 2648 ἀνελθὸν
1373 2582 1443 2646 ἐκ
1489 2587 1600 2656 τῆς
1650 2590 1793 2663 γῆς.
2762 2597 2775 2608 ·

677 2800 863 2869 Nihil
905 2798 1226 2889 significat
1273 2797 1335 2865 5.
1387 2798 1492 2865 11.
1539 2799 1618 2866 3:
1677 2795 2016 2880 συνέχει
2064 2797 2193 2878 γὰρ
2241 2797 2460 2871 ἱκανῶς
2508 2797 2596 2863 τὰ
2642 2797 2810 2879 παρα
2852 2795 2947 2867 τὴν

582 2909 946 2992 προσδοκίαν
993 2905 1382 2986 συντυχόντα
1433 2905 1620 2972 δεινοί.
1693 2904 1793 2971 Ad
1836 2924 2058 2971 veram
2100 2905 2481 2991 scripturam
2522 2902 2944 2971 inveniendam

583 3016 854 3083 conferri
895 3014 1130 3101 poterit
1175 3012 1395 3096 Antiq.
1443 3011 1504 3077 6.
1553 3011 1614 3080 ¹7.
1656 3011 1731 3076 4:
1789 3015 1973 3078 ταῦτ’
2021 3013 2289 3084 ἀκούσας
2339 3012 2369 3077 ὃ
2416 3013 2782 3088 Σαμούηλος
2827 3031 2942 3074 συν·

583 3123 808 3204 εχὺθη,
874 3120 980 3188 vel
1042 3119 1258 3204 Antiq.
1313 3119 1371 3186 ’7.
1421 3119 1477 3183 1.
1524 3116 1603 3184 6:
1644 3116 1834 3192 οὕτως
1880 3117 2067 3183 αὐτὸν
2113 3118 2143 3183 ὃ
2190 3117 2523 3199 Ἀβενήρου
2568 3119 2819 3200 συνέχεε
2854 3111 2942 3182 θό-

582 3251 797 3306 νατος,
845 3225 948 3294 vel
986 3227 1202 3311 Antiq.
1246 3226 1353 3292 11.
1397 3222 1458 3293 6.
1504 3221 1625 3290 10:
1666 3228 1779 3300 τὴν
1817 3224 2084 3289 διάνοιαν
2131 3226 2456 3308 συνεχύθη.
2508 3224 2729 3312 Itaque
2752 3222 2939 3291 mori·

583 3336 863 3403 bendum
911 3339 1007 3399 est
1052 3339 1375 3413 συγχεῒ
1415 3351 1727 3417 saepeque
1769 3331 2243 3398 confunduntur
2288 3317 2459 3413 ἔχειν
2495 3339 2561 3399 et
2595 3340 2773 3418 χεῒν,
2796 3321 2931 3416 quod

581 3442 662 3508 ad
709 3441 1133 3510 Heliodorum
1179 3437 1424 3507 ostendi
1469 3441 1538 3504 in
1584 3437 1829 3507 Mnem.
1882 3437 2009 3505 XII
2058 3438 2211 3504 344.

673 3655 879 3742 Supra
937 3652 1073 3718 dixi
1134 3650 1485 3736 Josephum
1505 3698 1522 3728 ‚
1588 3670 1789 3736 quum
1843 3649 2223 3736 plerumque
2267 3652 2423 3716 satis
2467 3650 2674 3718 facilis
2720 3653 2843 3728 est,
2882 3649 2939 3712 in

578 3763 923 3849 posteriore
986 3764 1164 3844 parte
1227 3758 1709 3842 Antiquitatum
1774 3759 1873 3822 uti
1937 3778 2225 3824 sermone
2287 3776 2478 3845 supra
2537 3777 2731 3843 quam
2792 3752 2939 3823 credi

579 3869 778 3954 possit
822 3863 1120 3951 perplexo
1165 3871 1232 3929 et
1277 3868 1595 3940 tortuoso,
1648 3863 1815 3948 quod
1863 3863 2121 3931 difficile
2165 3865 2328 3930 foret
2366 3865 2445 3930 ad
2482 3864 2933 3951 explicandum,

579 3977 706 4040 nisi
768 3976 924 4038 satis
972 3975 1310 4056 appareret·
1345 3971 1569 4055 utique
1614 3969 1682 4034 in
1729 3969 2208 4056 Antiquitatum
2256 3971 2437 4037 libris
2484 3970 2829 4058 Josephum
2869 3965 2935 4034 ab

581 4078 728 4148 aliis
773 4079 982 4145 multa
1023 4077 1431 4162 impudenter
1475 4077 1760 4142 furatum
1808 4097 1941 4143 esse
1988 4098 2060 4144 ao
2100 4077 2227 4145 fere
2268 4079 2349 4144 ad
2389 4079 2655 4145 verbum
2694 4077 2937 4160 descrip-

581 4188 760 4254 sisse.
807 4183 931 4250 Sed
978 4189 1130 4250 tune
1175 4182 1587 4250 ostendebam
1633 4203 1825 4268 quam
1866 4186 2029 4249 mire
2066 4186 2135 4249 in
2172 4183 2303 4250 illis
2343 4183 2527 4251 libris
2552 4186 2934 4272 participium

580 4291 786 4360 futuri
829 4293 1132 4377 temporis
1176 4292 1600 4380 usurpaverit.
1650 4287 1887 4358 Contra
1924 4290 2195 4356 verbum
2234 4300 2333 4358 est
2352 4286 2527 4370 οἶμαι
2546 4339 2562 4372 ,
2589 4293 2753 4379 quod
2774 4303 2935 4374 saepe

582 4402 931 4468 sententiae
975 4398 1079 4464 διὰ
1118 4397 1310 4478 μέσον
1348 4398 1794 4482 interponitur.
1840 4395 1949 4463 Fit
1987 4397 2105 4464 hoo
2139 4399 2208 4464 in
2243 4397 2425 4466 Bello
2446 4397 2487 4466 J
2490 4399 2713 4467 udaico
2736 4399 2931 4466 sexies.
