3150 5000
599 279 732 346 806
1670 299 1911 350 mosao.

595 470 746 538 sunt
806 467 877 530 in
923 465 1306 551 disputando
1349 465 1514 530 vafri
1537 513 1554 540 ‚
1604 483 1730 530 non
1776 469 2160 532 veterator-es
2179 511 2196 543 ,
2242 485 2369 532 non
2412 463 2782 540 malitiosi”‚
2826 460 2940 528 rell.

686 567 853 636 Cum
900 572 978 637 de
1024 574 1164 637 viro
1197 572 1362 639 bono
1397 573 1760 656 quaeritur,
1796 570 2089 636 homines
2122 571 2267 638 boni
2308 592 2435 639 non
2472 577 2623 637 sunt
2661 573 2727 636 in
2763 571 2942 654 dispu-

592 676 786 742 tando
847 673 1054 744 vafri?
1137 680 1238 743 An
1297 696 1651 761 numquam
1698 674 1935 742 sunt‘t·
1958 675 2295 744 Praeterea
2337 677 2629 743 homines
2674 679 2738 742 in
2782 676 2943 740 disse-

591 781 787 848 rendo
849 802 974 848 non
1035 781 1228 858 mali,
1296 803 1422 850 non
1485 781 1773 859 fallaces,
1837 784 2137 848 dicuntur
2198 785 2265 848 in
2322 784 2442 850 hac
2494 785 2843 869 quaestione
2882 799 2942 845 eo

590 886 738 973 plus
798 889 1198 954 auctoritatis
1259 887 1528 967 habere,
1596 889 1747 972 quia
1803 908 1929 953 non
1991 893 2143 954 sunt
2189 887 2351 954 vafri
2370 938 2388 973 ,
2438 891 2485 954 i.
2510 910 2566 955 e.
2614 889 2773 963 fere,
2818 887 2945 972 quia

589 1014 715 1061 non
763 999 914 1060 sunt
959 993 1236 1060 fallaces.
1312 996 1591 1079 Apparet
1634 993 1791 1058 haec
1834 999 1984 1078 apta
2028 995 2347 1060 sententia
2390 1015 2620 1062 carere.
2687 993 2942 1078 Requiri-
3056 1069 3058 1096 ἶ

589 1105 698 1166 tur
751 1100 918 1166 fere:
970 1102 1122 1185 quia
1166 1101 1281 1165 ubi
1327 1100 1406 1166 de
1451 1102 1593 1165 viro
1638 1100 1835 1184 probo
1884 1103 2237 1184 quaeritur,
2285 1101 2521 1185 probus
2567 1102 2941 1187 potissimum

589 1210 688 1272 est
749 1207 818 1270 in
882 1204 1221 1272 consilium
1289 1205 1705 1272 adhibendus.
1790 1204 1945 1271 Post
2003 1205 2289 1270 mabaiom'
2350 1207 2661 1274 excidisse
2721 1206 2947 1274 videtur

587 1311 895 1376 audiendi.

679 1415 846 1498 Quid
911 1419 997 1482 sit
1055 1437 1158 1482 res
1217 1415 1476 1502 publica
1522 1415 1813 1483 definivit
1858 1417 1978 1482 hoc
2024 1415 2190 1483 libro
2235 1414 2477 1486 Cicero.
2552 1417 2679 1485 Res
2720 1416 2948 1504 publica
3057 1459 3058 1468 κ

587 1527 684 1588 est
731 1543 830 1588 res
877 1522 1114 1608 populi.
1189 1521 1476 1608 Populus
1521 1527 1741 1590 autem
1782 1529 1999 1588 coetus
2036 1529 2134 1588 est
2170 1523 2611 1590 multitudinis
2648 1523 2947 1590 communi

585 1633 728 1696 iure
773 1638 838 1696 et
881 1629 1169 1696 utilitate
1208 1631 1503 1695 sociatus.
1574 1628 1649 1694 In
1696 1649 1820 1714 qua
1870 1627 2233 1694 definitione
2278 1629 2446 1714 quod
2482 1630 2643 1695 dicit
2678 1631 2805 1707 ius,
2840 1647 2947 1694 non

585 1734 958 1824 intellegere
995 1757 1060 1802 se
1100 1736 1256 1800 dicit
1293 1733 1470 1823 leges
1507 1735 1845 1800 hominum
1886 1733 2175 1800 lubidine
2198 1738 2578 1802 constitutas
2596 1782 2614 1813 ,
2640 1735 2748 1802 sed
2769 1736 2947 1820 ipsius
3057 1757 3058 1772 ¹

587 1843 874 1908 iustitiae
919 1840 1303 1927 praescripta
1322 1887 1339 1918 ‚
1389 1861 1619 1906 cavens
1656 1861 1735 1905 ne
1774 1839 2194 1906 confundatur
2232 1842 2335 1906 ius
2377 1843 2792 1908 constitutum
2829 1842 2949 1905 sive

587 1944 763 2034 leges
811 1969 956 2013 cum
1005 1967 1112 2030 eo,
1161 1947 1328 2032 quod
1375 1967 1488 2031 per
1533 1967 1599 2011 se
1646 1948 1891 2012 iustum
1941 1952 2058 2012 est.
2108 1943 2259 2012 Sine
2298 1949 2552 2014 iustitia
2586 1949 2789 2035 igitur
2817 1944 2947 2010 nul-

587 2049 690 2116 lus
737 2051 1010 2138 populus
1030 2101 1047 2136 ,
1093 2055 1228 2118 sine
1274 2049 1508 2137 populo
1555 2051 1736 2117 n'ulla
1780 2072 1880 2117 res
1916 2049 2211 2136 publica,
2253 2052 2513 2137 proinde
2548 2056 2685 2119 sine
2721 2052 2947 2117 iustitia
3057 2127 3058 2136 ἵ

587 2157 768 2223 nulla
815 2179 914 2224 res
959 2157 1236 2243 publica.
1307 2156 1485 2224 Haec
1531 2164 1682 2222 sunt
1720 2178 1881 2241 quae
1917 2156 2269 2224 secundum
2308 2158 2745 2246 Augustinum
2764 2204 2782 2234 ,
2816 2155 2946 2220 dili-

586 2264 846 2351 gentius
893 2284 1084 2349 quam
1134 2263 1378 2330 solebat
1396 2313 1414 2338 .
1465 2259 1940 2328 demonstrabat
1987 2259 2245 2349 Cicer03
2292 2264 2373 2330 cf.
2426 2266 2591 2352 Aug.
2632 2261 2811 2332 m
2846 2259 2945 2325 21.

590 2368 663 2435 1:
717 2390 892 2446 „rem
941 2368 1266 2455 publicam
1321 2367 1559 2455 (Scipio
1608 2367 1774 2452 apud
1814 2364 1979 2454 Cic.)
2022 2365 2245 2434 definit
2280 2388 2415 2434 esse
2450 2389 2587 2435 rem
2613 2367 2844 2454 populi.
2873 2403 2943 2416 -

586 2473 903 2561 Populum
955 2495 1088 2542 esse
1137 2513 1224 2525 —
1273 2481 1524 2541 coetum
1571 2472 2015 2539 multitudinis
2062 2474 2219 2539 iuris
2262 2497 2546 2541 commu
2593 2482 2660 2543 et
2720 2474 2946 2542 utilita-

585 2581 670 2645 tis
732 2582 1176 2647 communione
1237 2582 1571 2653 sociatum.
1660 2578 1827 2659 Quid
1888 2584 2105 2645 autem
2178 2580 2349 2647 dicat
2409 2582 2567 2646 iuria
2630 2603 2947 2647 concentum
3057 2560 3058 2595 ³

584 2686 966 2772 disputando
1027 2684 1302 2771 explicat
1367 2722 1448 2733 -
1513 2684 1849 2750 ostendens
1908 2684 2047 2772 geri
2108 2684 2239 2749 sine
2298 2686 2545 2751 imtitia
2601 2706 2727 2753 non
2788 2704 2946 2773 posse
3057 2700 3058 2747 4

579 2813 716 2858 rem
781 2791 1106 2877 publicem
1172 2790 1442 2875 (aliquid
1505 2789 1611 2855 hic
1670 2790 1841 2855 deest
1888 2789 1957 2857 in
2004 2788 2606 2877 demonstratione);
2655 2793 2773 2859 ubi
2814 2809 2947 2877 ergo
3057 2862 3058 2873 χ

579 2901 832 2965 iustitia
884 2919 1038 2966 vera
1081 2916 1204 2962 non
1253 2902 1382 2973 est,
1432 2914 1545 2961 nec
1591 2897 1696 2962 ius
1739 2900 1949 2981 potest
1995 2916 2149 2963 esse.
2219 2895 2405 2971 Quod
2453 2900 2623 2964 enim
2672 2900 2813 2965 iure
2854 2896 2947 2975 fit,
3057 2960 3058 2991 ἦ

578 3005 858 3090 profecto
919 3006 1087 3070 iuste
1149 3001 1222 3068 fit
1238 3022 1254 3081 ;
1321 3002 1489 3087 quod
1536 3006 1755 3068 autem
1804 2998 1879 3065 fit
1922 3004 2161 3067 iniuste
2205 3023 2321 3068 nec
2366 3005 2505 3070 iure
2552 3001 2691 3071 fieri
2738 3006 2944 3091 potest.

579 3110 723 3175 Non
770 3112 941 3174 enim
988 3110 1131 3173 iura
1179 3107 1443 3173 dicenda
1490 3112 1641 3171 sunt
1684 3104 1791 3174 vel
1837 3106 2121 3191 putanda
2161 3107 2381 3192 iniqua
2426 3108 2769 3175 hominum
2814 3128 2946 3174 con-

578 3217 806 3280 stituta
826 3262 841 3291 ,
891 3234 1035 3278 cum
1078 3212 1244 3278 illud
1285 3214 1478 3279 etiam
1519 3212 1644 3298 ipsi
1684 3213 1786 3277 ius
1825 3232 1958 3278 esse
2000 3212 2214 3279 dicant
2252 3214 2324 3299 (i.
2349 3235 2402 3278 e.
2447 3216 2573 3299 ipsi
2621 3212 2948 3297 fateantur)

579 3321 744 3408 quod
791 3321 870 3387 de
914 3322 1199 3385 iustitiae
1243 3320 1418 3385 fonte
1464 3320 1857 3397 manaverit,
1913 3318 2273 3406 falsumque
2320 3342 2453 3387 esse
2500 3322 2627 3407 (est
2642 3318 2737 3407 ἵ),
2800 3317 2947 3407 quod
3057 3380 3058 3387 ,

579 3448 616 3493 a
653 3425 1034 3513 quibusdam
1085 3445 1210 3491 non
1257 3431 1425 3491 recte
1471 3424 1893 3490 sentientibus
1930 3424 2054 3491 dici
2101 3424 2297 3507 solet,
2337 3426 2403 3491 id
2443 3447 2575 3493 esse
2614 3430 2719 3493 ius
2738 3478 2757 3512 ‚
2798 3423 2946 3512 quod
3057 3432 3058 3457 ³

578 3535 672 3609 ei,
715 3535 826 3618 qui
866 3532 1013 3618 plus
1051 3538 1296 3617 potest,
1337 3528 1499 3595 utile
1536 3534 1652 3595 est.
1700 3528 2009 3605 Quocirca
2048 3532 2161 3595 ubi
2199 3551 2323 3596 non
2360 3539 2457 3597 est
2496 3552 2647 3599 vera
2676 3534 2943 3603 iustitia.

577 3638 736 3705 iuris
783 3658 1085 3705 consensu
1131 3639 1406 3702 sociatus
1453 3643 1669 3701 coetus
1715 3635 2051 3701 hominum
2098 3656 2223 3701 non
2262 3642 2471 3721 potest
2510 3658 2673 3716 esse,
2720 3644 2787 3705 et
2818 3637 2947 3703 ideo

577 3766 694 3811 nec
733 3744 1011 3831 populus
1055 3741 1364 3827 (volebam
1409 3741 1517 3819 „id
1566 3748 1782 3807 autem
1830 3746 1927 3807 est
1974 3740 2317 3830 populus”)
2366 3746 2549 3810 iuxta
2594 3743 2780 3811 illam
2826 3742 2947 3809 Sci·
3057 3836 3058 3839 Ἴ

579 3852 786 3936 pionis
831 3850 937 3916 vel
985 3846 1305 3915 Ciceronis
1351 3845 1841 3913 definitionem”.
1902 3846 2191 3933 Denique
2235 3855 2406 3915 recte
2452 3850 2707 3939 colligit
2753 3852 2945 3917 dicta:
3057 3904 3058 3913 ,

580 3958 679 4035 „si
718 3958 819 4021 res
860 3954 1116 4040 publica
1161 3975 1260 4020 res
1307 3960 1403 4019 est
1423 3996 1426 4001 -
1449 3952 1700 4038 populi,
1756 3959 1820 4017 et
1858 3951 2130 4039 populus
2166 3975 2291 4022 non
2330 3964 2425 4021 est
2445 4004 2463 4039 ,
2505 3958 2617 4041 qui
2654 3974 2945 4022 consensu
3057 3980 3058 3985 ¹

575 4081 702 4127 non
757 4061 1034 4125 sociatus
1093 4064 1194 4125 est
1245 4061 1440 4137 iuris,
1505 4079 1632 4125 non
1689 4063 1785 4124 est
1847 4066 2063 4125 autem
2121 4062 2223 4127 ius
2241 4108 2261 4146 ,
2325 4061 2440 4127 ubi
2486 4060 2665 4129 nulla
2710 4060 2949 4127 iustitia

578 4170 705 4233 est:
772 4162 995 4250 procul
1057 4165 1252 4231 dubio
1297 4164 1627 4253 colligitur
1674 4167 1784 4230 ubi
1830 4167 2081 4232 iustitia
2124 4187 2249 4234 non
2296 4168 2414 4253 sit,
2464 4188 2592 4235 non
2640 4188 2774 4235 esse
2820 4186 2947 4235 rem

575 4268 972 4358 publicam”.
1692 4322 1703 4333 .

665 4375 845 4443 Haeo
903 4370 1253 4462 disputatio
1296 4395 1419 4442 non
1467 4377 1544 4445 ad
1595 4374 1786 4443 finem
1831 4375 1983 4443 libri
2026 4378 2373 4445 reiicienda
2419 4386 2516 4445 est
2530 4426 2550 4461 ,
2601 4380 2711 4449 sed
2754 4379 2943 4467 perti-
