3150 5000
528 268 660 339 372
1385 292 1659 339 mwme
1704 290 2039 339 sosarnus.

523 476 710 522 sensu
755 458 851 522 ita
900 455 1112 522 editur
1157 460 1222 523 et
1268 457 1715 546 corrigendum
1764 457 2225 539 φοβοῦντα,
2269 457 2349 523 cf.
2392 458 2610 543 Antiq.
2656 458 2754 522 13.
2792 452 2888 520 16.

523 562 566 627 4
613 568 678 629 et
728 563 835 628 14.
888 562 994 629 15.
1045 560 1150 630 12.

613 779 1296 859 Ἀντιςρατιῶται
1365 764 1665 843 dicuntur
1724 778 1950 865 Antiq.
2015 776 2118 845 13.
2188 776 2293 844 14.
2342 777 2424 857 2,
2486 779 2597 864 qui
2650 776 2902 841 fuerunt

521 885 1165 962 ὥντιςασιῶται,
1233 884 1312 949 cf.
1363 886 1576 969 Antiq.
1634 883 1739 949 14.
1793 886 1853 949 1.
1902 882 1979 962 23
2034 883 2139 948 14.
2191 882 2297 949 12.
2346 882 2387 947 2
2432 890 2498 949 et
2550 882 2655 947 14.
2706 880 2809 946 13.
2858 878 2900 947 3

522 996 585 1055 et
631 990 800 1077 quod
847 990 942 1061 ad,
973 993 1180 1076 ipsam
1229 1012 1363 1056 rem
1413 994 1680 1075 attinet,
1738 991 1815 1056 cf.
1868 989 2169 1058 Grfitziue
2213 993 2282 1056 in
2326 989 2617 1057 Historia
2662 988 2905 1055 Israeli-

521 1102 736 1163 tarum
781 1095 873 1162 111
909 1118 970 1181 p.
1015 1095 1169 1161 425.
1217 1096 1558 1182 Perperam
1600 1117 1849 1182 quoque
1886 1096 2334 1166 ἄντιςασιαςαί
2364 1096 2667 1163 dicuntur
2688 1096 2903 1180 Antiq.

525 1202 628 1268 14.
685 1201 787 1268 13.
842 1207 871 1269 1
927 1208 993 1269 et
1039 1202 1200 1270 Bell.
1247 1202 1398 1269 Jud.
1453 1208 1509 1268 1.
1562 1202 1625 1268 4.
1674 1203 1753 1289 63
1810 1205 1866 1269 1.
1918 1205 1978 1269 7.
2030 1204 2095 1271 5.

611 1419 825 1503 Antiq.
881 1414 983 1482 13.
1041 1416 1142 1481 16.
1192 1415 1268 1495 6,
1321 1416 1624 1483 laudatur
1672 1418 1893 1504 regina
1941 1414 2197 1483 Salome
2243 1417 2603 1483 Alexandra
2640 1428 2705 1483 et
2726 1436 2909 1485 com·

520 1524 779 1610 ponitur
835 1523 907 1589 τὸ
968 1524 1258 1589 ἀσύνετον
1323 1530 1439 1589 τῶν
1496 1524 1621 1589 ἀεὶ
1686 1521 2153 1589 πταιόντων
2217 1524 2350 1604 περὶ
2414 1524 2532 1597 τὰς
2580 1523 2913 1597 δυναςείας

520 1630 777 1711 ἀνδρῶν,
827 1630 936 1697 sed
985 1630 1342 1720 elegantius
1387 1633 1510 1697 erit
1554 1637 1671 1696 τῶν
1720 1630 2287 1697 εἷσπαιδντων.

611 1844 930 1913 Malichus
946 1896 962 1921 ‚
1009 1853 1085 1910 ut
1131 1850 1228 1911 est
1272 1847 1488 1931 Antiq.
1543 1843 1649 1910 14.
1704 1847 1806 1910 11.
1862 1842 1901 1909 6
1922 1892 1938 1923 ,
1990 1842 2146 1923 ἔγνω
2190 1882 2273 1893 -
2314 1845 2398 1917 εἷς
2444 1846 2554 1921 τὴν
2603 1842 2917 1911 Ἰουδαίαν

521 1955 806 2034 ἐπαίρειν
853 1950 1216 2024 andaonem-62
1265 1975 1337 2016 τε
1385 1952 1486 2015 ἐπ’
1533 1954 1850 2017 ’Λντώνιον
1900 1951 2171 2017 Κασσίου
2211 1951 2280 2016 τὸ
2306 1950 2463 2023 ἔθνος
2500 1951 2914 2027 ἀποστήσας

521 2064 706 2135 αὐτὸς
753 2063 864 2137 τὴν
911 2062 1111 2140 ἆρχῆν
1158 2056 1562 2135 καθέξειν.
1611 2058 1986 2147 Intelligam
2010 2061 2427 2134 ἅποςῆσαι
2461 2095 2525 2105 -
2554 2058 2917 2138 καθέξων.

609 2275 684 2341 In
743 2271 1018 2359 epistula
1083 2270 1175 2338 M.
1235 2272 1492 2337 Antonii
1554 2271 1635 2338 ad
1691 2270 2067 2359 Hyrcanum
2115 2271 2480 2358 pontificem
2526 2272 2745 2359 Antiq.
2804 2273 2917 2338 14.

524 2381 632 2447 12.
683 2379 757 2457 3,
825 2379 995 2465 quod
1040 2378 1316 2465 legitur:
1389 2380 1504 2443 τῶν
1553 2378 2016 2443 ἐναντιωθέντων
2064 2380 2209 2457 ἡμῖν
2257 2416 2339 2429 -
2386 2383 2549 2457 μήτε
2596 2378 2920 2447 πόλεων

519 2490 683 2568 μήτε
731 2490 764 2563 ἧ
784 2488 872 2567 ρώ
893 2511 984 2551 ων
1031 2484 1518 2566 ἀποσχομένων,
1569 2492 1666 2551 eet
1713 2484 1958 2574 aliquid
1998 2485 2165 2571 quod
2206 2485 2534 2554 Bekkerua
2573 2508 2651 2553 ex
2675 2484 2921 2558 Codice

517 2595 725 2683 Lugd.
793 2593 936 2660 Bat.
999 2595 1236 2678 recepit
1298 2594 1459 2671 ἱερῶν
1477 2643 1495 2677 ,
1559 2593 1670 2658 sed
1729 2613 1852 2658 non
1917 2599 2011 2658 est
2066 2596 2256 2678 sati33
2305 2597 2651 2680 requiritur
2696 2597 2917 2662 enim:

517 2701 682 2780 μήτε
728 2699 958 2766 ὁσίων
1007 2700 1170 2786 μήτε
1221 2700 1288 2764 ίε
1305 2705 1460 2779 ρῶν.
1535 2698 1779 2765 Deinde
1824 2701 2036 2785 Antiq.
2097 2700 2200 2763 14.
2258 2699 2358 2764 13.
2412 2701 2484 2766 5:
2536 2702 2799 2776 πλησίον
2852 2701 2923 2768 δὲ

516 2809 730 2886 μετὰ
789 2806 1095 2873 ἱππέων
1163 2806 1306 2884 ὑπὲρ
1375 2806 1695 2878 θαλάττης
1762 2806 1813 2870 οἱ
1878 2804 2009 2884 περὶ
2079 2804 2411 2878 Φασάηλον
2474 2805 2919 2888 κατάγονται,

516 2915 676 2982 latet
722 2915 898 2980 urbis
946 2933 1174 2979 nomen
1223 2912 1385 2998 quod
1439 2913 1819 2977 monstrabit
1857 2909 2021 2976 Bon.
2060 2910 2208 2977 Jud.
2260 2917 2315 2978 1.
2362 2909 2465 2977 13.
2494 2913 2571 2990 4,
2600 2913 2712 2978 ubi
2731 2913 2919 2980 idem

515 3027 808 3089 narratur
868 3020 970 3086 his
1029 3019 1270 3085 verbis:
1338 3021 1746 3099 καταχθεῖσιν
1793 3017 1879 3090 εἷς
1928 3043 1986 3084 τι
2033 3025 2148 3084 τῶν
2196 3020 2722 3099 παραθαλασσίων
2766 3046 2911 3104 χω-

517 3129 683 3210 ρίων.
734 3124 763 3192 ὃ
812 3135 1106 3192 καλεῖται
1157 3125 1634 3192 Ἐκδίππων.

610 3339 749 3406 Rex
795 3339 1217 3418 Parthorum,
1264 3340 1487 3426 Antiq.
1546 3343 1647 3406 14.
1702 3339 1806 3407 13.
1865 3341 1982 3425 10,
2024 3341 2409 3423 φοβούμενος
2447 3342 2552 3408 τὸν
2586 3343 2919 3426 Ὑρκανόν,

519 3450 610 3525 μὴ
657 3447 728 3512 τὸ
779 3448 1002 3522 πλῆθος
1057 3448 1222 3526 αὐτῷ
1273 3451 1384 3520 τὴν
1431 3449 1769 3518 Βασιλείαν
1811 3449 2267 3528 ὦποκαταςῆση
2305 3451 2713 3529 παραστάν,
2755 3453 2921 3518 ἄπο·

516 3555 722 3632 τέμνει
772 3556 963 3619 αὑτοῦ
1013 3554 1099 3620 τὰ
1149 3551 1314 3632 ὦτα,
1365 3554 1475 3620 sed
1507 3554 1688 3621 ‘illud
1734 3554 2025 3636 παραςαν
2076 3561 2238 3622 mire
2283 3555 2551 3644 languet
2595 3561 2661 3624 et
2698 3559 2921 3628 multo

515 3663 726 3750 magis
772 3661 852 3728 ad
899 3682 1035 3727 rem
1083 3667 1180 3728 eet
1226 3661 1629 3743 οἱρποὶσαν.

606 3873 821 3940 Etiam
871 3873 1094 3961 Antiq.
1149 3875 1247 3940 14.
1309 3877 1410 3941 14.
1467 3877 1500 3940 1
1567 3879 1767 3943 miror
1826 3877 1993 3962 quod
2056 3877 2383 3943 Bekkerus
2458 3898 2580 3943 non
2627 3877 2915 3943 attendit.

519 3979 599 4046 ad
647 3983 1094 4045 correctionem
1144 3989 1276 4047 tam
1327 3981 1579 4048 facilem
1630 4005 1817 4067 quam
1869 3985 2308 4050 necessariam.
2360 3984 2645 4051 Herodes
2690 3985 2921 4051 omnia

517 4085 784 4151 molitur
844 4093 918 4150 ut
977 4087 1234 4152 fratrem
1285 4096 1512 4154 servet.
1591 4091 1686 4155 Οὐ
1735 4091 1862 4171 γὰρ
1911 4089 2074 4161 εἰδὼς
2124 4090 2211 4156 τὰ
2260 4092 2431 4156 κατὰ
2480 4091 2582 4155 τὸν
2628 4089 2917 4170 ἀδελφὸν

517 4191 773 4257 ἔσπευδε
833 4194 1260 4274 λυτρώσασθαι
1317 4195 1492 4274 παρὰ
1540 4201 1657 4260 τῶν
1705 4197 2017 4272 πολεμίων
2062 4197 2292 4273 αὐτόν,
2342 4195 2555 4278 λύτρον
2603 4196 2750 4278 ὑπὲρ
2799 4201 2919 4263 αὖ·

514 4303 622 4365 τοῦ
681 4298 1188 4375 καταβαλὼν
1251 4302 1531 4380 νόμισμα
1597 4298 1705 4375 ἕως
1769 4304 2120 4385 τριακοσίων
2170 4303 2517 4371 ταλάντων.
2592 4301 2767 4389 Opus
2814 4311 2921 4372 eat

513 4407 768 4474 futuro:
817 4405 1350 4484 καταβαλῶν.

3096 1899 3098 2015 Ι

3098 2193 3100 2307 Ι
