3150 5000
571 277 705 344 238
1600 299 1911 350 suanus.

579 463 1052 542 οἰκιΔΝοτέρην,
1113 466 1182 531 id
1249 471 1346 532 est
1405 465 1835 551 ἀσθενεςέραν,
1896 466 2064 552 quod
2124 486 2321 551 quum
2380 464 2651 532 scribam
2696 464 2931 550 fugeret

575 569 916 634 substituit
970 574 1344 654 „vocabulum
1392 575 1532 637 bem
1575 573 1904 638 Graecum”
1951 573 2432 650 α’κινδυνοτέρην,
2472 569 2582 635 sed
2620 591 2767 634 cum
2802 589 2931 633 sen·

578 677 779 741 tentia
826 697 1136 764 pugnans.
1211 677 1410 763 'I'urpi
1459 699 1665 744 errore
1711 679 1879 766 apud
1924 677 2325 764 Hesychium
2372 677 2643 762 legitur:

1197 784 1865 866 ’ΛκιΛνΩτερονε
1915 786 2313 864 ἀσθενές-ερον.

575 909 654 954 ex
697 886 1074 957 Homerico:

1027 998 1190 1061 οὐδὲν
1240 997 1631 1078 ἀκιδνότερον.
1659 1005 1824 1076 γαῖα
1872 996 2085 1078 τρέφει
2124 996 2462 1078 ἀνθρώποιο.

666 1207 949 1276 Galenus
1011 1210 1464 1276 animadvertit
1525 1210 1707 1276 'I'om-
1774 1208 1987 1276 XVII.
2061 1210 2121 1274 1.
2193 1229 2341 1296 pag.
2412 1205 2581 1272 826:
2654 1205 2937 1286 φαίνεται

577 1316 764 1389 νήπια
828 1317 1029 1394 λέγων
1091 1319 1174 1382 τα
1239 1313 1343 1388 ἕως
1409 1315 1564 1394 ἥβης
1623 1318 1727 1383 καὶ
1775 1317 1916 1396 οὐχ)
1968 1317 2054 1381 τα
2102 1315 2325 1393 νεογνὰ
2371 1313 2560 1393 μέχρι
2608 1317 2725 1376 τῶν
2770 1308 2939 1374 πέντε

577 1421 611 1494 ἢ
675 1413 744 1496 ἓξ
803 1425 980 1500 ἐτῶν,
1047 1430 1111 1487 et
1158 1421 1359 1487 simili
1403 1443 1593 1488 sensu
1641 1423 1875 1488 dixisse
1922 1421 2391 1507 Herophilum:
2440 1427 2563 1490 τοῖς
2615 1417 2840 1492 νηπίοις
2882 1415 2940 1479 οὐ

580 1529 873 1605 γίγνεται
937 1528 1273 1606 σπέρματα
1335 1529 1642 1607 μεγάλα,
1714 1531 2112 1611 καταμήνια,
2186 1527 2436 1610 κύημα,
2506 1522 2937 1604 Φαλακρότης,

578 1635 745 1719 quod
807 1654 950 1700 cum
1014 1632 1306 1699 nonnulli
1366 1655 1490 1700 non
1553 1633 2016 1700 intellexissent
2062 1634 2302 1698 bonum
2350 1631 2676 1698 medicum
2724 1627 2943 1694 derisui

576 1739 936 1804 habuerunt
983 1743 1145 1805 serio
1189 1747 1548 1806 narrantem
1600 1738 1883 1824 puerulis
1930 1745 1994 1804 et
2031 1739 2335 1824 puellulis
2376 1739 2657 1823 quinque
2696 1741 2811 1802 aut
2846 1753 2945 1798 sex

577 1865 884 1910 annorum
944 1848 1008 1911 οὐ
1057 1845 1340 1923 γενέσθαι
1391 1846 1729 1924 σπέρματα
1778 1844 2041 1922 μεγαλα
2091 1843 2197 1910 vel
2242 1843 2629 1918 καταμήνια.
2703 1840 2945 1906 Miraris

577 1952 644 2013 in
690 1950 794 2015 his
839 1951 1221 2017 derisoribus
1269 1948 1741 2016 Callimachum
1790 1951 2013 2027 fuisse,
2066 1950 2175 2014 sed
2224 1949 2535 2015 disertum
2584 1955 2683 2013 est
2732 1944 2945 2013 Galeni

578 2057 1058 2122 testimonium:
1123 2058 1188 2121 οὗ
1241 2057 1367 2135 γὰρ
1415 2065 1540 2127 τοῖς
1586 2057 1774 2136 μέχρι
1824 2064 1933 2130 τῆς
1981 2054 2404 2135 προειρημένης
2456 2053 2703 2129 ἡλικίας
2754 2053 2946 2136 (quiu-

581 2181 703 2245 que
749 2162 852 2226 vel
899 2183 1008 2226 sex
1057 2163 1394 2248 annorum)
1432 2161 1989 2241 παραγιγνομένοις
2030 2161 2205 2238 λέγει
2248 2163 2337 2238 μὴ
2377 2161 2711 2238 γίγνεσθαι
2750 2163 2945 2222 ταῦτα

580 2303 658 2314 -—
710 2265 854 2346 ὅπερ
918 2269 1072 2338 τινὲς
1140 2268 1456 2347 δεχόμενοι
1516 2273 1952 2344 καταγελῶσιν
2009 2267 2201 2331 αὐτοῦ
2264 2267 2339 2336 ὧς
2387 2267 2473 2330 τα
2522 2269 2682 2329 πᾶσι
2733 2285 2947 2342 γιγνω-

581 2371 855 2449 σκόμενα
903 2372 1324 2448 διδάσκοντος,
1377 2372 1463 2438 ὧν
1509 2374 1632 2441 ἒςὶ
1682 2373 1816 2438 καὶ
1864 2377 1894 2436 ὅ
1942 2371 2519 2452 Καλλίμαχος.

672 2582 855 2649 Tom.
919 2584 1128 2650 XVII.
1195 2587 1255 2652 1.
1318 2607 1464 2673 pag.
1531 2584 1703 2651 909:
1765 2586 1943 2650 ἀλλὰ
2004 2590 2217 2650 ταῦτα
2277 2584 2393 2661 μὲν
2441 2580 2951 2664 εὖκαταφρόνητῦ

582 2691 686 2755 καὶ
753 2691 982 2769 σμικροὶ
1046 2692 1320 2771 καθάπερ
1383 2693 1490 2756 καὶ
1555 2692 1733 2757 πάνθ’
1782 2688 1896 2756 ὅσα
1946 2693 2081 2769 περὶ
2128 2699 2239 2766 τῆς
2289 2689 2513 2766 λέξεως
2567 2688 2950 2767 ἐξηγηταί

582 2803 694 2870 τῆς
741 2804 856 2860 τῶν
906 2798 1299 2875 πραγμάτων
1347 2798 1642 2869 ἀληθείας
1688 2795 2189 2878 φυλαττομένης.
2262 2797 2389 2863 Pro
2434 2794 2747 2873 έξὴγηται
2792 2792 2955 2857 resti·

583 2902 896 2967 tuendum
946 2903 1278 2976 ἑΖῆΤηται
1298 2950 1314 2981 ,
1363 2910 1558 2967 omnia
1598 2926 1746 2988 quae
1784 2906 1858 2968 de
1895 2905 2144 2968 lectione
2179 2904 2469 2986 quaesita
2505 2908 2667 2965 sunt.
2738 2898 2956 2964 Omnes

583 3011 754 3074 enim
821 3008 898 3073 de
957 3029 1108 3074 vera
1164 3012 1476 3093 scriptura
1520 3011 1919 3092 quaestiones
1965 3007 2309 3074 dummodo
2358 3008 2435 3072 de
2480 3006 2607 3072 loci
2655 3003 2957 3071 sententia

586 3119 827 3178 constet
891 3112 1173 3179 Galenus
1236 3113 1382 3179 vult
1438 3122 1838 3179 contemnere
1883 3115 2121 3189 videri,
2172 3114 2339 3198 quod
2388 3132 2585 3199 quam
2632 3114 2725 3177 sit
2769 3109 2957 3175 lubri-

587 3237 734 3281 cum
784 3224 848 3281 et
890 3219 1316 3302 periculosum
1365 3240 1490 3285 non
1537 3219 1771 3285 melius
1815 3240 2006 3303 quam
2056 3240 2133 3285 ex
2171 3219 2578 3306 gravissimis
2616 3216 2956 3287 erroribus.

585 3324 654 3386 in
719 3343 876 3408 quos
945 3319 1228 3389 Galenus
1286 3326 1423 3409 ipse
1485 3346 1551 3389 se
1610 3327 1847 3407 passim
1909 3326 2123 3390 induit
2141 3372 2157 3401 ‚
2221 3323 2529 3391 declarari
2588 3329 2822 3408 potest.
2896 3317 2955 3382 Si

585 3430 728 3511 quis
774 3427 988 3502 alius..
1017 3426 1299 3495 Galenus
1331 3432 1398 3494 in
1431 3444 1564 3494 arte
1606 3430 2063 3515 interpretandi
2102 3429 2447 3514 plumbeus
2486 3434 2586 3494 est
2624 3434 2692 3493 et
2719 3425 2959 3494 omnino

585 3535 654 3597 in
699 3536 887 3599 rebus
934 3537 1400 3621 grammaticis,
1455 3556 1611 3618 quas
1658 3535 1815 3603 locis
1862 3538 2175 3601 sexcentis
2220 3536 2469 3601 adunco
2514 3554 2669 3599 naso
2720 3551 2961 3617 suspen·

587 3637 701 3701 dit.
775 3639 1100 3705 Praeclare
1158 3639 1490 3704 Eanams
1551 3643 1620 3703 in
1684 3640 2083 3729 Praefatione
2146 3642 2225 3706 ad
2273 3640 2740 3726 Hippocratem
2791 3638 2958 3703 Tom-

587 3742 634 3805 1.
677 3764 826 3828 pag.
868 3744 964 3809 V:
1017 3746 1350 3821 „Galenum
1385 3768 1582 3826 paene
1626 3747 1975 3809 delectatum
2022 3768 2143 3811 ene
2186 3748 2443 3810 dixerim
2490 3748 2803 3810 scribendo
2846 3764 2960 3805 an-

581 3847 714 3926 ploe
759 3855 1195 3912 commentarios
1241 3852 1306 3912 in
1355 3851 1538 3912 libros
1557 3900 1574 3931 ‚
1624 3873 1764 3934 quos
1805 3874 1990 3935 neque
2035 3858 2159 3933 ipse
2177 3901 2195 3936 ,
2256 3874 2443 3931 neque
2486 3856 2799 3932 quisquam
2844 3868 2961 3911 κηα-

589 3970 760 4031 quam
823 3950 1120 4015 intellexit
1182 3961 1288 4018 aut
1348 3954 1707 4034 intelliqeffl.
1798 3954 2055 4020 Primus
2117 3959 2413 4022 omnium
2479 3977 2677 4021 ausus
2736 3961 2832 4021 est
2874 3954 2964 4015 vir

591 4055 888 4137 egregius
947 4057 1295 4124 immatura
1342 4064 1546 4124 morte
1594 4059 1827 4125 litteris
1872 4068 2126 4145 ereptus
2172 4082 2245 4127 ea
2290 4062 2679 4149 redarguere
2726 4066 2793 4126 et
2836 4078 2964 4123 con·

589 4153 823 4219 vellere
887 4176 1046 4239 quae
1109 4162 1220 4227 alii
1283 4170 1395 4228 aut
1455 4167 1668 4247 Inepte
1730 4164 2078 4246 probabant
2133 4174 2246 4231 aut
2294 4166 2494 4233 stulte
2542 4169 2963 4236 mirabantur,

589 4258 668 4322 de
714 4278 838 4343 qua
885 4280 952 4323 re
997 4262 1162 4329 alius
1211 4267 1466 4333 dabitur
1511 4268 1763 4334 dicendi
1803 4268 2001 4337 locus.
