3150 5000
1203 329 1526 380 somus.
2102 323 2109 331 ·
2428 304 2558 372 193

457 494 570 561 αἰεὶ
619 493 746 576 γάρ
789 496 864 572 μ’
910 492 1106 560 εἴωθεν

225 605 278 666 et
454 600 566 668 αἰεὶ
614 600 741 680 γάρ
785 599 834 667 ε’
883 600 1104 666 εἴωθεν.
1670 689 1673 692 ἡ

219 705 344 772 Iure
395 707 586 794 igitur
645 713 857 774 nostro
904 707 1020 773 hos
1064 707 1190 773 duo
1238 725 1456 772 versus
1502 707 1671 770 inter
1722 710 1895 770 certa
1939 704 2233 790 exempla
2279 703 2562 770 elisionis

219 815 621 896 pronominum
655 836 732 879 εοι
778 818 844 880 et
865 837 969 892 μοι
997 813 1480 880 recensebimus.
1533 811 1785 887 Quibus
1814 810 2165 877 consimilis
2190 815 2287 876 est
2310 809 2560 898 Hymn.

223 915 418 984 Vener.
457 920 529 984 9:

451 1028 514 1092 οὐ
561 1024 690 1107 γάρ
735 1026 788 1091 οἱ
835 1025 1052 1092 εὔαδεν
1099 1024 1258 1106 ἔργα
1306 1024 1698 1106 πολυχρύσου
1750 1023 2157 1106 Ἀφροδίτης,

219 1133 461 1219 corrige:
509 1133 575 1197 οὔ
622 1131 749 1213 γάρ
793 1135 838 1198 ε’
887 1131 1085 1198 {nale
1129 1132 1336 1212 rdpya.

290 1237 408 1302 Nec
465 1259 587 1304 uon
645 1238 774 1305 huc
834 1241 1152 1324 pertinent
1209 1262 1310 1315 μοι
1376 1233 1589 1303 ’ἕποντο
1653 1240 1699 1325 (ι
1768 1235 1896 1303 159
1959 1237 2109 1322 etc.)
2129 1286 2147 1322 ,
2210 1258 2291 1326 εοι
2353 1231 2566 1301 ἕποντο

218 1342 286 1426 (Λ
335 1339 458 1406 228
517 1345 672 1430 etc.)
719 1347 968 1429 simm.,
1019 1345 1131 1409 ubi
1177 1343 1312 1422 illi,
1350 1347 1476 1429 qui
1519 1365 1776 1410 mecum
1824 1348 2246 1431 augmentum
2300 1343 2569 1408 minime

216 1467 722 1533 supervacaneum
786 1450 1029 1517 ducunt
1071 1453 1141 1515 in
1188 1450 1411 1516 formis
1458 1449 1819 1516 Homericis
1840 1497 1857 1528 ‚
1907 1447 2258 1536 praeferent
2305 1448 2569 1514 fortasse

216 1554 272 1628 μ’
309 1552 532 1622 εἵποντο
555 1605 572 1636 ,
614 1558 661 1621 ε’
681 1553 956 1642 εἵποντο.
1006 1554 1130 1623 Sed
1169 1556 1287 1623 hoc
1321 1556 1487 1622 alius
1523 1561 1620 1622 est
1662 1557 2146 1642 disputationis3
2186 1575 2354 1621 nunc
2393 1551 2567 1621 solus

214 1659 391 1727 adhuc
434 1669 972 1730 commemoratus
1018 1668 1153 1730 esto
1200 1683 1421 1729 versus
1469 1670 1540 1729 Ω.
1592 1661 1755 1730 ¹757:

453 1774 556 1834 νῦν
606 1769 670 1834 δέ
717 1793 819 1848 μοι
871 1767 1100 1849 ἑρσήεις
1154 1769 1258 1835 καὶ
1309 1767 1670 1852 πρόσφατος
1720 1768 1781 1834 ἐν
1826 1766 2154 1850 μεγάροισι
2196 1766 2207 1854 Ι
2250 1775 2473 1834 κεῖσαι.

214 1867 324 1936 Vix
379 1874 678 1942 credibile
735 1875 1023 1950 videtur,
1087 1874 1407 1954 hocloco
1471 1875 1647 1941 vocis
1694 1875 1919 1955 ἑρσήεις
1964 1873 2326 1962 neglectam
2374 1873 2570 1938 fuisse

213 1973 432 2044 literam
481 1983 800 2066 primam,
849 2001 1000 2047 cum
1047 1983 1112 2046 in
1162 1981 1384 2046 eodem
1428 1980 1596 2046 libro
1640 2002 1734 2048 vs.
1785 1979 1915 2046 419
1961 1979 2217 2068 legatur
2264 1974 2379 2044 οἷον
2422 1979 2571 2058 ἐνερ-

215 2083 352 2156 edne,-
410 2095 614 2153 κεῖται
632 2137 652 2174 ,
715 2093 782 2154 et
839 2087 1083 2172 plenior
1146 2105 1221 2152 ea
1281 2087 1486 2153 forma
1547 2086 1654 2152 hic
1712 2105 1963 2172 quoque
2017 2084 2324 2152 facillime
2368 2085 2571 2172 possit

215 2195 499 2259 revocari:

455 2303 558 2364 νῦν
605 2297 671 2364 δέ
718 2296 794 2375 μ’
846 2298 1132 2379 ἕνερσῆεις
1182 2288 1290 2363 καὶ
1338 2297 1705 2381 πρόσφατος
1754 2301 1816 2363 ἐν
1863 2297 2186 2378 μεγάροισι

453 2413 659 2471 κεῖσαι
691 2405 762 2492 ¹).

285 2620 463 2691 Levia
525 2629 680 2691 sunt
732 2625 964 2691 menda
1012 2645 1171 2714 quae
1219 2625 1408 2692 modo
1461 2625 1923 2702 indicavimus,
1972 2630 2037 2691 et
2084 2622 2264 2691 nullo
2310 2626 2591 2712 negotio.

213 2736 441 2810 possunt
501 2732 735 2798 sanari.
820 2728 946 2799 Sed
1005 2734 1203 2797 etiam
1263 2732 1591 2819 graviores
1650 2730 2041 2817 corruptelae
2088 2714 2447 2816 complures
2491 2752 2571 2797 ex

215 2832 398 2901 eodem
446 2838 623 2903 fonte
670 2841 1046 2923 manarunt3
1095 2838 1260 2922 quod
1311 2842 1458 2902 ante
1501 2839 1719 2903 omnia
1766 2837 2036 2903 conabor
2081 2839 2423 2904 ostendere.

284 2939 538 3009 Initium
601 2939 714 3007 fiat
775 2963 812 3008 a
872 2962 1026 3010 voce
1081 2944 1187 3009 cui
1249 2948 1441 3028 caput
1501 2948 1601 3007 est
1655 2943 1973 3008 abscisum
1994 2990 2013 3026 ,
2060 2948 2135 3009 ut
2180 2944 2570 3029 pronominis

214 3064 294 3116 μοι
349 3046 524 3115 elisio
585 3054 800 3134 posset
861 3049 1074 3115 vitari.
1160 3048 1424 3114 Versum
1493 3054 1709 3135 specto
1774 3057 1823 3113 K
1874 3044 2036 3125 285,
2089 3048 2196 3114 ubi
2245 3050 2335 3115 sic
2380 3048 2569 3116 balbo

215 3166 298 3215 ore
338 3151 674 3221 Diomedes
723 3153 1053 3223 Minervae
1100 3154 1418 3221 auxilium
1465 3153 1843 3241 implorasse
1890 3154 2127 3223 fertur:

451 3259 634 3327 σπεῖό
679 3283 782 3355 μοι
803 3312 820 3334 .
869 3264 946 3334 ὥς
997 3258 1098 3327 ὅτε
1149 3261 1336 3341 πατρὶ
1385 3257 1504 3340 ἅμ’
1551 3258 1736 3326 ἕσπεο
1785 3269 1843 3326 Τ
1850 3260 1979 3327 vali
2019 3261 2141 3338 δίῳ.

215 3358 286 3427 At
325 3385 437 3432 non
481 3367 606 3434 hoc
651 3367 855 3452 dixit,
902 3388 1106 3453 neque
1149 3368 1244 3434 ita
1290 3366 1775 3433 πλατειοὶσδοντι
1824 3368 1940 3433 dea
1986 3388 2206 3435 aurem
2246 3368 2568 3454 praebuis-

217 3473 326 3547 δεῖς
371 3472 474 3539 sed
523 3473 787 3541 dederat
831 3479 1052 3559 poeta:

455 3577 645 3647 ἔσπεό
693 3582 794 3659 μ’,
843 3583 918 3653 ὥς
967 3586 1086 3648 etc.

212 3674 380 3763 Apud
435 3682 796 3752 Homerum
857 3688 1029 3752 enim
1091 3688 1362 3753 aoristus
1429 3684 1742 3772 ἑσπόμην,
1804 3690 1991 3753 natus
2055 3707 2133 3752 ex
2179 3685 2531 3766 σεσεπὸμην
2549 3737 2568 3773 ,

211 3785 750 3872 reduplicationem
797 3812 981 3859 suam
1029 3798 1241 3860 servat
1288 3813 1400 3879 per
1440 3812 1660 3860 omnes
1696 3793 1955 3871 modos3
1994 3793 2327 3882 legitimae
2364 3796 2571 3881 igitur
2678 3884 2685 3891 ¹

211 3892 357 3975 tpud
399 3916 543 3962 eum
589 3903 740 3963 sunt
784 3898 1023 3965 formae
1070 3897 1395 3977 ἑσπέσθαι,
1452 3895 1671 3977 ἕσπεο,
1722 3899 2050 3975 ἑσπόμενος
2073 3948 2089 3977 ,
2138 3922 2253 3966 nec
2300 3900 2571 3966 dubium

212 4002 292 4059 est
330 4002 480 4085 quin
525 4004 928 4071 Aristarchus
950 4054 966 4078 .
1019 4008 1123 4071 cui
1172 4006 1402 4071 merito
1451 4006 1723 4072 editores
1764 4005 2111 4073 Larochius
2150 4010 2214 4071 et
2251 4003 2572 4073 Christius

269 4186 317 4249 1)
359 4189 470 4241 Non
519 4190 656 4254 τίρση
671 4230 688 4251 ,
728 4189 938 4255 repo-»fue
985 4191 1248 4243 Homerica
1269 4195 1418 4251 sunt,
1454 4194 1534 4243 sed
1567 4189 1763 4256 ἰπίρση,
1806 4191 2057 4259 drapo-25:13.
2107 4196 2282 4246 Forma
2323 4192 2574 4259 trisyllaba

213 4264 364 4335 ium
393 4280 540 4331 etim
569 4282 780 4332 Pindaro
813 4282 866 4331 in
898 4296 988 4332 m
1019 4285 1113 4333 est:
1151 4282 1292 4331 Nem.
1328 4282 1386 4341 s,
1428 4282 1554 4342 1353
1594 4283 1639 4343 7,
1662 4285 1759 4334 116
1770 4306 1784 4344 ;
1820 4286 1879 4343 e,
1911 4286 1989 4336 oe.
2021 4286 2146 4336 Item
2163 4286 2361 4336 moer.
2382 4284 2439 4333 11
2459 4282 2571 4335 107.

269 4362 358 4414 Pro
401 4370 556 4418 λῦσόν
603 4364 646 4420 θ’
696 4366 930 4433 {petimen
979 4374 1013 4419 Ξ
1059 4371 1156 4419 848
1205 4370 1307 4436 lege
1352 4375 1508 4420 λῦσον
1545 4366 1867 4435 §repetitus-a,
1901 4374 2057 4425 deleta
2088 4374 2325 4440 particula
2357 4388 2416 4421 τι
2450 4388 2571 4437 quae

215 4462 388 4513 Imm
417 4462 492 4507 nt
523 4474 865 4527 supanacanea
901 4468 954 4526 pt
993 4474 1124 4523 mero
1161 4459 1424 4512 scribarum
1459 4462 1618 4512 errori
1650 4463 1811 4515 deberi
1842 4464 2034 4514 videtur
2067 4455 2208 4530 (ΘεΡ
2224 4488 2249 4499 -
2272 4454 2421 4530 eel’).
