3150 5000
2508 0 2638 128 ἶ

1190 281 1659 334 mounnmvs.
2492 267 2625 335 259

331 442 434 507 11.
487 441 592 509 14.
643 441 886 529 „Copia
923 451 1277 512 nostrorum
1328 498 1343 511 .
1372 498 1387 512 .
1417 498 1432 513 .
1479 453 1672 544 obuia
1708 473 1995 539 quaeque
2032 454 2451 520 obtruncabat
2488 455 2643 520 sine·

235 552 616 636 parsimonia
662 555 848 616 uiuos
893 552 1264 620 conculcans
1313 561 1378 620 et
1422 561 1770 624 semineces
1816 565 1881 624 et
1926 565 2287 645 peremptos
2335 564 2399 624 et
2447 571 2625 625 ante-

233 676 423 741 quam
493 660 832 722 exsatiaret
900 658 1198 726 caedibus
1259 663 1611 730 barbaricis
1672 687 1902 732 manus
1920 715 1941 752 ,
2008 669 2220 731 acerui
2281 668 2624 752 constipati

233 767 382 827 sunt
425 765 892 829 mortuorum.’'

319 865 482 934 Oum
550 869 654 934 his
716 873 1068 946 „exsatiare
1134 874 1432 940 caedibus
1477 876 1743 942 manus”
1791 881 1965 944 certe‘
2005 879 2385 945 insolentius
2432 879 2623 946 dictis

231 978 582 1060 comparari
636 984 899 1061 possunt
949 998 1110 1062 quae
1156 979 1462 1067 leguntur
1510 980 1705 1049 Ouid.
1753 983 1914 1050 Met.
1964 983 2103 1050 VII.
2153 983 2327 1050 808:
2381 1005 2622 1071 „quum

231 1083 460 1147 satiata
503 1081 742 1148 ferinae
788 1082 1046 1149 dextera
1095 1086 1304 1151 caedis
1353 1089 1544 1152 erat.'’

323 1325 430 1393 12.
484 1328 543 1392 1.
619 1328 838 1406 „Inter
882 1329 997 1394 has
1043 1335 1260 1399 tamen
1305 1331 1773 1398 sollicitudines
1819 1335 2002 1400 uelut
2048 1356 2127 1400 ex
2172 1341 2421 1422 recepto
2470 1358 2625 1422 quo·-

185 1459 200 1472 ·
230 1434 378 1499 dam
459 1437 814 1518 antiquitus
882 1457 1059 1502 more
1135 1438 1214 1503 ad
1285 1441 1494 1504 uicem
1568 1439 1882 1505 bellorum
1954 1441 2246 1507 ciuilium
2280 1456 2287 1468 ·
2318 1443 2627 1510 inflabant

229 1540 440 1606 litui
485 1541 796 1626 quaedam
846 1541 1124 1608 colorata
1171 1543 1374 1609 laesae
1419 1547 1691 1609 crimina
1737 1545 2154 1610 maiestatis.”

316 1645 464 1713 Non
535 1646 724 1732 uideo
794 1649 1111 1733 quomodo
1181 1649 1334 1715 haec
1403 1653 1527 1716 rite
1598 1651 1903 1736 explicari
1974 1655 2256 1737 possint,
2325 1655 2451 1718 nisi
2512 1674 2626 1738 pro

226 1749 444 1818 litui
506 1755 819 1819 scribatur
878 1755 1172 1820 lituos.
1235 1755 1490 1821 Etenim
1512 1804 1528 1834 ‚
1576 1766 1653 1821 ut
1700 1755 1856 1823 olim
1906 1757 2094 1824 bellis
2140 1759 2443 1825 ciuilibus
2487 1757 2625 1826 fieri

225 1857 511 1936 solebat,
579 1858 856 1926 colorata
921 1863 968 1925 i.
993 1881 1050 1926 e.
1124 1861 1334 1926 fucata
1402 1865 1673 1929 crimina
1741 1852 1949 1930 laesae
2011 1867 2365 1931 maiestatis
2427 1865 2623 1933 lituos

227 1965 535 2031 inflabant
582 1969 626 2031 i.
653 1988 704 2032 e.
758 1964 1061 2032 bellicum
1113 1969 1440 2033 canebant.

323 2209 428 2276 12.
480 2209 542 2276 2.
611 2210 739 2288 „Vt
799 2213 970 2278 enim
1043 2219 1179 2280 erat
1228 2215 1622 2280 obstinatum
1664 2214 1989 2301 fixumque
2037 2217 2174 2281 eius
2221 2214 2617 2299 propositum

229 2317 307 2382 ad
375 2317 755 2383 laedendum
829 2323 922 2384 ita
982 2341 1098 2385 nec
1163 2321 1350 2386 furtis
1413 2323 1761 2402 abstinuit,
1824 2324 2269 2389 innocentibus
2332 2321 2623 2388 exitiales

230 2443 452 2488 causas
499 2424 1112 2513 adstringens.”

319 2530 780 2619 Adstringendi
825 2533 1017 2597 verbo
1065 2532 1319 2597 nullum
1367 2534 1474 2599 hic
1517 2534 1729 2600 locum
1784 2556 1918 2601 esse
1964 2534 2151 2601 facile
2200 2539 2481 2619 apparet.
2550 2533 2624 2598 In

231 2637 374 2704 Vat.
425 2643 522 2703 est
567 2637 1018 2725 adfringen
1069 2685 1084 2701 .
1115 2686 1128 2701 .
1160 2688 1175 2703 .
1203 2686 1220 2702 .
1268 2634 1562 2705 Restitue
1609 2642 1816 2728 igitur
1861 2639 2393 2725 adfingendo.

325 2865 432 2931 12.
483 2864 546 2931 9.
598 2863 1014 2951 „Simplicius
1065 2913 1081 2930 .
1111 2914 1125 2929 .
1157 2914 1174 2932 .
1205 2918 1220 2931 .
1271 2887 1382 2951 per
1427 2867 1717 2955 elogium
1763 2869 2071 2953 principis
2118 2869 2397 2952 torqueri
2444 2886 2625 2951 prae-

231 2980 451 3058 ceptus
491 3020 506 3036 .
539 3020 556 3037 .
583 3020 597 3036 .
627 3020 643 3035 .
681 2972 816 3037 fato
859 2971 1135 3055 quodam
1185 2980 1437 3039 arcente
1478 2960 1735 3058 corpore
1772 2972 2057 3039 inmacul
2076 2994 2113 3039 a
2131 2979 2158 3038 t
2179 2993 2216 3038 o
2255 2971 2331 3038 la
2349 2977 2431 3037 ta
2468 2972 2627 3057 fuga

230 3078 570 3145 damnatus
623 3078 784 3143 est.”

318 3185 392 3250 In
458 3184 560 3250 his
622 3183 802 3250 lata
871 3205 983 3269 per
1055 3184 1558 3273 dittographiam
1627 3208 1705 3251 ex
1769 3185 2291 3272 praecedentibus
2354 3184 2627 3273 syllabis

231 3297 442 3356 ortum
493 3291 766 3357 uidetur.

326 3509 430 3575 12.
485 3509 588 3576 11.
642 3508 1079 3587 „Andronicus
1120 3514 1304 3595 post
1351 3529 1386 3574 a
1436 3510 1673 3574 studiis
1718 3509 2091 3576 liberalibus
2135 3514 2201 3576 et
2242 3508 2625 3576 claritudine

233 3619 588 3681 carminum
657 3620 844 3680 notus
911 3618 979 3679 in
1047 3615 1356 3680 iudicium
1431 3616 1836 3681 introductus
1906 3637 2053 3681 cum
2126 3636 2345 3681 secura
2410 3621 2627 3682 mente

231 3722 434 3787 nullis
479 3722 944 3807 suspicionibus
991 3730 1327 3808 urgeretur
1375 3722 1706 3809 purgando
1754 3742 2006 3807 semper
2050 3728 2131 3787 et
2178 3720 2477 3788 fidentius
2516 3723 2624 3788 ab·

233 3826 480 3894 solutus
525 3826 686 3894 est.”

323 3933 614 3999 Restitue
675 3936 1019 3999 Ammiano
1088 3933 1526 4010 „Andronicus
1571 3940 1817 4019 poeta
1860 3933 2089 3999 studiis
2137 3932 2511 4000 liberalibus
2558 3940 2623 3999 et

233 4039 608 4106 claritudine
669 4041 1026 4103 carminum
1086 4038 1340 4105 notus.’'
1411 4038 1783 4121 Ἀνδράνικος
1848 4040 1874 4103 ὃ
1924 4041 2180 4114 ποιητής
2230 4058 2623 4105 commemo-

231 4151 408 4211 ratur
466 4168 502 4212 a
561 4147 831 4212 Libanio
893 4148 960 4209 in
1023 4144 1225 4231 Epist.
1290 4146 1369 4211 ad
1418 4144 1733 4211 Themist.
1786 4144 1892 4210 69.
1947 4182 2031 4194 -
2082 4144 2157 4209 In
2202 4165 2371 4231 seqq.
2418 4144 2623 4211 scribe

241 4253 605 4339 „purgando
653 4271 900 4336 semper
946 4272 1032 4343 se,
1073 4248 1436 4316 fidentius.”
