3150 5000
470 271 603 339 456

553 455 715 544 Pag.
762 456 917 523 212.
966 455 1207 523 Insere:
1255 453 1639 536 ἀπεστέρησε
1687 456 1854 540 (μὲν)
1900 463 2012 531 τῆς
2057 453 2426 533 βασιλείας,
2479 453 2739 535 ὀρφανὸν
2779 452 2846 519 δὲ

462 563 681 628 τέκνων
728 561 920 638 ἔθηκε.
966 563 1050 629 Et
1095 584 1316 630 versus
1364 562 1553 629 finem
1602 562 1747 651 lege
1793 562 2072 642 ἀσμένως
2123 562 2174 628 δ’
2218 558 2704 639 ἀποδεξαμένου
2740 561 2850 627 τὸν

462 669 648 749 λόγον
693 690 806 756 pro
855 667 1357 750 ὑποδεξαμένου.

553 885 711 973 Pag.
760 884 912 951 222.
961 884 1065 950 τὸν
1111 885 1341 951 ἑαυτῶν
1386 884 1668 963 ἡγεμόνα
1714 881 2048 951 ἕκαστοι
2099 883 2504 957 κυδαίνοντες.
2551 882 2646 949 De
2695 883 2852 947 dua-

462 992 568 1056 bus
614 990 994 1058 factionibus
1039 991 1343 1077 loquitur.
1414 990 1672 1077 Repone
1719 992 1801 1057 ἑκ
1821 990 1866 1057 οὶ
1885 1015 1969 1056 τε
1987 1016 2017 1073 ρ
2039 1015 2066 1056 ο
2085 1016 2125 1059 ι.

556 1209 717 1296 Pag.
762 1207 919 1275 224.
990 1210 1095 1275 οὐκ
1157 1206 1571 1289 ἐπιτρέψουσα
1635 1204 1728 1275 ὅτι
1787 1209 1877 1286 μη
1937 1210 2162 1291 φανείη
2221 1207 2512 1287 λέξειν.
2582 1205 2849 1273 Soloece

460 1337 573 1403 pro
619 1314 918 1397 λέγειν.

1780 1500 1862 1567 Κ.
1911 1498 1992 1569 G.
2041 1500 2115 1567 P.
2163 1498 2652 1568 SOHWARTZ.

1154 2470 1163 2479 .
1203 2428 1569 2485 mmmmm
1616 2417 1695 2483 ad
1739 2439 1888 2507 pag.
1941 2416 2093 2493 345.

549 2669 796 2760 Insigni
835 2669 1215 2738 liberalitate
1251 2675 1315 2736 et
1355 2668 1792 2736 benevolentia
1817 2669 2235 2736 bibliothecae
2258 2669 2635 2737 Vesontinae
2660 2690 2846 2756 prae-

456 2779 607 2845 fecti
655 2778 821 2844 mihi
869 2778 1179 2865 contigit,
1244 2782 1319 2842 ut
1366 2777 1642 2844 codicem
1696 2775 1918 2842 Dionis
1965 2778 2076 2862 qni
2123 2774 2500 2843 Vesontione
2546 2775 2846 2844 adserva-

456 2891 599 2972 tur,
650 2885 881 2951 Leidae
928 2883 1129 2951 oeulis
1175 2883 1648 2970 perlustrarem.
1697 2882 1848 2949 Viro
1892 2883 2064 2948 enim
2113 2883 2480 2950 doctissimo
2526 2883 2612 2949 du
2637 2881 2844 2964 Rieu,

457 3013 580 3078 qua
625 2998 721 3056 est
769 2992 1071 3057 comitate
1120 2993 1355 3057 eximia
1402 3012 1473 3057 ac
1518 2989 1704 3077 plane
1750 2989 2094 3079 singulari,
2135 3011 2277 3056 meo
2317 2991 2572 3056 nomine
2595 2994 2846 3076 petenti

457 3105 529 3166 ut
575 3099 852 3165 codicem
904 3095 1167 3163 Leidam
1216 3097 1534 3174 mitteret,
1583 3097 2043 3162 humanissime
2089 3095 2413 3162 satisfecit.

543 3344 671 3433 Spe
731 3350 949 3411 autem
968 3393 989 3430 ‚
1052 3344 1119 3410 in
1182 3364 1375 3430 quam
1420 3343 1758 3411 inductum
1809 3366 1913 3411 me
1962 3343 2132 3426 dixi,
2182 3343 2425 3429 aliquid
2473 3350 2642 3411 certe
2685 3343 2826 3410 boni

451 3453 519 3518 in
586 3452 707 3519 hoe
774 3451 987 3518 codice
1048 3453 1384 3516 inventum
1452 3451 1533 3515 iri
1599 3451 1686 3538 (p.
1751 3449 1882 3516 345
1933 3450 2074 3518 adn.
2129 3449 2255 3532 1.),
2321 3450 2601 3517 deiectus
2665 3469 2828 3516 snm.

448 3558 508 3625 Ν
513 3578 619 3625 am
681 3558 878 3625 codex
940 3556 1217 3623 Venetus
1262 3576 1387 3622 non
1433 3561 1579 3622 ante
1625 3556 1865 3623 librum
1917 3539 2007 3622 45'
2052 3556 2118 3620 in
2170 3555 2513 3623 Vesontino
2559 3555 2836 3622 describi

450 3669 709 3750 coeptus
771 3669 903 3748 est,
965 3662 1129 3729 liber
1190 3663 1279 3729 44
1346 3667 1519 3728 totus
1583 3661 1770 3729 fluxit
1817 3685 1896 3729 ex
1943 3662 2154 3728 codice
2202 3661 2476 3749 quodam
2525 3662 2840 3729 secundae

448 3770 684 3837 elassis.
735 3771 1127 3837 Testimonio
1174 3771 1305 3835 sint
1342 3770 1541 3850 yet-ba
1589 3768 1834 3856 aliquot
1879 3773 1946 3835 in
1995 3769 2226 3836 ultimo
2273 3767 2436 3836 libro
2474 3769 2561 3834 44
2600 3769 2682 3855 (e.
2711 3767 2800 3836 53
2819 3819 2843 3856 ,

450 3874 518 3963 3)
540 3923 556 3954 ,
615 3897 775 3963 quae
836 3879 905 3942 in
967 3875 1145 3943 codd.
1196 3876 1610 3942 deterioribus
1655 3877 1748 3941 ita
1793 3875 2129 3964 leg-untur:
2181 3877 2302 3941 κάκ
2352 3876 2567 3942 τούτου
2617 3875 2839 3956 συχνὰ

446 3983 560 4060 μὲν
621 3983 873 4048 αὐτόθεν
922 3980 1191 4066 ἥρπασε,
1249 3981 1456 4062 συχνὰ
1504 3981 1567 4048 δὲ
1617 3984 2068 4060 ἠργυρολόγησε
2116 3983 2262 4061 παρ’
2310 3981 2552 4048 ἰδιωτῶν
2599 4005 2668 4047 τε
2722 3983 2836 4047 καὶ

450 4089 653 4165 δήμων
699 4089 804 4154 καὶ
853 4095 968 4155 τῶν
1017 4088 1365 4173 βασιλέων,
1413 4097 1536 4160 τοῖς
1587 4089 1699 4164 μὲν
1748 4087 1957 4170 χώραν
2007 4113 2063 4155 κ.
2091 4113 2146 4154 τ.
2177 4105 2273 4174 λ.;
2314 4091 2380 4153 in
2422 4087 2659 4155 Veneto
2702 4109 2838 4154 ree-

448 4196 613 4260 tius:
678 4197 802 4261 xcix
862 4196 1076 4262 τούτου
1121 4195 1329 4276 συχνὰ
1374 4195 1487 4274 μὲν
1533 4195 1782 4260 αὐτόθεν
1832 4195 2109 4276 ἥρπασε,
2160 4195 2366 4276 συχνοὶ
2418 4195 2478 4259 δὲ
2530 4195 2634 4260 καὶ
2682 4197 2832 4274 παρ’

446 4303 691 4369 ἰδιωτῶν
752 4310 870 4368 τῶν
932 4326 1001 4368 τε
1066 4301 1268 4380 δήμων
1326 4301 1429 4366 καὶ
1478 4303 1598 4366 τῶν
1643 4301 1957 4379 βασιλέων
2005 4301 2486 4384 ἠργυρολόγησε,
2540 4310 2664 4374 τοῖς
2712 4301 2830 4380 μὲν

446 4413 659 4492 χώραν
707 4434 763 4476 κ.
790 4434 847 4478 τ.
874 4425 938 4476 λ.
