3150 5000
1311 224 1544 273 comm.
2046 179 2055 192 ⁸
2496 196 2624 265 169

396 390 567 457 Idem
623 390 836 457 {2188

654 497 681 562 ὅ
730 495 1190 579 μηχανοποιός.
1240 495 1425 561 ὁπότε
1473 495 1688 573 βούλει
1736 494 1837 559 τὸν
1884 492 2104 575 τροχὸν

593 584 602 593 ’
653 604 791 667 ἐᾶν
835 602 1096 687 &vend-2,
1143 602 1296 681 λε’γε
1343 612 1529 685 χαῖρε
1579 600 1828 684 φέγγος
1877 601 2065 676 ἡλίου.

239 712 385 777 Non
409 711 636 797 magis
679 709 863 775 Kock
908 709 1079 775 hunc
1123 708 1336 775 locum
1387 710 1750 774 coniectura
1790 726 1906 772 sua
1952 707 2139 785 ἱμᾶν,
2181 726 2375 791 quam
2420 706 2629 772 textui

237 816 467 883 intulit
528 837 640 901 pro
701 817 809 882 ἒοῖν
829 866 847 889 ,
895 816 1220 901 expedivit
1266 836 1455 901 quam
1506 814 1736 900 reliqui
1783 832 2056 899 quorum
2102 814 2489 898 suspiciones
2535 832 2631 877 re-

237 923 597 1009 prehendit.
663 921 751 987 Ut
812 925 980 987 enim
1046 926 1214 988 recte
1274 921 1595 987 diceretur
1642 920 1797 995 ἱμοῖν
1845 944 1903 984 τι
1953 921 2057 986 vei
2104 918 2244 983 τινὰ
2297 918 2381 998 τῷ
2429 919 2629 999 τροχῷ

239 1030 349 1113 (cf.
413 1030 488 1094 fr.
555 1027 736 1114 349),
799 1032 892 1093 ita
952 1030 1105 1102 ἱμῶν
1167 1026 1271 1092 τὸν
1332 1027 1550 1107 τροχόν
1600 1046 1856 1112 prorsus
1903 1029 2001 1090 est
2043 1024 2253 1090 nihili.
2301 1024 2434 1090 Nec
2481 1044 2631 1089 vero

235 1134 550 1223 intellego
596 1155 721 1219 quo
765 1141 948 1220 pacto
997 1140 1110 1199 aut
1155 1154 1280 1218 quo
1325 1154 1514 1199 sensu
1559 1133 1589 1199 ὅ
1636 1129 2059 1213 μηχανοποιός
2108 1132 2186 1196 ab
2228 1150 2301 1196 eo
2343 1132 2454 1215 qui
2493 1132 2632 1197 eius

237 1262 358 1327 ope
407 1241 706 1309 sublimis
751 1240 1046 1307 evehitur
1089 1242 1297 1306 iuberi
1342 1242 1624 1326 potuerit
1664 1238 2022 1305 exclamare
2058 1238 2193 1301 vale
2230 1242 2374 1302 vita.
2424 1234 2631 1317 Quem

240 1350 412 1413 enim
481 1350 575 1412 ita
633 1348 837 1413 dicere
901 1348 1233 1431 iubemus,
1294 1346 1446 1412 huic
1494 1352 1768 1411 mortem
1813 1344 2238 1430 praedicimus
2284 1348 2397 1409 aut
2443 1344 2633 1407 mini-

241 1460 496 1532 tamur,
559 1459 633 1519 ut
696 1454 984 1519 arbitror.
1047 1452 1484 1518 Nihilominus
1533 1454 1661 1518 viri
1702 1451 1873 1517 docti
1914 1451 2204 1515 certatim
2247 1448 2634 1515 contendunt

241 1560 439 1626 verba
486 1579 620 1625 esse
665 1557 834 1625 Iovis
878 1566 1020 1644 post
1066 1559 1310 1624 furtum
1363 1559 1748 1624 amatorium
1796 1559 1865 1621 in
1912 1556 2159 1622 coelum
2208 1554 2532 1621 redeuntis
2570 1559 2634 1619 et

242 1668 595 1731 metuentis
662 1685 742 1729 ne
811 1664 888 1729 de
948 1666 1246 1731 machina
1307 1664 1606 1749 delapsus
1665 1664 1993 1729 moriatur.
2055 1661 2190 1727 Nec
2235 1661 2635 1727 satisfaciunt

243 1770 410 1836 mihi
477 1791 638 1856 quae
699 1770 777 1837 ad
841 1771 904 1837 h.
955 1773 999 1836 l.
1067 1778 1466 1838 commentus
1513 1776 1613 1836 est
1662 1766 1975 1856 Blaydes,
2029 1788 2231 1853 neque
2274 1772 2407 1855 ipse
2452 1766 2635 1854 quid-

245 1897 444 1963 quam
493 1880 630 1943 sani
676 1880 933 1943 extrico.

337 2090 519 2158 Idem
567 2092 646 2157 fr.
697 2090 851 2157 216.

335 2196 489 2263 ἀλλ’
535 2199 599 2264 οὐ
647 2197 773 2276 γὰρ
822 2195 1014 2275 ἔμαθε
1057 2197 1245 2264 ταῦτ’
1297 2199 1444 2277 ἐμοῦ
1493 2198 2000 2277 πέμποντος,
2050 2198 2228 2265 ἀλλὰ
2275 2201 2521 2277 μᾶλλον

339 2307 567 2388 πίνειν,
619 2302 814 2370 ἔπειτ’
863 2304 1028 2389 ᾄδειν
1079 2312 1361 2378 κακῶς.

243 2410 462 2477 Facile
529 2411 886 2477 carebimus
957 2411 1192 2497 triplici
1267 2411 1590 2500 Blaydesii
1651 2414 2013 2479 coniectura
2072 2433 2185 2500 pro
2245 2412 2594 2489 πέμποντος
2616 2460 2635 2492 ,

244 2523 396 2605 quia
443 2518 664 2604 procul
706 2518 900 2584 dubio
941 2519 1450 2585 subaudiendum
1492 2526 1588 2584 est
1626 2519 1685 2593 ἐς
1724 2520 2134 2604 διδασιῖοὶλου,
2174 2525 2638 2606 praecesserant

245 2627 416 2690 enim
440 2673 456 2704 ‚
505 2638 580 2689 ut
627 2624 930 2702 arbitror,
981 2624 1132 2690 huic
1175 2627 1534 2712 fragmento
1581 2626 1773 2691 verba
1812 2626 2161 2703 eiusmodi,
2203 2631 2278 2690 ut
2314 2625 2443 2691 tale
2482 2626 2637 2710 quid

244 2731 476 2798 addere
535 2732 811 2796 otiosum
878 2739 1060 2797 esset.
1125 2729 1272 2796 Huc
1321 2731 1600 2816 pertinet
1644 2731 1721 2796 fr.
1776 2730 1929 2809 199,
1980 2734 2165 2797 cuius
2212 2729 2633 2818 corruptelam

245 2840 464 2924 sagaci
534 2842 599 2902 et
659 2836 976 2922 probabili
1041 2839 1399 2902 coniectura
1465 2835 1727 2903 sustulit
1789 2836 2094 2903 Kockius.
2160 2875 2241 2886 -
2303 2836 2487 2919 Quod
2556 2836 2637 2904 ad

255 2943 443 3009 verba
506 2942 676 3026 ᾄδειν
727 2949 928 3014 κακῶς
979 2945 1246 3025 attinet,
1294 2941 1571 3030 Blaydes
1620 2945 1685 3007 in
1738 2943 2048 3007 Addendis
2092 2962 2239 3030 pag.
2290 2941 2421 3008 406
2468 2943 2641 3008 criti-

246 3050 452 3113 ticum
503 3047 898 3114 Germanum
949 3046 1352 3132 reprehendit
1398 3050 1920 3133 interpretantem
1964 3071 2156 3132 prava
2194 3048 2461 3112 carmina
2499 3071 2639 3112 ean·

247 3161 414 3239 tare,
483 3175 626 3220 cum
697 3157 784 3220 sit
829 3155 980 3218 male
1026 3161 1288 3218 cantare.
1339 3155 1645 3220 Attamen
1694 3155 2036 3220 tenendum
2088 3161 2185 3220 est
2229 3155 2478 3221 homini
2524 3155 2637 3220 σῶ·

249 3266 417 3342 Φρονι
483 3283 630 3326 eum
694 3263 804 3347 qui
866 3280 1061 3345 prava
1108 3263 1244 3345 ipso
1292 3261 1502 3326 iudice
1551 3264 1839 3328 carmina
1886 3267 2099 3328 cantet
2143 3262 2349 3327 videri
2397 3267 2460 3327 et
2506 3261 2636 3326 dici

249 3386 429 3450 posse
491 3366 662 3434 male
725 3373 1007 3442 cantare,
1073 3373 1138 3432 et
1197 3367 1318 3431 hoc
1370 3370 1778 3452 potissimum
1830 3370 2143 3454 cogitasse
2191 3373 2437 3452 patrem
2488 3389 2635 3434 cum
2716 3384 2723 3392 ·

248 3470 500 3539 Koskio
561 3472 934 3538 crediderim
997 3473 1076 3538 ob
1137 3472 1212 3537 fr.
1267 3471 1401 3538 223
1449 3469 1597 3558 ᾆσον
1645 3474 1715 3549 δή
1765 3496 1867 3551 μοι
1915 3472 2250 3539 σκόλιόν
2295 3498 2369 3538 τι
2419 3474 2634 3552 λαβὼν

250 3580 548 3645 Ἀλκαίου
588 3579 1016 3659 κάνακρέοντος
1040 3625 1056 3656 ,
1099 3578 1210 3642 ubi
1253 3599 1400 3644 cum
1451 3578 1792 3666 Blaydesio
1831 3578 2059 3645 malim
2100 3578 2359 3644 σκόλι’
2396 3579 2631 3659 ἅττα,

251 3691 314 3750 et
374 3687 650 3752 similem
714 3688 781 3750 in
845 3687 1186 3771 posteriore
1240 3684 1302 3750 N
1309 3685 1532 3750 ubium
1598 3694 1776 3770 parte
1821 3685 2055 3750 locum.
2105 3685 2439 3753 Praeterea
2485 3708 2633 3754 vero

253 3791 601 3858 verisimile
648 3801 743 3858 est
789 3791 893 3855 τὸν
943 3791 1368 3868 καταπύγονα
1419 3791 1745 3856 dissolutis
1789 3793 2151 3857 recentioris
2191 3796 2471 3859 musicae
2494 3814 2634 3860 mo-

255 3896 386 3976 dis,
435 3919 591 3985 quos
639 3907 816 3984 pater
863 3898 1056 3964 homo
1106 3899 1408 3984 antiquus
1452 3899 1727 3983 pessime
1774 3897 2019 3976 oderat,
2078 3897 2435 3964 indulsissez

341 4110 516 4183 Idem
564 4115 640 4180 fr.
689 4111 847 4199 220,
895 4111 938 4178 2

613 4223 694 4294 εἰς
745 4216 818 4287 οἷ’
874 4222 1231 4287 ἀνάλουν
1278 4221 1330 4287 οἱ
1383 4223 1494 4304 πρὸ
1541 4226 1649 4290 τοῦ
1697 4221 1780 4288 τὰ
1832 4221 2161 4304 χρήματα.

259 4319 462 4393 Hodie
504 4349 582 4396 ex
631 4327 839 4394 titulis
887 4331 1122 4394 Atticis
1174 4329 1422 4396 abunde
1471 4335 1715 4396 constat
1764 4329 2179 4396 Athenienses
2226 4325 2459 4393 dixisse
2498 4330 2635 4392 tan·

2278 4444 2340 4498 12
