3150 5000
1002 1033 1772 1126 HOMERICA.

1259 1243 1541 1293 semen·

710 1511 712 1514 Α
804 1410 927 1476 sJ.
974 1409 1183 1476 VAN
1244 1407 1754 1476 Lnnownn
1811 1409 1913 1476 Jn.

312 1647 401 1694 ml
446 1644 777 1694 SROUNDAB
822 1641 1147 1690 PRRSONAB
1170 1639 1427 1718 .FORMIS
1472 1641 1539 1688 m
1585 1646 1680 1687 ·oel
1729 1641 1854 1689 VEL
1901 1649 1956 1689 -0
2003 1642 2484 1693 DRSINEN'HBUS.
2569 1602 2574 1613 .

1180 1917 1188 1924 “
1272 1929 1521 1958 -Μ-

298 2191 377 2256 In
419 2189 692 2255 Homeri
731 2186 1121 2255 carminibus
1160 2185 1477 2274 syllabam
1512 2189 1686 2252 -σθαιι
1710 2187 2072 2273 frequenter
2093 2187 2249 2254 elidi
2270 2190 2597 2268 videmus,

206 2301 366 2363 item
436 2299 680 2382 primas
742 2313 1037 2380 personas
1094 2292 1163 2356 in
1211 2317 1363 2368 -μαι
1414 2293 1772 2359 desinentes
1791 2342 1808 2371 ‚
1855 2316 1972 2360 nec
2015 2315 2139 2360 non
2185 2298 2409 2362 tertias
2457 2319 2601 2382 per-

209 2425 393 2470 sonas
456 2405 525 2468 in
589 2426 729 2466 -ται
796 2408 862 2467 et
905 2423 1023 2464 -·r0.
1068 2399 1292 2484 Neque
1340 2403 1683 2485 quicquam
1734 2404 1802 2465 in
1850 2401 1952 2465 his
2002 2401 2374 2468 elisionibus
2424 2423 2600 2468 com-

208 2518 571 2579 memoratu
633 2510 904 2598 dignum
968 2514 1099 2592 est,
1147 2528 1296 2573 cum
1344 2507 1514 2592 apud
1560 2514 1844 2592 posteros
1890 2509 2063 2575 idem
2111 2530 2254 2575 mos
2297 2510 2602 2595 perdura-

210 2622 396 2687 verit.
446 2616 576 2682 Hic
622 2616 765 2695 illic,
806 2634 1043 2681 errores
1087 2613 1237 2679 inde
1284 2627 1435 2679 sunt
1481 2616 1644 2691 orti,
1693 2634 1749 2679 e.
1773 2636 1840 2702 g.
1889 2614 2038 2695 φύει
2087 2636 2200 2701 pro
2246 2614 2482 2697 φύεται
2533 2617 2604 2681 in

208 2729 549 2793 notissimo
595 2744 784 2790 versu
834 2732 881 2787 Z
936 2718 1102 2785 149:

320 2828 395 2905 ὦς
446 2829 669 2910 ἀνδρῶν
714 2828 898 2905 γενεὴ
947 2824 981 2897 ἣ
1031 2826 1145 2903 μὲν
1192 2825 1382 2905 <post
1434 2826 1590 2913 (leg.
1638 2826 1894 2911 Φύεθ’>
1946 2824 1979 2901 ἣ
2029 2828 2080 2893 δ’
2125 2828 2486 2906 dtu-amhn,

209 2936 309 3003 vel
373 2938 645 3019 δαμνᾷ
708 2935 845 2999 ἐπεί
890 2953 1003 3017 pro
1050 2930 1526 3017 δάμνωτᾪιι)
1572 2946 1614 2996 λ
1661 2930 1820 3008 221,
1874 2933 1951 2999 de
1997 2934 2232 3019 quibus
2279 2935 2415 3000 dixi
2457 2934 2596 3001 Vol.

212 3042 365 3108 XIII
428 3064 575 3130 pag.
640 3039 774 3105 210
822 3062 911 3126 sq.
974 3037 1099 3105 Sed
1162 3059 1341 3103 mera
1400 3038 1556 3105 haec
1603 3046 1753 3103 sunt
1799 3038 2162 3124 sphalmata
2205 3041 2560 3107 scribarum
2586 3090 2604 3119 ‚

213 3170 413 3234 neque
460 3170 533 3213 ea
578 3166 964 3235 magnopere
1012 3144 1457 3222 admirabilia;
1508 3146 1723 3230 quivis
1771 3148 1944 3211 enim
1993 3146 2309 3235 intelligit
2355 3169 2432 3213 ex
2481 3156 2600 3212 ΛΤ

215 3254 316 3321 vel
363 3263 480 3321 ET
530 3256 815 3339 potuisse
858 3251 1033 3317 nasci
1080 3261 1168 3317 AI
1217 3250 1323 3316 vel
1368 3260 1474 3315 EI.
1548 3326 1555 3335 .

306 3362 521 3427 Aliter
565 3360 643 3425 de
691 3359 997 3424 secund
1016 3379 1055 3423 a
1100 3378 1367 3443 persona
1410 3361 1664 3423 numeri
1712 3358 2056 3447 singularis
2103 3360 2374 3427 iudicari
2419 3360 2604 3428 solet.

217 3464 287 3531 In
349 3468 671 3533 homerico
690 3512 706 3542 ,
774 3463 981 3550 qualis
1042 3464 1120 3529 ad
1180 3484 1292 3529 nos
1356 3468 1682 3549 pervenit,
1729 3472 1912 3531 textu
1959 3466 2268 3532 secundae
2311 3488 2612 3553 personae

220 3572 513 3638 medialis
568 3571 760 3637 modo
823 3570 1065 3656 plena
1126 3570 1331 3636 forma
1395 3570 1660 3657 legitur,
1723 3574 1790 3635 in
1857 3595 1984 3648 -εο,
2052 3596 2196 3647 -οιο,
2247 3598 2418 3651 -εσιι,
2471 3600 2612 3648 -noee

222 3676 542 3763 desinens,
611 3676 803 3743 modo
865 3696 1041 3741 more
1111 3679 1533 3761 posteriorum
1606 3683 1967 3763 temporum
2039 3686 2325 3745 contra
2347 3687 2476 3746 cta
2543 3684 2613 3747 in

222 3804 311 3845 -ου
372 3786 543 3871 (-ευ),
608 3808 721 3861 -ω,
789 3807 875 3863 -ῃ,
947 3782 1281 3868 Nusquam
1348 3804 1533 3861 vero,
1593 3784 1648 3847 si
1695 3805 1896 3848 unum
1943 3783 2346 3871 alterumque
2393 3791 2607 3853 locum

226 3892 492 3975 excipis,
542 3910 697 3974 quos
736 3888 903 3953 infra
942 3889 1273 3967 indicabo,
1317 3888 1566 3976 syllaba
1607 3886 1816 3954 finalis
1857 3914 1918 3954 -o
1956 3890 2060 3956 vel
2098 3916 2200 3956 -αι
2238 3893 2610 3961 elisione

225 3998 659 4082 supprimitur.
709 3994 835 4060 Sed
882 4014 995 4061 nos
1039 4015 1259 4061 omnes
1280 4042 1296 4071 ‚
1336 3996 1569 4080 quibus
1609 3998 2070 4083 grammaticae
2103 3998 2394 4065 studium
2432 4000 2608 4065 cordi

229 4108 349 4179 est,
412 4108 553 4168 tum
615 4102 877 4167 demum
926 4103 1205 4166 contenti
1254 4120 1387 4166 esse
1432 4100 1714 4167 solemus
1761 4108 1952 4187 atque
1999 4104 2239 4189 quieti,
2289 4126 2437 4170 cum
2483 4127 2610 4173 non

228 4206 425 4273 solum
498 4230 634 4274 rem
700 4207 981 4292 aliquam
1044 4206 1567 4284 addidicerimus,
1643 4207 1752 4272 sed
1813 4210 2011 4273 etiam
2072 4213 2164 4275 rei
2224 4231 2480 4276 causam
2544 4219 2610 4278 et

228 4314 525 4379 rationem
570 4316 1109 4401 perspexerimus;
1161 4320 1303 4379 tum
1350 4314 1614 4379 demum
1661 4313 1815 4381 laeti
1852 4318 2038 4381 nobis
2075 4316 2351 4383 dicimus
2370 4340 2385 4369 ⁸
2427 4324 2610 4385 τοῦτο
