3150 5000
1219 255 1645 307 rnuornmm.
2294 286 2301 302 .
2500 236 2631 303 145
2720 248 2725 255 ·

251 422 488 489 Deinde
555 426 760 509 capite
823 423 909 489 30
971 424 1216 510 aliquid
1275 406 1609 505 'narr-atur,
1660 426 1824 512 quod
1878 446 2069 511 quam
2119 427 2205 492 sit
2251 424 2635 505 absurdum,

247 534 528 617 primum
572 532 716 597 luce
764 531 997 598 clarius
1046 530 1152 597 fiet
1199 554 1276 598 ex
1325 531 1731 598 Bloomfieldi
1774 535 2091 601 versione:
2127 534 2467 617 perceivinq
2501 536 2639 600 that

246 638 341 701 the
399 638 934 703 Lacedaemoniun&
989 662 1137 703 were
1198 640 1405 704 rather
1465 662 1623 704 more
1670 641 1815 705 than
1852 642 2045 727 fewer
2093 641 2159 704 in
2205 642 2445 705 number
2488 642 2635 706 than

243 746 314 809 he
381 747 506 809 had
563 748 837 829 espeeced
893 748 1036 833 (for
1093 747 1166 811 hc
1227 747 1352 811 had
1411 748 1615 834 before
1674 749 2045 812 entertained
2086 771 2125 811 a
2165 749 2461 831 suspicion
2506 748 2637 812 that

245 852 340 917 the
376 856 710 935 provisione
754 854 878 916 had
923 854 1060 917 been
1109 862 1240 918 sent
1276 855 1390 941 for
1427 856 1621 940 fewer
1668 855 1813 918 than
1862 855 1959 919 the
1998 856 2133 918 real
2171 854 2459 940 number).
2506 854 2637 921 Ab·

242 960 503 1024 surdum
547 959 666 1025 hoc
706 980 838 1025 esse
879 960 1215 1026 contendo:
1258 968 1472 1026 narrat
1513 960 1921 1047 Thucydides
1957 981 2117 1046 quae
2142 982 2240 1026 res
2264 959 2651 1049 Demosthe-·

241 1086 386 1131 nem
431 1066 808 1151 impulerint
855 1048 934 1133 ut
977 1065 1321 1154 Spartanos
1368 1069 1855 1155 aggrederetur:
1910 1070 1966 1133 si
2029 1070 2439 1153 comperisset
2502 1088 2638 1135 esse

242 1193 345 1238 eos
414 1173 740 1258 aliquanto
797 1174 1015 1261 plures
1077 1195 1268 1260 quam
1316 1180 1639 1260 putasset,
1688 1175 1951 1240 fortasse
2000 1194 2071 1239 ea
2119 1194 2219 1239 res
2264 1173 2515 1241 fecisset
2561 1180 2637 1241 ut

239 1285 456 1345 tamen
503 1280 569 1344 in
616 1283 935 1365 proposito
975 1276 1315 1365 perstaret,
1359 1281 1465 1347 sed
1511 1300 1683 1346 error
1720 1286 1785 1345 in
1822 1282 1976 1345 hanc
2004 1289 2239 1365 partem
2279 1301 2634 1366 numquam

239 1386 489 1451 fecisset
550 1393 626 1451 ut
685 1392 1036 1452 maturaret
1100 1386 1266 1471 quod
1315 1389 1528 1451 animo
1577 1390 1904 1473 agitasset.
1956 1386 2197 1453 Deinde
2246 1387 2392 1453 vide
2439 1386 2633 1473 Spar-

239 1496 536 1558 tanorum
585 1492 861 1558 stultum
911 1492 1281 1576 consilium,
1332 1496 1442 1577 qui
1490 1494 1665 1559 cives
1712 1513 1860 1558 suos
1897 1494 2127 1582 exigua
2168 1494 2245 1559 de
2285 1513 2510 1573 causa,
2546 1513 2633 1559 ne

238 1597 488 1663 nullam
553 1596 858 1683 dixerim,
923 1600 1092 1665 fame
1153 1619 1409 1664 enecare
1455 1598 1859 1677 maluerunt,
1913 1620 2106 1684 quam
2154 1598 2274 1665 hoc
2323 1620 2512 1687 agere
2558 1608 2634 1665 ut

237 1703 481 1789 aliquid
537 1705 822 1789 quotidie
868 1726 945 1771 ex
993 1707 1334 1770 summisso
1382 1706 1705 1771 frumento
1752 1708 1971 1793 seponi
2018 1711 2260 1792 posset,
2316 1706 2481 1790 quod
2530 1726 2632 1772 re-

243 1830 393 1877 vera
455 1808 698 1875 factum
764 1811 958 1876 fuisse
1019 1817 1238 1896 postea
1298 1812 1530 1896 patuit.
1582 1811 1755 1877 Idem
1806 1831 1977 1876 error
2024 1816 2119 1876 est
2165 1810 2467 1895 Amoldi,
2519 1813 2633 1898 qui

235 1916 451 1983 locum
516 1920 608 1982 ita
671 1920 1128 2003 interpretatur
1184 1919 1524 2001 perceivinq
1588 1919 1717 1982 that
1762 1919 1857 1982 the
1903 1918 2445 1982 Lacedaemoniam
2488 1940 2635 1983 were

237 2047 395 2090 more
439 2046 752 2088 numerous
804 2062 884 2073 --
937 2025 1058 2089 and
1113 2026 1210 2089 the
1255 2026 1563 2089 incr-cased
1588 2025 1855 2111 facility
1898 2027 1979 2110 of
2016 2024 2506 2087 dieembarkation
2556 2046 2632 2088 on

240 2136 336 2195 the
397 2132 633 2195 island:
699 2132 848 2215 quid
914 2133 1086 2196 enim
1153 2136 1246 2196 est
1305 2132 1568 2197 miscere
1615 2131 1885 2197 rotunda
1934 2126 2295 2216 quadratis,
2344 2132 2470 2196 nisi
2511 2130 2631 2195 hoc

239 2234 378 2303 est?
427 2236 642 2303 Sensit
683 2240 779 2303 rei
828 2236 1269 2304 difficultatem
1321 2235 1562 2304 Grotus
1602 2242 1671 2303 in
1718 2237 2008 2303 Historia
2051 2234 2293 2303 Graeca
2331 2236 2419 2303 vl
2461 2236 2629 2302 341:

237 2350 452 2411 narrat
516 2347 686 2410 enim
739 2347 862 2410 sic:
913 2345 1012 2410 He
1055 2369 1182 2410 now
1200 2395 1218 2428 ,
1240 2356 1361 2427 ,τοο
1380 2395 1398 2429 ,
1427 2347 1552 2430 for
1599 2345 1697 2410 the
1726 2349 1880 2428 first
1928 2345 2067 2409 time
2111 2345 2456 2409 discovered
2500 2344 2633 2407 that

237 2454 308 2518 be
353 2452 484 2516 had
527 2453 891 2516 undere-cled
933 2453 1088 2516 their
1135 2454 1269 2517 real
1313 2454 1573 2531 number,
1622 2452 1843 2534 bavinq
1889 2452 2096 2538 before
2140 2452 2446 2534 suspected
2502 2452 2633 2516 that

235 2560 333 2622 the
394 2558 936 2622 Lacedaemoniam
997 2559 1123 2622 had
1182 2567 1310 2623 sent
1375 2561 1442 2622 in
1489 2559 1725 2624 ratione
1754 2561 1878 2643 for
1928 2582 1966 2621 a
2004 2568 2246 2640 meatem
2290 2559 2443 2622 total
2486 2559 2631 2621 than

237 2687 352 2728 roae
397 2665 665 2745 actually
709 2665 887 2728 there.
939 2663 1072 2730 Hic
1116 2685 1364 2752 quoque
1411 2664 1655 2752 aliquid
1704 2671 2103 2731 commentus
2152 2670 2283 2742 est,
2331 2662 2498 2748 quod
2547 2663 2627 2729 ab

237 2773 409 2836 omni
449 2768 900 2856 probabilitate
939 2771 1268 2856 abhorret,
1309 2791 1457 2836 nam
1495 2771 1956 2836 stultissimum
1997 2771 2221 2836 fuisset
2260 2772 2626 2855 permittere

238 2875 570 2961 Spartanis
629 2875 774 2962 plus
821 2877 1128 2942 frumeuti
1178 2878 1486 2943 advehere
1526 2898 1716 2962 quam
1759 2873 1883 2962 quo
1925 2877 2207 2962 quotidie
2247 2896 2405 2962 opus
2444 2880 2621 2952 esset,

239 2983 342 3048 δύο
388 2984 670 3064 χοίνικας
709 2983 996 3062 ἀλφίτων
1039 2986 1308 3049 viritim.
1359 2981 1690 3050 consentit
1733 2989 1947 3049 tamen
1967 2982 2186 3068 Poppo
2212 3003 2360 3048 cum
2388 2981 2627 3048 Groto:

240 3113 387 3156 cum
451 3097 638 3156 antea
697 3093 1124 3175 suspicaretur
1183 3091 1591 3176 paucioribus
1653 3091 1874 3176 (quam
1924 3095 2233 3176 quantum
2282 3099 2627 3154 numerum

241 3198 596 3284 ediderant)
643 3218 746 3263 eos
791 3198 1188 3263 frumentum
1238 3199 1330 3283 (in
1377 3197 1683 3284 insulam)
1731 3199 1981 3263 misisse
2000 3245 2016 3274 ,
2065 3216 2190 3282 quo
2228 3195 2474 3261 diutius
2509 3194 2631 3260 hoc

240 3305 676 3392 suppeditaret
735 3311 925 3390 atque
982 3304 1084 3370 illi
1133 3305 1525 3370 obsidionem
1575 3307 1979 3371 sustinerent.
2029 3303 2112 3369 Et
2167 3305 2406 3389 pariter
2452 3299 2631 3369 Clas-

243 3416 487 3477 senius:
549 3411 964 3476 Demosthenes
1024 3413 1417 3497 vermuthete,
1482 3414 1568 3476 cie
1629 3413 1835 3475 hatten
1901 3412 2131 3475 damula·
2194 3411 2326 3475 cine
2364 3415 2632 3493 qrc’ssere

242 3519 398 3582 Zahl
441 3519 802 3602 anqeqeben,
849 3541 946 3580 um
991 3518 1090 3582 die
1126 3518 1324 3602 knapp
1361 3541 1799 3600 zuqemessenen
1843 3519 2141 3583 Rationem
2184 3518 2297 3580 den
2352 3515 2629 3595 Weniyen

243 3649 336 3690 um
386 3648 449 3688 σο
495 3626 656 3688 mehr
699 3647 774 3688 zu
823 3625 976 3689 Gute
1023 3628 1281 3688 kommen
1327 3647 1400 3688 zu
1449 3627 1665 3690 Caesen.
1712 3624 1972 3690 Scilicet
2014 3623 2469 3689 Demosthenes
2508 3621 2627 3688 hoc

241 3732 632 3796 vermuthete:
696 3729 824 3795 tale
887 3731 1042 3816 quid
1108 3733 1163 3795 si
1211 3733 1564 3816 suspicatus
1615 3737 1742 3809 est,
1788 3734 2029 3796 mirum
2080 3751 2257 3808 sane,
2308 3732 2365 3794 si
2409 3733 2629 3814 postea

245 3840 537 3923 apparuit
575 3837 800 3903 falsam
842 3839 1264 3923 suspicionem
1304 3838 1498 3903 fuisse
1541 3859 1656 3904 nec
1697 3837 2038 3924 Spartanos
2094 3839 2367 3926 benig-ne
2414 3835 2627 3902 oblata

245 3946 565 4010 occasione
634 3963 780 4009 usos
849 3943 1062 4009 fuisse.
1137 3941 1260 4009 Sed
1329 3944 1467 4029 ipsa
1524 3948 1620 4010 rei
1680 3947 1845 4011 ratio
1910 3947 2065 4010 satis
2127 3943 2423 4028 ostendit,
2474 3941 2628 4028 quid

245 4047 652 4136 Thucydides
713 4070 964 4115 narrare
1024 4053 1322 4135 potuerit.
1373 4048 1665 4136 Spartani
1713 4053 2005 4117 ementiti
2052 4051 2301 4117 fuerant
2349 4051 2627 4136 captivo-

245 4177 389 4220 rum
450 4177 791 4222 numerum
854 4155 1287 4242 finxerantque
1337 4157 1544 4223 multo
1591 4160 1895 4223 maiorem
1949 4177 2141 4242 quam
2190 4177 2407 4223 revera
2455 4162 2624 4231 erat,

251 4279 372 4346 quo
411 4283 522 4347 per
563 4262 969 4328 induciarum
1019 4262 1150 4328 dies
1196 4262 1410 4349 plures
1449 4263 1753 4329 frumenti
1792 4266 2052 4350 vinique
2091 4265 2407 4350 portiones
2446 4281 2623 4327 sum-

253 4369 506 4434 mittere
549 4369 770 4438 liceret
814 4370 1240 4457 haberentque
1290 4372 1563 4457 captivi,
1616 4369 1779 4458 quod
1827 4371 2111 4459 quotidie
2156 4375 2523 4457 seponerent
2563 4372 2628 4436 et
