3150 5000
1323 336 1723 386 aanonorus.
2636 313 2721 378 33

421 501 720 588 Plerique
773 502 928 568 libri
989 502 1333 582 ἐπέχοντας
1351 549 1366 578 ,
1433 503 1604 587 quod
1672 502 1915 566 dudum
1974 503 2207 568 merito
2254 501 2579 564 abiectum
2628 503 2723 562 est

321 611 412 678 ab
459 611 776 674 omnibus.
848 609 926 674 In
973 607 1137 674 libro
1185 607 1490 674 Vaticano
1527 613 1624 673 est
1662 607 1945 692 ἔχοντες,
1990 615 2056 672 et
2098 607 2224 672 duo
2249 605 2497 672 codices
2524 606 2724 668 mino-

319 719 420 782 ris
463 718 778 781 momenti
824 715 911 780 Ps
958 736 1103 780 cum
1155 715 1252 781 ed.
1303 713 1537 780 Aldina
1584 715 1923 798 exhibent,
1968 713 2135 798 quod
2170 711 2547 778 Eustathius
2573 729 2729 795 quo·

323 842 456 908 que
517 820 678 908 legit
733 821 814 886 ad
879 819 994 885 Od.
1054 842 1116 906 p.
1171 818 1344 885 1856
1393 819 1785 901 ἔχοντας,
1842 841 2001 906 quae
2050 819 2241 884 lectio
2288 818 2476 884 hodie
2525 815 2726 904 vulgo

321 933 586 1012 recepta
623 933 737 993 est.
787 926 956 1004 Cum
997 933 1212 992 tamen
1258 925 1438 993 nullo
1477 926 1771 1012 exemplo
1813 926 2234 992 demonstrari
2257 926 2460 1010 possit
2484 921 2725 990 Graece

321 1032 460 1100 dici
521 1032 692 1114 ἔχειν
753 1035 858 1099 ἐπί
917 1056 1031 1100 τινι
1095 1035 1381 1098 adversus
1430 1035 1687 1120 aliquem
1737 1035 1981 1098 tendere
2026 1033 2143 1119 (sic
2192 1033 2364 1097 enim
2412 1033 2725 1115 interpre-

323 1143 512 1206 tatur
573 1137 1200 1228 Schweighfiuserus)
1224 1189 1244 1224 ,
1314 1141 1711 1206 variantibus
1779 1141 2153 1225 praesertim
2218 1136 2402 1203 libris
2450 1139 2728 1222 praestat

325 1247 618 1312 conicere
678 1244 1076 1312 Herodotum
1139 1248 1458 1332 scripsisse
1513 1245 1813 1319 δοκέοντές
1865 1270 1933 1310 τε
1984 1244 2081 1310 ἐπὶ
2134 1244 2314 1326 σφίσι
2366 1243 2461 1307 {K
2484 1241 2616 1306 όντ
2635 1265 2679 1306 α
2698 1267 2727 1314 ς

323 1353 478 1424 τοὺς
543 1353 883 1431 Αἰγινήτας
947 1352 1299 1429 δεδωκέναι,
1386 1375 1505 1418 non
1567 1354 1824 1430 invitos,
1892 1352 2003 1418 sed
2066 1351 2142 1416 de
2204 1350 2540 1415 industria.
2627 1347 2729 1412 Ita

325 1458 536 1525 verba
577 1460 655 1531 ὥς
701 1497 786 1507 -
833 1459 1248 1540 ςρατεύωνται
1298 1458 1542 1526 faciunt
1582 1477 1967 1547 epexegema
2009 1456 2322 1524 formulae
2365 1454 2463 1519 ἐπὶ
2509 1453 2727 1536 σφίσι,

327 1565 622 1629 adversus
681 1589 782 1644 se,
842 1566 912 1630 in
973 1589 1143 1630 eumn
1203 1567 1494 1632 damnum.
1569 1566 1741 1632 Mihi
1790 1564 2048 1651 quidem
2095 1562 2261 1628 nihil
2308 1561 2567 1629 videtur
2612 1560 2730 1626 hac

329 1673 723 1738 correctione
771 1673 1153 1739 evidentius.

432 1881 556 1950 VI.
621 1883 708 1950 50
769 1889 928 1950 extr.
989 1883 1173 1965 εἴρετο
1231 1892 1437 1969 Κρῒον,
1503 1880 1596 1949 ὅτι
1644 1885 1694 1948 οἱ
1742 1882 1832 1959 εἴη
1886 1882 2011 1968 [τὸ]
2052 1881 2281 1960 οὕνομα
2314 1904 2327 1920 ·
2374 1881 2403 1946 ὃ
2448 1881 2511 1945 δὲ
2562 1881 2611 1946 οἱ
2660 1879 2730 1944 τὸ

335 1991 440 2055 ἐὸν
487 1987 754 2070 ἔφρασε.

441 2093 620 2162 Male
669 2097 988 2182 spernitur
1031 2095 1184 2161 libri
1228 2096 1530 2162 Vaticani
1574 2097 1767 2163 lectio
1813 2093 1904 2161 ὅτι
1953 2097 2005 2161 οἱ
2054 2094 2145 2170 εἴη
2193 2093 2443 2172 οὔνομα.
2511 2091 2728 2158 Oratio

331 2201 588 2268 directa
649 2201 713 2265 τί
774 2199 1003 2279 οὔνομά
1065 2225 1154 2267 τοι
1217 2203 1380 2280 ἐστίς
1442 2201 1672 2269 Paullo
1736 2207 1881 2267 ante
1930 2203 2289 2288 scripserim
2338 2193 2399 2272 ὃς
2452 2202 2560 2265 οὐκ
2609 2199 2732 2281 ἔφη

339 2307 544 2374 αὐτὸν
587 2307 800 2373 οὐδένα
845 2306 1203 2386 ἀπάξειν
1247 2309 1548 2390 χαίροντα
1598 2307 1972 2386 Αἰγινητέων
2022 2328 2134 2394 pro
2182 2304 2431 2383 ἄξειν.
2497 2307 2573 2372 In
2610 2304 2733 2372 fine

333 2433 500 2482 vero
547 2415 774 2500 capitis
817 2413 1109 2480 Naberus
1154 2416 1390 2480 iniuria
1429 2414 1599 2481 delet
1646 2416 1835 2480 verba
1870 2415 1945 2486 ὥς
1991 2413 2407 2490 συνοισόμενος
2463 2411 2732 2494 μεγαλῳ

335 2522 517 2601 κακῷ
539 2567 556 2597 ,
602 2540 762 2606 quae
802 2520 1078 2589 colorem
1119 2522 1356 2589 habent
1398 2525 1494 2588 ita
1537 2521 1978 2589 Herodoteum
2032 2526 2104 2587 ut
2148 2522 2481 2606 interpreti
2530 2521 2731 2588 tribui

333 2646 474 2693 non
515 2647 700 2713 posse
745 2626 1101 2695 videantur.

439 2838 548 2907 VI.
597 2838 680 2907 51
730 2840 1026 2908 Alterum
1076 2841 1466 2924 ὖποδεεςέρης
1513 2842 1729 2909 abesse
1776 2840 2021 2909 malim.

439 3052 546 3120 VL
575 3053 664 3119 52
703 3055 1223 3133 Λακεδαιμονίους
1270 3054 1334 3121 δὲ
1381 3055 1566 3127 τοὺς
1606 3053 1803 3120 τότε
1852 3054 2138 3125 ἐόντας
2178 3054 2520 3131 βουλεῦσαι
2566 3052 2734 3117 κατὰ

339 3160 530 3239 νόμον
572 3160 853 3237 βασιλέα
899 3166 1015 3226 τῶν
1062 3161 1294 3227 παίδων
1331 3161 1435 3226 τὸν
1473 3161 1887 3242 πρεσβύτερον
1926 3162 2314 3235 ποιήσασθαι.
2365 3159 2573 3225 Verba
2594 3158 2735 3229 τοὺς

339 3266 495 3335 τότε
541 3266 752 3339 ἐόντας
799 3272 935 3333 tam
981 3266 1249 3333 ridicule
1296 3268 1623 3334 abundant
1671 3268 1777 3355 (de
1823 3268 2055 3354 quibus
2104 3270 2275 3335 enim
2314 3267 2461 3333 aliis
2504 3286 2737 3353 quaeso

337 3374 506 3441 haec
567 3372 695 3438 dici
757 3377 1102 3459 potuerunt
1115 3370 1166 3459 ?)
1233 3380 1308 3439 ut
1368 3378 1727 3441 monstrum
1799 3374 1905 3441 hic
1979 3374 2066 3440 ali
2132 3373 2352 3440 nullus
2422 3372 2735 3439 dubitem.

341 3478 634 3547 Delenda
678 3498 807 3544 non
853 3500 986 3545 esse
1033 3481 1144 3546 vix
1193 3500 1352 3566 opus
1399 3486 1494 3546 est
1542 3481 1749 3547 dicere
1768 3530 1785 3565 ‚
1837 3480 1979 3567 quis
2026 3479 2197 3547 enim
2250 3479 2379 3547 tale
2424 3479 2579 3565 quid
2624 3478 2739 3545 ad-

343 3588 705 3671 scripturus
752 3583 928 3651 erat?
992 3584 1160 3666 Quid
1205 3593 1423 3652 autem
1473 3587 1717 3653 dederit
1763 3586 1854 3653 H.
1904 3586 2127 3675 colligi
2176 3588 2304 3653 fere
2343 3587 2492 3652 inde
2530 3591 2739 3671 potest

343 3692 522 3779 quod
581 3712 710 3757 non
772 3691 850 3756 de
910 3691 1426 3759 Lacedaemoniis
1471 3696 1538 3757 in
1586 3714 1816 3781 genere
1864 3695 2019 3760 haec
2070 3694 2198 3759 dici
2246 3697 2589 3779 potuerunt
2629 3691 2740 3758 sed

343 3798 434 3865 de
485 3796 635 3865 solis
699 3798 966 3884 ephoris.
1056 3798 1204 3865 Nisi
1263 3802 1467 3887 igitur
1528 3803 1746 3865 omnia
1792 3821 1896 3866 me
1944 3799 2177 3865 fallunt
2226 3803 2537 3887 scriptum
2586 3800 2739 3869 reli-

345 3911 575 3992 querat
632 3904 774 3977 τοὺς
833 3902 975 3969 τότε
1037 3906 1162 3983 <ἕν
1223 3903 1456 3990 τέλεῖ>
1516 3906 1729 3979 ἐόντας
1793 3907 2133 3984 βουλεῦσαι
2199 3908 2327 3972 κτέ.
2349 3956 2367 3991 ,
2429 3909 2498 3972 in
2545 3928 2739 3993 quam

345 4013 778 4097 suspicionem
818 4013 950 4077 iam
998 4016 1142 4077 ante
1188 4031 1292 4077 me
1339 4010 1660 4078 Steinium
1708 4011 1815 4079 cll.
1868 4011 1963 4078 III
2012 4010 2097 4077 18
2149 4016 2213 4078 et
2260 4011 2357 4079 IX
2412 4010 2541 4076 106
2582 4014 2741 4079 inci-

346 4116 524 4183 disse
567 4137 740 4183 nunc
785 4114 992 4183 laetus
1040 4118 1498 4185 animadverto.

445 4220 570 4289 sod
632 4226 833 4289 etiam
891 4224 961 4287 in
1019 4225 1176 4310 ipsis
1239 4224 1648 4309 sequentibus
1712 4224 2044 4291 turbatum
2108 4246 2243 4291 esse
2289 4224 2497 4293 video.
2568 4225 2740 4301 Quid

349 4330 530 4397 enim
591 4329 720 4395 sibi
778 4326 1006 4395 volunt
1065 4331 1259 4397 verba
1321 4329 1356 4405 ἢ
1421 4329 1526 4396 καὶ
1589 4331 1701 4411 πρὸ
1763 4332 1981 4397 τούτου
2045 4334 2115 4397 in
2174 4332 2309 4397 his:
2372 4332 2480 4397 οὐκ
2544 4330 2619 4397 ὦν
2667 4332 2739 4409 δή

351 4440 563 4517 σφεας
627 4430 797 4515 ἔχειν
846 4432 1112 4516 ὁκότερον
1163 4432 1422 4503 ἕλωνται
1469 4433 1628 4502 ὥστε
1676 4436 1782 4503 καὶ
1833 4437 2131 4516 ὁμοίων
2179 4436 2319 4503 καὶ
2368 4435 2555 4503 ἴσων
2602 4444 2740 4518 (ex-

2417 4559 2448 4606 a
