3150 5000
1327 179 1663 270 nummus.
2388 249 2391 257 .
2550 199 2684 268 22¹7

300 385 464 452 time
532 384 840 474 intellego
860 433 878 466 ‚
944 407 1056 452 cur
1101 386 1422 454 Homerus
1437 435 1452 466 ‚
1503 391 1560 455 si
1606 387 1965 455 Lucianum
2012 385 2343 455 defendere
2386 387 2575 471 nolit,
2623 391 2687 453 et

223 489 232 497 ’
299 492 440 578 ipse
498 498 827 579 propterea
889 495 974 558 sit
1022 493 1555 561 condemnandus.
1607 494 1785 561 Tunc
1831 494 2094 560 demum
2139 493 2207 559 id
2256 492 2390 559 fieri
2436 500 2687 579 oporte-

299 599 412 663 bat
429 646 446 676 ‚
517 601 573 664 si
643 618 832 664 causa
901 601 1036 666 eius
1103 605 1427 686 suscepta,
1493 603 1735 667 crimen
1799 599 2183 666 adulationis
2203 648 2219 677 ,
2271 619 2395 686 quo
2442 605 2507 665 et
2552 601 2687 684 ipse

299 705 635 770 tenebatur
650 751 668 781 ,
721 703 972 780 diluere,
1006 725 1132 771 non
1161 715 1382 790 posset.
1433 705 1657 792 Itaque
1701 705 2009 773 nonnulla
2055 706 2363 772 excidisse
2410 704 2687 771 credide-

297 811 422 876 rim
495 811 571 877 ad
641 811 758 877 hoc
825 811 959 876 fere
1021 811 1428 898 exemplum:
1497 813 1628 900 (καὶ
1694 817 1822 890 ήτοι
1873 811 2313 890 ὦποφεύξομαι
2360 815 2469 886 τὴν
2518 809 2688 885 δίκην

298 918 526 983 ἐκείνου
570 917 1126 997 ἀπολογησαμένου
1178 919 1326 999 ὑπὲρ
1373 919 1768 1005 ἀμφοτέρων)
1808 922 1841 996 ἢ
1884 920 2141 997 οὐδεμία
2164 921 2425 999 μηχανή
2452 942 2509 982 κ.
2538 941 2595 982 τ.
2622 931 2685 982 λ.

392 1023 556 1090 Ibid.
617 1023 860 1091 Iterum
924 1025 1162 1090 excidit
1215 1028 1639 1092 necessarium
1690 1025 1723 1092 ὅ
1736 1051 1765 1089 ν
1809 1028 1877 1091 in
1926 1026 2137 1091 hisce:
2188 1027 2263 1098 ὦς
2312 1025 2434 1105 οὐχ
2482 1023 2688 1088 ἱκανὸν

299 1130 353 1194 εἰ
417 1130 570 1212 μόνῃ
623 1140 699 1213 τῇ
749 1129 1084 1212 Ἀφροδίτῃ
1130 1130 1356 1196 ἐοικυῖα
1406 1130 1607 1197 ἔσται.
1657 1132 1815 1199 Post
1860 1154 2061 1218 pauca
2111 1135 2393 1221 corrige:
2444 1129 2563 1196 κᾶν
2609 1128 2687 1194 σὺ

298 1239 389 1313 μή
453 1235 699 1317 διδῷς.
771 1237 844 1302 In
909 1235 1065 1302 fine:
1131 1245 1405 1315 γυναῖκα
1452 1238 1724 1321 φαιδρὰν
1770 1241 1875 1304 καῖ
1924 1239 2252 1318 μειδιῶσαν
2299 1239 2385 1304 τὰ
2435 1237 2683 1314 πολλοὶ,

297 1338 446 1425 ὅπερ
486 1348 636 1418 θεοῖς
675 1341 946 1421 ὅμοιον
987 1343 1276 1425 ἅνθρωποι
1318 1343 1568 1424 ἔχουσι,
1608 1346 1903 1431 equidem
1944 1345 2392 1432 praetulerim:
2434 1343 2689 1423 ὁμοιό-

299 1471 570 1514 cavom

394 1554 548 1641 Gap.
617 1554 723 1622 25.
799 1555 980 1638 Quod
1049 1559 1117 1622 in
1189 1558 1466 1624 editione
1535 1579 1680 1624 mea
1742 1558 2233 1625 adnotaveram:
2288 1554 2365 1631 ὃς
2420 1556 2683 1635 ὄμματα

295 1661 414 1740 μέν
460 1669 614 1741 φησι
664 1660 1010 1750 legendum
1057 1685 1194 1730 esse
1239 1684 1352 1749 pro
1396 1665 1482 1737 ὥς
1533 1685 1701 1730 nunc
1749 1666 1937 1732 video
1982 1667 2053 1730 in
2093 1665 2145 1730 F
2187 1667 2687 1754 superscriptum

298 1789 436 1835 esse
457 1816 473 1847 ‚
521 1774 586 1834 et
633 1770 768 1835 sine
813 1790 994 1835 mora
1040 1778 1139 1836 est
1186 1771 1641 1855 recipiendum.

391 1874 551 1942 Ibid.
599 1876 702 1941 καὶ
753 1873 832 1941 αὖ
882 1876 1074 1942 ποὶλιν
1123 1877 1496 1957 βροτολοιγῷ
1530 1877 1715 1957 ”Aper
1748 1876 1997 1958 (malim
2032 1876 2251 1963 ’‘ApnY)
2275 1885 2465 1956 Φησιν
2488 1873 2690 1954 ὅμοιον

296 1977 454 2046 εἶναι
526 1982 629 2046 καὶ
694 1979 888 2048 ἄλλον
949 1980 1142 2064 ἄλλῳ.
1209 1982 1377 2058 Quia
1426 2003 1744 2068 nusquam
1793 1983 1962 2069 apud
2007 1981 2365 2049 Homerum
2412 1984 2489 2047 de
2531 1987 2685 2064 Aqu-

297 2109 596 2152 menmone
651 2087 806 2153 haec
869 2088 1312 2176 praedicantur
1379 2094 1444 2154 et
1492 2091 1603 2155 vix
1649 2089 1973 2175 probabile
2022 2088 2278 2156 videtur
2325 2085 2686 2154 Lucianum

295 2196 369 2260 in
429 2191 546 2260 tali
591 2214 659 2258 re
706 2198 839 2260 tam
887 2187 1161 2280 turpiter
1205 2215 1443 2262 errasse
1463 2243 1478 2272 ,
1529 2197 1837 2281 suspicari
1881 2194 2037 2261 licet
2083 2191 2180 2260 ἄλ
2198 2209 2237 2260 λ
2253 2220 2280 2260 o
2299 2220 2328 2260 ν
2377 2193 2482 2262 vel
2528 2192 2688 2260 ἕτε-

297 2323 421 2382 ρον
469 2305 614 2386 post
658 2301 917 2366 πάλιν
963 2322 1099 2368 esse
1147 2302 1597 2387 supplendum.

391 2405 541 2492 Cap.
594 2405 704 2473 26.
753 2409 828 2479 ὥς
876 2407 1065 2485 μηδὲν
1114 2403 1267 2473 εἶναι
1314 2409 1490 2489 μέρος
1535 2416 1649 2482 τῆς
1700 2409 1992 2484 ποιήσεως
2044 2405 2072 2474 ὃ
2120 2411 2211 2486 μή
2260 2416 2448 2480 ταῖς
2496 2408 2685 2481 θείαις

298 2511 486 2579 εἰκόσι
551 2512 1054 2593 διακεκόσμηται.
1121 2515 1451 2581 Articulus
1511 2516 1706 2583 huius
1764 2515 1891 2583 loci
1938 2537 2063 2582 non
2112 2524 2227 2582 est.
2278 2515 2535 2601 Repone
2584 2516 2685 2593 μή

299 2644 375 2686 τι
398 2644 494 2685 σι.

392 2724 545 2812 Cap.
595 2725 704 2792 29.
747 2728 915 2809 αὐτῷ
965 2751 1055 2792 σοι
1101 2729 1396 2805 μελήσει,
1447 2724 1488 2791 ὦ
1540 2727 1985 2808 Πολύστρατε,
2034 2724 2195 2800 ὅπως
2243 2726 2468 2808 ἄριστα
2519 2728 2689 2793 ὑπο-

301 2834 537 2913 κρίνῃ.
605 2832 1032 2899 Vitiosissime
1102 2854 1215 2919 pro
1289 2835 1721 2915 ὑποκρινεῒ.
1799 2831 1896 2901 Cf.
1963 2834 2121 2901 Tox.
2187 2832 2261 2903 G.
2330 2834 2451 2901 35:
2501 2835 2575 2901 σὺ
2622 2835 2685 2901 δὲ

298 2937 459 3013 ὅπως
510 2941 597 3018 μὴ
643 2940 884 3022 χείρους
935 2940 1143 3020 ἐρεῖς
1193 2940 1404 3021 αὐτῷ
1453 2963 1576 3005 σοι
1625 2944 2001 3018 μελήσει.

394 3047 661 3113 Pomm-ic.
726 3045 880 3133 Cap.
931 3046 993 3113 3.
1059 3047 1190 3112 ἄνθ’
1238 3042 1411 3125 ὅτου,
1461 3046 1671 3113 πάλαι
1719 3049 1799 3113 οὐ
1848 3047 2073 3121 θεοὺς
2122 3044 2279 3113 εἶναι
2328 3047 2688 3114 δικαιώσαν-

299 3177 404 3224 τες
470 3154 728 3231 αὐτούς,
780 3159 882 3218 νῦν
927 3152 997 3217 τὸ
1045 3152 1322 3230 ἔμπαλιν
1371 3153 1779 3227 θύσαντες
1831 3155 2042 3229 αὐτοῖς
2092 3155 2258 3228 θεοὺς
2307 3154 2688 3231 νενομίκατε.

297 3259 600 3327 Nondum
648 3280 754 3325 me
800 3261 1079 3344 poenitet
1127 3262 1518 3325 certissimae
1556 3264 1981 3337 coniecturae,
2026 3280 2215 3347 quam
2264 3258 2421 3325 olim
2447 3258 2688 3345 protuli

301 3364 575 3449 (Mnem.
623 3364 761 3431 Vol.
811 3364 894 3431 X.
942 3386 1007 3450 p.
1055 3364 1213 3451 250)
1263 3386 1375 3451 pro
1423 3366 1693 3433 absurdo
1740 3370 1819 3431 οὔ
1869 3367 2095 3439 θεούς
2148 3362 2301 3431 εἶναι
2343 3365 2687 3454 legendum

299 3490 466 3537 esse:
539 3472 871 3543 θυτέους
935 3467 1110 3537 εἶναι.
1175 3472 1298 3537 Sed
1345 3494 1426 3538 ne
1473 3476 1564 3539 sic
1612 3473 1868 3558 quidem
1918 3472 2098 3539 locus
2138 3478 2509 3558 persanatus
2555 3478 2685 3553 est;

299 3599 448 3644 nam
516 3580 710 3645 etiam
761 3579 894 3645 θύσ
917 3603 1064 3643 αντ
1086 3603 1158 3650 ες
1210 3580 1444 3645 vitium
1496 3581 1786 3664 concepit
1832 3586 1899 3645 et
1942 3586 2205 3665 apparet
2235 3600 2523 3663 praesens
2570 3578 2687 3643 θύ-

300 3709 328 3751 ο
348 3710 378 3749 ν
397 3708 436 3749 τ
453 3710 522 3758 ες
585 3687 804 3770 reponi
867 3684 1112 3751 debere.
1159 3685 1418 3751 Etenim
1467 3687 1623 3751 haec
1670 3683 1978 3751 sacrificia
2025 3692 2360 3750 etiamnunc
2406 3684 2687 3773 Scythae

299 3792 504 3858 facere
571 3789 887 3858 solebant:
958 3792 1280 3869 θύομεν,
1353 3788 1394 3855 ὦ
1458 3792 1836 3876 Μνήσιππε,
1900 3791 2199 3869 θύομεν
2258 3797 2323 3858 et
2391 3789 2541 3877 Cap.
2612 3790 2685 3857 5:

299 3898 406 3965 καὶ
457 3898 726 3965 θυσίαι
774 3896 1354 3976 προσάγονται.

387 4006 552 4071 Ibid.
625 4005 729 4080 μὴ
803 4003 1346 4083 καταπλαγέντας
1410 4003 1623 4082 μήτε
1686 4003 1825 4077 τοὺς
1892 4003 2111 4078 μύθους
2176 4006 2316 4078 τοὺς
2367 4006 2467 4070 ἐπ’
2517 4005 2685 4084 αὐτῷ

299 4112 514 4191 μήτε
577 4113 686 4187 τὴν
745 4112 1151 4191 προσηγορίαν
1205 4110 1934 4197 [καταδείσαντες]
1982 4106 2073 4176 ὅτι
2121 4109 2331 4191 ἄξενος
2382 4112 2686 4176 ἐκαλεῖτο.

301 4217 374 4283 Si
419 4217 670 4303 pulchri
717 4238 904 4285 sensu
953 4224 1205 4284 tantum
1255 4218 1486 4284 ductus
1532 4223 1597 4283 et
1643 4216 1776 4284 sola
1817 4220 2174 4284 coniectura
2210 4218 2409 4283 fretus
2445 4241 2540 4283 κα
2558 4240 2599 4280 τ
2616 4242 2688 4283 α-

301 4323 730 4397 δείσαντες
803 4325 882 4391 ab
954 4323 1160 4391 aliena
1216 4346 1412 4391 manu
1471 4323 1733 4391 illatum
1795 4346 1929 4391 esse
1992 4324 2429 4392 contenderem
2450 4373 2469 4410 ,
2518 4324 2690 4391 haud
