3150 5000
1229 283 1549 336 nonanus.
2455 263 2586 332 365

304 449 500 517 Nullo
561 471 811 540 quoque
872 455 1130 541 negotio
1190 453 1472 541 expungi
1528 455 1739 538 potest
1783 451 1987 517 forma
2027 453 2318 535 suspecta
2361 445 2586 527 τεμένη

215 573 255 623 λ
308 555 435 622 185
464 557 551 643 1):

348 663 735 744 Τηλέμσιχος
783 656 1081 745 τεμένὴ
1130 665 1383 743 viperae
1433 665 1538 732 xa)
1591 664 1813 737 δαῖς-αις
1863 663 2062 736 {ricae
2104 663 2118 746 Ι
2155 662 2458 728 Baium-ou.

213 767 325 834 Un
344 791 467 836 um
512 773 684 837 enim
723 771 973 851 τέμενος
1014 771 1395 839 Telemacho
1434 771 1707 839 sufficiet
1745 773 1986 857 opinor,
2012 776 2087 836 ut
2110 769 2588 856 Bellerophonti

217 875 287 962 (Z
331 874 512 963 194),
560 877 889 968 Meleagro
932 880 987 966 (1
1030 878 1207 965 5¹78),
1258 878 1604 965 Sarpedoni
1653 879 1751 966 (M
1792 877 1974 962 313),
2013 879 2260 943 Aeneae
2301 879 2376 964 (T
2411 875 2589 962 184),

215 981 519 1067 Iphitioni
588 986 666 1070 (T
718 983 911 1072 391),
981 985 1252 1054 Alcinoo
1313 988 1376 1072 (ζ
1422 985 1607 1073 293),
1673 993 1736 1051 et
1797 983 2178 1052 confidenter
2239 985 2444 1071 igitur
2500 985 2592 1049 sic

213 1090 487 1177 corrigo:
1941 1103 1946 1108 ’

574 1197 963 1280 Τηλέμαχος
1009 1225 1049 1264 τ
1065 1198 1095 1264 ἐ
1110 1225 1162 1277 μ
1179 1225 1208 1265 ε
1226 1224 1257 1264 ν
1272 1224 1301 1264 ο
1317 1225 1345 1274 ς
1396 1199 1672 1278 νέμεται.

213 1302 507 1369 Errorem
556 1308 831 1391 peperit,
882 1309 1133 1392 opinor,
1183 1307 1480 1373 vocabuli
1526 1308 1847 1392 sequentis
1893 1306 2181 1371 initium.

299 1409 543 1476 Eadem
589 1413 841 1479 medela
885 1414 1265 1494 Meumdus‚
1314 1419 1655 1501 praeeunte
1695 1413 1977 1480 Christio
1998 1459 2014 1492 ,
2053 1413 2415 1498 personavit
2456 1431 2594 1478 ver-

214 1537 357 1582 sum
410 1527 464 1582 O
515 1517 667 1594 444,
714 1520 828 1584 ubi
876 1520 954 1586 de
1000 1519 1243 1587 'I'eucro
1294 1521 1610 1609 legimus:

575 1623 764 1701 μάλα
814 1625 864 1692 δ’
911 1622 1040 1692 ὦκα
1087 1627 1137 1706 β
1154 1625 1345 1693 ἕλεα
1394 1627 1700 1707 Τρώεσσιν
1747 1626 1946 1710 ἐφίει,

214 1731 417 1796 immo
464 1730 747 1812 βέλος,
798 1733 968 1819 quod
1010 1754 1136 1800 non
1178 1733 1387 1800 solum
1432 1735 1858 1822 grammatica
1902 1733 2021 1799 hoo
2069 1729 2206 1798 loco
2253 1733 2457 1818 poscit
2502 1735 2598 1796 ab·

216 1857 335 1921 que
396 1837 684 1925 flagitat,
746 1839 854 1905 sed
917 1841 1115 1906 etiam
1164 1845 1493 1906 contextus
1510 1860 1526 1918 3
1578 1861 1745 1906 unus
1791 1841 1962 1904 enim
2012 1837 2224 1904 Clitus
2271 1857 2310 1903 a
2355 1836 2596 1903 Teucro

217 1941 332 2008 hac
384 1946 625 2031 sagitt-a
669 1943 1085 2033 transfigitur,
1136 1955 1200 2012 et
1246 1967 1397 2014 mox
1443 1946 1728 2036 legimus
1771 1946 1894 2032 (vs.
1944 1944 2137 2033 458):

443 2056 707 2133 Τεῦκρος
755 2053 810 2118 δ’
854 2053 1105 2120 ἄλλον
1164 2054 1423 2120 ὀϊστὸν
1471 2055 1575 2137 ἐφ’
1618 2051 1862 2135 Ἕκτορι
1909 2061 2381 2134 χκλκοκορυστῇ

445 2156 671 2225 aivva-o.

308 2376 403 2444 De
474 2380 923 2445 verborum
988 2379 1287 2446 formis
1347 2381 1817 2446 contractis
1881 2379 2067 2444 aliter
2131 2395 2350 2443 censeo
2399 2395 2593 2462 quam

221 2482 599 2565 Menradus3
672 2485 784 2552 sed
852 2486 1007 2553 haec
1072 2487 1355 2573 quaestio
1420 2489 1719 2573 quoniam
1785 2487 2002 2572 paucis
2065 2484 2279 2553 verbis
2341 2483 2599 2550 tractari

220 2594 471 2677 nequit,
522 2597 586 2658 et
632 2594 825 2678 spatii
869 2594 982 2658 vix
1029 2594 1375 2679 quidquam
1418 2595 1485 2657 in
1524 2593 1642 2658 hoc
1681 2591 1984 2658 fasciculo
2023 2610 2345 2677 superesse
2380 2594 2602 2655 monet

222 2699 661 2785 typographus
677 2746 694 2776 ,
736 2700 814 2766 de
854 2720 927 2767 ea
964 2700 1119 2785 quid
1156 2701 1323 2765 mihi
1360 2699 1773 2767 statuendum
1810 2698 2104 2766 videatur
2126 2696 2255 2763 alia
2279 2698 2600 2763 occasione

228 2822 558 2890 exponam.

291 3090 344 3155 1)
379 3090 675 3157 'I'ypothetae
709 3105 871 3140 errore
906 3091 1029 3156 opud
1068 3090 1356 3140 Menrudum
1392 3100 1425 3139 Α
1462 3090 1559 3139 183
1596 3089 1790 3154 legitur.
