3150 5000
1217 208 1686 258 macsnnmvs.
2513 187 2645 254 253

260 381 506 443 menter
551 398 700 444 eum
748 378 1112 465 inpugnans
1159 373 1685 443 documentorum
1732 375 1948 461 inopia
1992 375 2272 459 percitus
2317 372 2639 440 exclama-

258 487 357 549 uit
403 481 640 569 cecquis
660 536 677 560 ‚
727 483 1177 549 florentissime
1225 480 1488 558 Caesar,
1537 499 1765 547 nocens
1812 502 1946 546 esse
1992 483 2226 565 poterit
2275 501 2544 565 usquam
2594 485 2649 546 si

257 611 490 678 negare
555 590 828 656 sufficiet
842 588 889 654 'l’
955 596 1176 656 contra
1238 609 1432 675 quem
1492 587 1779 654 Iulianus
1841 586 2183 672 prudenter
2245 608 2311 650 m
2334 594 2523 652 otus
2572 609 2648 652 ex

257 699 541 781 tempore
580 692 837 782 cecquis’
879 700 973 762 ait
1011 693 1333 762 cinnocens
1374 717 1507 761 esse
1546 695 1779 780 poterit
1813 696 1867 758 si
1902 714 2225 760 accusasse
2249 692 2515 758 sufficiet
2531 691 2577 760 2’
2606 693 2646 723 ”

345 805 493 871 Non
559 803 865 892 intellego
916 804 1300 889 „prudenter
1338 802 1684 869 motus.”
1749 799 2047 886 Suspicor
2093 801 2404 886 scriptum
2454 801 2648 866 fuisse

257 911 644 996 „prudenter
690 910 1038 976 mutus.”
1087 909 1374 978 Iulianus
1423 930 1548 996 qua
1596 913 1733 975 erat
1778 909 2113 992 prudentia
2154 927 2279 973 non
2326 908 2649 992 respondit
2754 945 2765 956 -

253 1019 527 1084 orationi
586 1019 982 1102 impetuosae
1000 1066 1018 1101 ,
1082 1037 1208 1102 qua
1271 1015 1660 1100 Delphidius
1720 1033 1871 1080 eum
1934 1035 2269 1102 aggressus
2315 1020 2486 1098 erat,
2536 1014 2645 1080 sed

252 1126 554 1189 continuo
601 1123 849 1189 dictum
897 1127 1160 1189 acutum
1208 1123 1275 1187 in
1320 1142 1470 1188 eum
1518 1123 1811 1208 regessit.

341 1323 407 1389 2.
460 1323 567 1391 19.
617 1324 832 1404 „Inter
875 1327 1048 1411 pacis
1093 1325 1482 1391 conditiones
1527 1325 1596 1388 id
1646 1323 1679 1388 f
1687 1343 1722 1388 e
1738 1325 1913 1388 stin
1929 1325 2071 1388 atu
2091 1342 2158 1386 m
2210 1325 2309 1387 est
2353 1324 2639 1388 maxime

251 1437 326 1498 ut
371 1435 663 1518 captiuos
709 1433 1116 1498 restituerent
1161 1451 1381 1497 omnes
1404 1450 1560 1516 quos
1582 1434 1923 1516 rapuerant
1946 1429 2318 1494 excursibus
2342 1428 2642 1494 crebris.”

339 1537 470 1605 Pro
516 1539 881 1605 festinat
900 1557 1029 1604 um
1075 1540 1212 1604 sine
1258 1537 1451 1604 dubio
1491 1535 1897 1602 scribendum
1936 1536 2059 1602 erit
2095 1535 2643 1600 destinatum.

341 1755 406 1823 3.
455 1755 518 1823 6.
571 1757 768 1836 „Erat
815 1765 1032 1826 autem
1077 1757 1379 1824 Barbatio
1428 1804 1446 1822 .
1475 1805 1491 1821 .
1521 1808 1537 1824 .
1588 1779 1663 1824 ea
1705 1778 1772 1822 re
1811 1754 2039 1822 multis
2078 1775 2305 1822 exosus
2339 1755 2508 1841 quod
2547 1760 2641 1833 et,

248 1862 402 1930 dum
455 1863 836 1931 domesticos
883 1871 1264 1950 protectores
1310 1864 1428 1930 sub
1477 1861 1667 1930 Gallo
1717 1867 1965 1952 regeret
2011 1860 2277 1930 Caesare
2292 1912 2311 1942 ‚
2360 1861 2644 1948 proditor

249 1977 384 2035 erat
447 1977 514 2035 et
577 1967 853 2056 perfidus
919 1976 984 2036 et
1029 1977 1171 2057 post
1219 1973 1357 2037 eius
1401 1991 1728 2036 excessum
1777 1969 2105 2036 nobilioris
2152 1969 2427 2036 militiae
2473 1971 2641 2036 fastu

250 2073 462 2142 elatus
506 2079 574 2141 in
621 2077 950 2142 Iulianum
997 2078 1227 2144 itidem
1277 2075 1611 2144 Gaesarem
1661 2079 1898 2162 paria
1944 2074 2399 2163 confingebat.”

339 2182 510 2264 Quia
565 2205 660 2269 pa
679 2187 747 2250 ri
765 2205 804 2250 a
859 2205 984 2250 non
1031 2185 1224 2250 habet
1267 2184 1338 2248 in
1382 2184 1903 2270 praecedentibus
1950 2183 2031 2250 ad
2078 2182 2247 2269 quod
2294 2183 2638 2262 referatur,

249 2292 530 2378 corrigas
575 2289 778 2356 uelim
827 2293 1094 2356 uaria.

263 2561 274 2574 ,
341 2500 402 2567 3.
461 2502 520 2567 7.
574 2500 751 2579 „Sub
799 2504 1082 2589 Augusti
1130 2500 1370 2590 patulis
1418 2505 1681 2570 auribus
1730 2503 1941 2569 multa
1985 2504 2309 2590 garriebat
2331 2510 2397 2569 et
2420 2526 2641 2583 saeua,

248 2609 552 2694 ignorans
601 2608 879 2695 profecto
927 2630 970 2674 u
991 2630 1024 2674 e
1044 2616 1071 2674 t
1088 2629 1130 2673 u
1151 2630 1182 2674 s
1227 2609 1595 2675 Aristotelis
1643 2611 1892 2695 sapiens
1939 2609 2231 2675 dictum”
2279 2616 2429 2677 cett.

339 2710 606 2802 Corrige
645 2720 823 2793 „uet
840 2717 1010 2780 eris
1033 2714 1456 2783 Aristotelis.”
1478 2714 1558 2779 cf.
1590 2714 1651 2779 4.
1679 2714 1721 2779 4
1738 2740 1760 2778 .-
1788 2721 2114 2793 „ueterem
2139 2714 2645 2782 Domitianum.”

341 2934 404 2999 5.
456 2933 518 3001 5.
592 2934 826 3011 „Stetit
893 2938 1205 3001 sententia
1262 2939 1338 3000 ut
1383 2934 1765 3001 Sabinianus
1812 2936 2101 3000 uietus
2147 2935 2405 3019 quidem
2450 2957 2640 3002 senex

250 3042 312 3101 et
355 3041 516 3107 bene
563 3047 940 3106 nummatus
988 3041 1095 3107 sed
1145 3040 1402 3107 inbellis
1439 3047 1505 3107 et
1541 3044 1821 3129 ignauus
1863 3088 1881 3107 .
1908 3092 1923 3109 .
1952 3090 1967 3104 .
2012 3040 2467 3127 praeficiendus
2491 3044 2640 3109 Eois

251 3148 538 3226 partibus
587 3147 1017 3212 mitteretur.”

339 3250 650 3336 Displicet
696 3255 1017 3331 uictus,
1067 3256 1218 3338 quia
1263 3256 1574 3319 sententia
1620 3255 2026 3321 aduersatiua
2078 3254 2225 3331 „sed
2273 3254 2529 3319 inbellis
2577 3262 2641 3321 et

248 3356 601 3441 ignauus”‚
667 3379 828 3443 quae
873 3360 1420 3444 reprehensionem
1471 3360 1788 3436 continet,
1844 3362 1911 3425 in
1958 3360 2477 3445 praecedentibus
2524 3360 2637 3427 ad-

249 3462 556 3529 iectiuum
607 3465 905 3550 requirit,
953 3485 1077 3551 quo
1124 3469 1334 3531 uirtus
1379 3465 1719 3531 indicatur.
1782 3466 2157 3554 Legendum
2202 3468 2409 3553 igitur
2453 3468 2636 3534 uide-

251 3572 354 3633 tur
397 3576 775 3659 uegetus.
827 3609 909 3619 -
958 3572 1037 3636 In
1084 3571 1235 3638 Vat.
1285 3578 1384 3640 est
1429 3574 1737 3639 uictus.

341 3780 400 3848 6.
451 3782 510 3848 6.
565 3783 791 3864 „Quod
834 3784 978 3851 ideo
1023 3786 1388 3851 struebatur
1435 3790 1544 3863 ut,
1594 3786 1650 3850 si
1695 3786 1951 3851 fortuna
1986 3788 2240 3872 sequior
2262 3790 2632 3875 ingruisset,

253 3881 574 3957 Vrsicinus
620 3912 765 3957 reus
807 3891 1197 3977 proditor
1240 3894 1332 3958 rei
1379 3892 1673 3977 publicae
1722 3892 2135 3958 deferretur.”

340 3992 545 4062 Immo
594 4017 782 4073 „reus
827 3997 1222 4082 proditae
1265 4000 1361 4062 rei
1407 3998 1763 4084 publicae.''

342 4188 401 4255 6.
455 4192 556 4259 16.
623 4190 833 4271 „Cum
884 4194 964 4260 ad
1007 4213 1415 4260 nemorosum
1465 4194 1783 4279 quendam
1831 4194 2047 4261 locum
2099 4244 2115 4261 .
2142 4244 2200 4260 ..
2255 4196 2631 4263 Meiacarire

259 4300 504 4364 nomine
566 4302 948 4365 uenissimus
967 4348 984 4379 ‚
1047 4302 1153 4365 cui
1200 4300 1405 4385 fontes
1452 4301 1679 4367 dedere
1725 4301 2111 4368 uocabulum
2157 4301 2410 4390 gelidi,
2460 4301 2629 4388 lap-
