3150 5000
1159 269 1588 318 mmmm.
2442 251 2573 318 333
2689 287 2699 302 ι

178 437 348 513 cies,
422 435 529 502 sed
592 458 775 499 unum
834 455 1037 522 genus
1057 481 1075 513 ‚
1136 433 1300 519 quod
1364 457 1509 497 rure
1568 434 1998 518 quaerendum
2062 439 2158 499 est
2207 436 2568 504 cuiusmodi

176 542 400 606 fuerit.
464 541 589 616 Qui
652 546 800 606 sunt
860 541 1103 606 reditus
1166 541 1291 604 ἀπὸ
1355 537 1516 618 γῆςῖ
1587 538 1832 603 Vinum
1897 546 2028 624 est,
2091 541 2332 626 opinor,
2381 541 2574 623 ficus,

173 647 433 712 oleum:
483 649 629 713 vide
678 655 741 712 et
786 648 945 714 alios
992 655 1056 711 et
1100 645 1868 734 Mullero-Striibingium
1911 649 1977 710 in
2019 646 2183 712 libro
2223 649 2299 713 de
2336 651 2575 717 Aristo-

172 751 391 840 phan'e
438 777 501 840 p.
554 753 701 819 153.
754 755 1080 821 Poterisne
1127 753 1399 819 adiicere
1446 759 1746 838 quartum
1796 774 2024 841 genua,
2079 755 2244 839 quod
2275 738 2390 820 ⁸est
2439 761 2574 842 qui-

174 860 328 925 dam
405 862 527 925 ὄιπὸ
590 871 749 939 γῆς,
816 861 924 925 sed
986 866 1201 925 tamen
1260 859 1384 924 alio
1432 859 1659 942 modo,
1710 861 1802 922 ita
1848 866 1921 924 ut
1967 881 2041 924 ea
2086 883 2184 926 res
2232 863 2463 928 diserte
2513 873 2576 930 et

173 966 564 1051 specialiter,
628 974 701 1031 ut
764 967 953 1032 hodie
1014 966 1359 1051 loquimur,
1422 968 1704 1050 potuerit
1769 969 2139 1048 memorari,
2206 989 2352 1032 cum
2401 991 2577 1054 prae-

174 1076 405 1137 sertim
468 1081 724 1158 propter
784 1074 1089 1138 eximiam
1150 1074 1606 1157 praestantiam
1672 1072 1868 1159 digna
1925 1082 2118 1157 esset,
2185 1096 2344 1159 quae
2393 1079 2576 1143 iuxta

172 1178 395 1244 oleum
459 1182 625 1244 inter
670 1181 1163 1265 pretiosissimos
1206 1183 1549 1263 proventus
1597 1199 1898 1264 agrorum
1939 1181 2398 1246 recenseretur?
2447 1188 2574 1269 Ap-

170 1287 752 1371 propinquantibus
796 1286 1085 1351 hostibus
1130 1305 1322 1370 pecus
1371 1286 1437 1348 in
1487 1283 1812 1350 Euboeam
1839 1289 2397 1370 transportabatur‚
2426 1291 2572 1356 vide

172 1389 471 1478 Thucyd.
522 1391 603 1456 II.
659 1393 762 1457 14.
812 1391 979 1472 Quid
1027 1391 1231 1478 igitur
1278 1390 1484 1456 solum
1536 1387 1777 1456 restat?
1823 1389 1951 1456 Sed
1996 1396 2128 1456 iam
2167 1397 2364 1459 nimis
2405 1397 2572 1461 mul-

172 1507 275 1573 ta,
344 1519 499 1562 nam
566 1501 677 1583 qui
737 1499 893 1563 haec
954 1497 1212 1584 legent,
1276 1501 1407 1561 iam
1471 1498 1598 1580 ipsi
1659 1498 1942 1562 incident
2003 1501 2065 1562 in
2116 1503 2570 1587 cogitationem

173 1605 377 1667 mellis
425 1605 815 1670 mentionem
865 1601 1002 1668 fieri
1052 1603 1363 1669 debuisse.
1414 1601 1618 1668 Mella
1671 1597 2009 1689 Hymettia
2056 1609 2213 1670 satis
2261 1607 2574 1674 celebrata

172 1717 326 1774 sunt
390 1717 456 1776 et
508 1711 668 1776 belli
726 1717 1009 1795 tempore
1030 1759 1045 1788 ,
1111 1710 1293 1776 credo
1316 1757 1331 1788 ‚
1398 1712 1605 1774 carius
1669 1711 1991 1776 venibant.
2063 1711 2235 1777 Hinc
2281 1714 2574 1802 intellige

173 1813 461 1904 Trygaei
504 1817 698 1881 verba
742 1818 809 1882 in
858 1816 1023 1882 Pace
1072 1837 1162 1882 vs.
1212 1815 1381 1882 253:

548 1919 755 2001 οὗτος,
805 1929 1079 2004 παραινῶ
1128 1947 1219 1987 σοι
1267 1923 1477 1998 μέλιτι
1530 1922 1948 2012 χρῆσθάτέρῳ.

542 2029 926 2108 τετρωβόλου
976 2029 1144 2093 τοῦτ’
1197 2027 1325 2096 ἔςι·
1375 2029 1666 2110 φείδου
1714 2031 2141 2097 τάττικοῦ.

176 2134 421 2214 Quodsi
486 2141 702 2200 autem
750 2137 910 2202 forte
955 2135 1209 2200 dubitas
1258 2157 1338 2200 an
1386 2135 1518 2200 mel
1566 2143 1973 2221 exportatum
2017 2137 2245 2216 fuerit,
2297 2141 2574 2218 conferre

177 2244 416 2324 poteris
488 2241 823 2306 Machonis
892 2243 1335 2306 testimonium
1409 2242 1581 2326 apud
1649 2243 1878 2308 Athen.
1955 2243 2104 2310 XII.
2177 2269 2233 2331 p.
2307 2247 2438 2335 532
2500 2249 2572 2315 F.

175 2347 483 2413 Provenit
528 2344 745 2412 antem
797 2347 1049 2424 oleum,
1093 2350 1385 2431 provenit
1423 2350 1681 2424 vinum,
1726 2351 2017 2434 provenit
2057 2349 2214 2417 ficus
2251 2354 2378 2417 ἀπὸ
2418 2364 2574 2433 γῆς·

178 2453 499 2519 undenam
567 2461 781 2519 autem
840 2451 1013 2519 mel?
1062 2453 1351 2519 Dixerim
1401 2455 1527 2520 ἀπὸ
1577 2455 1877 2534 κηρίων.
1933 2454 2079 2523 'Oc’
2127 2460 2251 2526 ἀπὸ
2299 2468 2418 2538 γῆς
2470 2463 2574 2528 καὶ

182 2560 389 2639 κηρίων
438 2560 785 2646 probabilis
833 2566 1000 2625 certe
1047 2563 1359 2645 scriptura
1405 2568 1520 2626 est.
1572 2561 1934 2629 Alcibiades
1981 2564 2212 2632 diserte
2259 2568 2388 2633 mel
2438 2592 2575 2636 me-

179 2670 493 2745 moravit,
554 2670 745 2732 sicuti
808 2667 996 2731 hodie
1059 2670 1126 2730 in
1190 2689 1316 2731 non
1379 2667 1680 2733 dissimili
1745 2677 2124 2755 argumento
2174 2674 2576 2741 Amst-eloda-

178 2792 429 2838 menses
472 2773 549 2838 de
590 2774 883 2838 saccharo
920 2772 1349 2859 loquerentur.
1399 2774 1614 2838 Etiam
1657 2778 1825 2860 apud
1859 2774 2372 2845 Cantacuzenum
2397 2780 2575 2848 locus

181 2885 273 2942 est
343 2864 461 2944 'ubi
506 2880 679 2945 idem
730 2879 1118 2945 vocabulum
1168 2882 1395 2964 periit:
1443 2879 1689 2968 legitur
1737 2880 1851 2949 III.
1902 2880 1987 2947 49
2038 2906 2098 2971 p.
2150 2884 2302 2949 293.
2348 2886 2422 2951 6:
2466 2888 2575 2965 με’-

181 2997 345 3057 λιτος
412 2986 539 3067 γὰρ
589 2986 1029 3066 ἐμφορούμενοι
1080 2987 1185 3049 καὶ
1236 2988 1513 3071 κρεῷν,
1561 2983 1636 3051 ὦν
1689 2990 1724 3063 ἦ
1770 2989 1946 3069 χώρα
1997 2992 2250 3065 μάλιςα
2299 2996 2575 3074 εὐπορεῖ,

185 3087 317 3155 εἶτα
388 3093 832 3170 ἀποθλίβοντες
896 3094 1000 3157 καὶ
1067 3097 1370 3172 ςαφυλοὶς
1435 3094 1539 3157 καὶ
1588 3099 1695 3159 τοῦ
1744 3097 2129 3175 ἀπορρέοντος
2179 3102 2410 3165 αὐτίκα
2461 3102 2575 3179 ε’μ-

184 3199 536 3275 Φορούμενοι
561 3249 577 3275 ,
621 3200 705 3271 εἰς
750 3202 1043 3275 πυρετοὺς
1086 3200 1404 3264 ἐνέπιπτον
1447 3200 1551 3264 καὶ
1593 3200 1830 3279 Φθόας,
1871 3204 1982 3267 ubi
2021 3204 2248 3270 itidem
2292 3209 2577 3286 κηρίων

184 3300 617 3387 reponendum,
659 3312 771 3369 est.
824 3304 1060 3370 Scribit
1106 3308 1319 3371 Aristo
1368 3304 1534 3372 Ceus
1582 3308 1750 3392 apud
1798 3308 2196 3375 ‘Athenaeum
2246 3311 2326 3377 II.
2378 3310 2462 3377 38
2501 3315 2574 3393 F,

188 3408 252 3469 τὸ
300 3410 679 3487 καλούμενον
728 3412 949 3491 νέκταρ
998 3411 1493 3493 κατασκευάζειν
1542 3414 1715 3484 τινας
1756 3414 1890 3493 περὶ
1932 3417 2031 3480 τὸν
2074 3416 2308 3487 Λυδίας
2329 3421 2575 3499 ’Ὀλυμ-

191 3538 325 3593 πον,
391 3514 538 3583 οἶνον
601 3518 705 3581 καὶ
771 3520 949 3597 κηρία
1012 3520 1462 3599 συγκιρνάντας
1530 3521 1588 3591 ἐς
1651 3521 1860 3585 ταῦτα
1927 3522 2030 3586 καὶ
2089 3523 2174 3587 τὰ
2223 3531 2340 3588 τῶν
2387 3528 2574 3591 ὧνθῶν
2641 3588 2646 3596 ,

190 3621 389 3697 εὐώδη.
439 3624 656 3690 Multa
694 3630 1033 3709 supersunt
1076 3628 1142 3689 in
1186 3622 1608 3691 Cantacuzeni
1647 3627 1831 3692 libris
1869 3634 2226 3713 portentose
2251 3643 2577 3718 corrupta,

192 3745 343 3810 quae
404 3752 591 3797 nemo
656 3737 837 3795 curat
884 3732 1243 3797 emendare.
1296 3733 1478 3797 Ὀδοῦ
1530 3732 1834 3813 πάρεργον
1881 3737 2006 3799 tria
2052 3736 2576 3822 exemplaxdabo.

191 3828 455 3920 Legitur
500 3836 577 3901 II.
634 3835 671 3901 7
722 3858 783 3921 p.
838 3834 991 3901 353.
1042 3836 1167 3901 21:
1218 3838 1324 3902 καὶ
1374 3839 1476 3902 τὸν
1512 3838 1826 3915 βασιλέως
1862 3837 2047 3903 ἵππον
2087 3841 2356 3923 ἔτρωσαν
2397 3848 2578 3924 τραύ-

193 3960 340 4009 μασι
403 3943 517 4019 μὲν
584 3944 866 4021 καιρίοις,
920 3943 1274 4017 ἐπέσησε
1326 3944 1387 4009 δὲ
1437 3942 1569 4009 ὅσον
1620 3945 1997 4023 ἀπαλλάξαι
2044 3955 2160 4013 τῶν
2209 3950 2570 4031 βαρβαρων.

194 4040 391 4112 Vertit
434 4052 779 4133 interpres:
834 4049 931 4115 Ita
977 4056 1194 4115 tamen
1241 4053 1453 4115 cecidit
1504 4060 1577 4118 ut
1625 4074 1735 4117 rex
1782 4074 1816 4118 e
1857 4054 2140 4121 barbaris
2179 4078 2246 4121 se
2285 4062 2572 4143 eriperet.

196 4145 669 4220 Emendandum
741 4164 873 4241 est,
946 4160 1045 4223 uti
1113 4158 1328 4241 vides,
1396 4159 1782 4240 ἐπέζησε,
1843 4180 2044 4247 neque
2107 4163 2457 4248 Imperator
2503 4167 2572 4230 τὸ

199 4267 395 4322 πεσεῖν
457 4266 669 4347 potuit
731 4262 1047 4349 appellare
1096 4272 1386 4337 πεσῆσαι.
1436 4265 1708 4353 Legitur
1753 4266 1833 4331 II.
1891 4267 1974 4332 lO
2019 4292 2080 4353 p.
2133 4270 2285 4336 370.
2335 4271 2458 4334 22:
2511 4275 2572 4337 ἐν

198 4371 314 4433 Τοῖς
362 4372 567 4440 αὐτοῖς
617 4369 677 4432 δὲ
730 4368 923 4433 ἔτεσιν
966 4372 1150 4435 αὐτὸς
1196 4372 1517 4448 περιεποίει
1560 4396 1630 4435 τε
1669 4374 1779 4448 την
1821 4380 1995 4445 νῆσον
2033 4374 2325 4458 (Chium)
2369 4378 2566 4456 ἑαυτῷ
