3150 5000
513 311 600 378 52
1577 328 1823 380 monac.

506 519 618 581 per
663 518 730 562 se
776 496 1048 583 populus
1092 497 1409 563 interfecit
1455 502 1566 564 aut
1619 499 1805 563 eiecit
1858 495 2273 582 tyrannum”.
2344 493 2491 561 Non
2537 499 2635 561 est
2670 495 2905 580 triper-

505 605 629 669 tita
675 606 876 670 oratio
921 603 1003 688 (si
1050 606 1390 688 optimatem
1437 611 1927 688 oppresserunt,
1974 605 2074 669 sin
2120 623 2233 688 per
2278 622 2345 667 se
2384 600 2657 687 populus
2690 603 2909 666 inter-

506 709 685 782 fecit,
740 712 834 774 sin
887 710 1135 794 quando
1176 713 1314 796 regi
1355 713 1488 774 vim
1535 708 1821 792 attulit),
1866 709 1973 773 sed
2016 707 2200 773 alteri
2224 709 2637 793 oppositionis
2663 709 2909 792 prioris

507 816 795 881 membro
843 815 970 900 („si
1011 837 1121 900 per
1168 837 1234 880 se
1278 816 1552 900 populus
1599 814 1987 897 interfecit’',
2038 813 2206 888 rell.)
2246 833 2487 880 novum
2526 816 2905 898 oppositum

506 922 898 1010 adiungitur.
984 920 1280 988 Ceterum
1349 923 1404 985 εἰ
1467 923 1795 1005 aliquando
1853 923 2065 1005 posuit
2128 918 2262 986 Cic.
2310 919 2430 985 off.
2482 919 2535 984 Ι.
2590 918 2721 983 139
2771 939 2907 984 non

505 1029 770 1094 notabili
818 1029 1216 1104 discrimine,
1281 1028 1337 1092 ei
1383 1029 1621 1113 quando
1669 1027 1747 1092 de
1794 1047 1973 1093 more
2020 1047 2211 1110 supra
2260 1024 2345 1090 69
2398 1026 2491 1103 „si
2540 1023 2795 1110 quando
2842 1027 2911 1090 si

503 1135 663 1202 forte
731 1135 850 1200 tibi
913 1136 1088 1200 visus
1145 1153 1212 1198 es
1281 1137 1467 1198 irasci
1537 1132 1789 1210 alicui'',
1854 1134 1964 1199 ubi
2038 1139 2205 1198 reete
2266 1153 2415 1197 cum
2486 1130 2911 1196 Steinackero

505 1243 560 1305 εἰ
613 1243 784 1327 forte
832 1243 1073 1305 eiciunt
1119 1239 1436 1324 plerique3
1486 1236 1869 1305 Greuzerum
1895 1285 1910 1315 ‚
1960 1237 2323 1320 Moserum,
2374 1235 2447 1302 O.
2496 1235 2905 1302 Muellerum

503 1353 559 1411 εἰ
585 1348 760 1434 forte
798 1345 1200 1410 defendentes
1237 1366 1361 1411 non
1402 1365 1733 1430 assequor,
1779 1365 2049 1429 quorum
2091 1343 2195 1408 illi
2232 1343 2561 1425 loquacem
2604 1339 2901 1434 aliquam

508 1454 975 1520 humanitatem
1036 1454 1102 1517 in
1159 1451 1260 1518 his
1306 1453 1711 1529 detexerunt,
1764 1451 2118 1516 Muellerus
2166 1450 2629 1514 dubitationem
2650 1495 2666 1523 ,
2735 1468 2911 1533 quae

509 1580 632 1625 non
681 1579 918 1646 magna
963 1560 1049 1622 sit
1095 1559 1164 1621 in
1207 1563 1262 1622 ei
1305 1559 1540 1642 quando
1557 1605 1574 1633 ,
1625 1557 2089 1624 corroboratam
2139 1576 2272 1621 esse
2318 1559 2505 1642 putat
2547 1553 2665 1618 illo
2712 1553 2911 1618 addi-

505 1671 808 1732 tamento.
879 1663 1402 1729 Demonstratum
1453 1673 1550 1730 est
1596 1684 1785 1748 supra
1823 1664 2409 1747 interpretamentis
2448 1681 2570 1724 non
2610 1658 2909 1724 liberum

509 1791 642 1838 esse
689 1771 1064 1836 Bobiensem
1111 1775 1398 1835 nostrum
1420 1816 1436 1846 ‚
1485 1771 1719 1853 quibus
1764 1769 1884 1834 hoc
1934 1789 2181 1854 quoque
2229 1766 2739 1833 adscribendum.

598 1877 674 1942 In
736 1875 875 1942 loco
928 1876 1006 1941 de
1053 1896 1176 1960 quo
1223 1876 1415 1942 modo
1459 1876 1727 1962 agebam
1782 1874 2239 1952 „deterrimum
2288 1894 2493 1960 genus
2541 1872 2649 1938 sed
2698 1871 2911 1939 finiti-

509 2004 690 2048 mum
755 1981 1034 2068 optimo''
1091 1981 1234 2067 (65)
1291 1981 1496 2048 haesit
1543 2000 1789 2066 quoque
1844 1979 2236 2063 Muellerus,
2286 1984 2467 2045 acute
2514 1980 2909 2062 conficiens,

510 2095 783 2172 optimum
839 2111 1026 2172 yeme
1087 2089 1212 2154 huc
1272 2087 1583 2174 migrasse
1640 2107 1675 2150 e
1738 2088 2057 2170 superiore
2118 2107 2339 2161 versu,
2418 2085 2529 2148 ubi
2578 2087 2909 2170 scriptum

510 2195 733 2260 fuerit:
803 2215 992 2271 „cum
1056 2214 1166 2259 rex
1225 2193 1504 2261 iniustus
1563 2212 1696 2258 esse
1756 2195 1999 2276 coepit,
2061 2195 2229 2275 perit
2276 2189 2439 2256 illud
2489 2189 2639 2255 ilico
2687 2211 2909 2278 genus

493 2300 830 2383 finitimum
891 2298 1160 2382 optimo”‚
1215 2300 1534 2383 optimum
1588 2300 1758 2362 enim
1808 2319 1941 2363 esse
1986 2319 2189 2383 genus
2236 2300 2514 2362 mixtum
2565 2319 2599 2360 e
2648 2298 2909 2376 tribus,

511 2406 679 2491 quod
741 2413 1036 2490 appareat
1091 2426 1168 2471 ex
1233 2404 1357 2470 50:
1419 2411 1629 2480 „recte
1690 2405 1975 2487 quaeris,
2052 2404 2206 2488 quid
2268 2403 2551 2467 maxime
2600 2423 2633 2467 e
2683 2403 2911 2468 tribus

510 2512 864 2599 (probem),
912 2514 1209 2598 quoniam
1253 2532 1468 2577 eorum
1509 2512 1763 2577 nullum
1802 2514 2015 2596 ipsum
2057 2532 2169 2595 per
2204 2532 2273 2575 se
2312 2511 2651 2594 separatim
2698 2512 2909 2593 (recte

509 2618 762 2697 Muell.,
811 2618 1010 2706 vulgo
1061 2657 1132 2668 —
1193 2619 1338 2704 tum)
1388 2619 1619 2703 probo.
1673 2623 2107 2702 anteponoque
2150 2616 2425 2704 singulis
2470 2615 2670 2699 illud,
2722 2618 2905 2703 quod

510 2725 848 2791 conflatum
914 2726 1108 2790 fuerit
1167 2745 1244 2791 ex
1291 2723 1655 2790 omnibus”.
1726 2723 2037 2807 Equidem
2088 2725 2177 2787 sic
2222 2724 2594 2787 statuerim:
2642 2721 2899 2807 Scipio,

508 2834 564 2897 si
623 2852 721 2896 res
776 2833 915 2915 ipsa
975 2831 1067 2913 (in
1130 2831 1474 2905 abstract0‚
1543 2836 1619 2895 ut
1672 2830 1881 2909 aiunt)
1930 2835 2251 2913 spectatur
2293 2827 2457 2892 nihil
2506 2828 2907 2911 praeclarius

507 2939 755 3003 invenit
815 2957 1006 3021 quam
1069 2956 1284 3021 regem
1308 2985 1325 3019 ,
1387 2936 1489 3001 dei
1535 2936 1777 2999 summi
1825 2936 2175 3021 imaginem
2198 2981 2213 3008 ,
2265 2936 2613 3017 perfectum
2661 2932 2905 3020 illum,

507 3045 807 3127 quoniam
856 3048 1071 3106 tamen
1119 3044 1176 3105 is
1221 3061 1438 3126 reapse
1485 3062 1609 3105 non
1661 3041 2015 3115 invenitur,
2060 3041 2341 3103 mixtum
2380 3058 2587 3126 genus
2626 3041 2905 3124 probat,

510 3166 637 3212 non
699 3168 898 3211 unum
962 3146 1284 3230 quodque,
1349 3146 1458 3211 sed
1520 3144 1709 3231 quale
1770 3144 1975 3211 Roma
2030 3144 2302 3211 habebat
2352 3146 2457 3224 (cf.
2504 3142 2663 3208 liber
2706 3144 2780 3209 ΙΙ
2832 3154 2909 3212 et

508 3252 675 3317 infra
723 3251 855 3337 ¹70).
927 3251 1133 3338 Regia
1179 3251 1380 3317 forma
1417 3253 1753 3339 regiminis
1794 3250 2151 3338 tyrannidi,
2192 3256 2414 3335 utpote
2450 3251 2901 3332 monarchiae,

509 3354 786 3422 finitima
833 3362 948 3422 est.

605 3565 713 3633 67.
779 3564 981 3635 Canes
1031 3571 1222 3635 etiam
1271 3574 1334 3633 et
1381 3570 1565 3653 equi,
1614 3568 1794 3635 aselli
1842 3569 2111 3653 denique
2157 3567 2345 3635 liberi
2390 3571 2480 3635 sic
2524 3572 2861 3640 incurrant
2882 3623 2899 3652 ‚

512 3679 587 3738 ut
632 3675 714 3737 iis
762 3672 840 3739 de
885 3674 993 3739 via
1040 3673 1464 3739 decedendum
1515 3673 1665 3739 sit”.
2034 3756 2039 3760 .

603 3776 904 3865 Coi-rige:
955 3780 1203 3855 „liberis
1249 3783 1338 3845 sic
1382 3778 1768 3845 incurrunt'’.
1811 3778 1979 3845 Plat.
2022 3778 2182 3865 Rep.
2219 3780 2401 3846 VIII.
2444 3780 2595 3845 563.
2624 3780 2697 3865 G,
2723 3785 2905 3852 unde

514 3886 667 3951 haee
727 3904 1019 3969 expressa
1080 3891 1262 3961 sunt,
1323 3888 1492 3950 κατὰ
1539 3886 1658 3957 τὰς
1708 3886 1874 3959 ὁδοὺς
1924 3886 2357 3963 ἐμβάλλοντες
2411 3889 2495 3969 τῷ
2544 3888 2643 3952 ἀεὶ
2690 3890 2905 3955 ἀπαιν-

515 3997 730 4074 vem-1,
795 3991 902 4055 ἐὰν
966 3992 1054 4067 μὴ
1111 3991 1450 4067 ἐξίστηται.
1498 4030 1585 4041 -
1636 3992 1815 4071 Quod
1862 3995 1931 4057 in
1980 3992 2195 4058 codice
2240 4000 2337 4059 est
2382 4015 2495 4079 pro
2540 3995 2721 4059 liberi
2768 4002 2901 4063 cic:

511 4114 975 4162 mnnmtsm'rslo
1037 4100 1285 4167 exstitit
1345 4120 1380 4164 e
1443 4101 1826 4164 correctione
1893 4116 2001 4163 mr
2068 4100 2113 4165 i.
2140 4120 2195 4163 e.
2260 4104 2419 4164 inter
2482 4100 2686 4166 alieno
2755 4100 2904 4171 loco

515 4206 790 4285 inserta3
833 4202 1042 4269 voluit
1088 4205 1256 4267 enim
1307 4211 1619 4271 corrector
1665 4202 1997 4289 archetypi
2044 4225 2155 4289 pro
2204 4205 2557 4271 incurrant:
2598 4211 2905 4271 intercur-

516 4316 693 4392 rant,
757 4308 924 4393 quod
983 4328 1180 4395 aeque
1236 4316 1406 4375 recte
1467 4309 1711 4375 dictum
1770 4316 1937 4375 esset
1996 4310 2107 4376 sed
2150 4330 2275 4376 non
2320 4312 2653 4397 respondet
2699 4316 2902 4383 verbo

515 4412 866 4483 Platonico.
