3150 5000
1338 322 1756 377 morumne.
2684 308 2728 379 3

350 488 489 556 fieri
556 498 765 579 potest
830 498 906 559 ut
973 498 1041 561 in
1108 498 1339 561 nostris
1408 494 1592 562 libris
1653 503 1794 581 post
1858 503 2188 561 παλαιΑΝ
2235 496 2539 561 exciderit
2587 505 2726 563 AH.

446 706 734 796 Thucyd.
778 708 851 775 V.
905 710 962 774 1.
1028 707 1079 773 οἱ
1141 708 1255 785 μὲν
1319 710 1533 785 Δήλιοι
1596 708 2081 790 ’Λτραμύττειον
2143 706 2460 791 Φαρνάκου
2525 708 2726 782 δόντος

358 815 631 900 [αὐτοῖς]
662 852 742 864 -·
770 812 1027 898 ᾤκησαν.
1080 814 1481 883 Eiiciendum
1521 823 1618 883 est
1656 816 1887 883 inutile
1926 836 2304 903 pronomen,
2345 815 2513 901 quod
2542 835 2728 881 nemo

352 923 423 985 in
468 942 543 987 ea
586 921 903 989 locutione
952 922 1194 989 adiicit.

444 1131 729 1221 Thucyd.
781 1132 856 1199 V.
905 1133 967 1202 2.
1017 1133 1081 1199 2.
1147 1134 1569 1200 κατέπλευσεν
1633 1136 1694 1209 ές
1748 1136 1850 1199 τὸν
1895 1134 2287 1217 Κολοφωνίων
2332 1134 2558 1214 λιμένα
2606 1142 2723 1201 τῶν

349 1241 722 1319 Τορωναίων.
770 1240 1161 1307 Felicissime
1206 1241 1523 1330 Pluygers
1562 1244 1845 1307 restituit
1883 1245 1940 1314 ἐς
1981 1240 2083 1305 τὸν
2125 1250 2434 1307 ΚΩΦΟΝ
2475 1241 2723 1321 λιμένα.

348 1346 449 1410 Ex
510 1346 949 1413 huiuscemodi
1010 1350 1189 1413 vitiis
1249 1352 1571 1414 aestimari
1636 1354 1840 1435 potest
1904 1369 2094 1434 quam
2147 1350 2235 1415 sit
2285 1348 2528 1414 Punice
2575 1347 2728 1415 fides

346 1450 680 1517 librorum.
749 1452 823 1519 In
887 1458 1141 1521 vetusto
1204 1452 1465 1532 Codice,
1528 1455 1696 1521 unde
1758 1458 1956 1521 nostri
2009 1476 2227 1521 omnes
2273 1462 2728 1535 manaverunt,

348 1558 554 1623 scriba
602 1580 798 1643 quum
845 1580 965 1625 non
1013 1560 1402 1649 intelligeret
1450 1568 2288 1627 ΤΟΝΚΩΦΟΝΛΙΜΕΝΛ
2339 1561 2536 1628 stulte
2582 1584 2728 1649 sup-

346 1668 564 1751 posuit
607 1669 1021 1747 Κολοφωνίων.

441 1776 517 1835 '0
569 1770 771 1851 κωφὸς
821 1774 1009 1851 λιμὴν
1055 1780 1170 1838 τῶν
1220 1773 1568 1854 Τορωναίων
1609 1779 1798 1840 notus
1836 1780 1932 1841 est
1969 1776 2149 1841 nobis
2187 1796 2222 1841 e
2255 1772 2563 1841 Strabone
2588 1772 2722 1840 VH.

348 1876 583 1965 fragm.
634 1877 758 1957 32,
818 1885 881 1945 et
942 1900 1020 1946 ex
1071 1881 1401 1967 proverbio
1448 1881 1616 1966 apud
1663 1880 1822 1947 alios
1867 1888 1931 1947 et
1977 1880 2320 1948 Photium:
2369 1880 2726 1964 Κωφότερος

346 1990 457 2050 τοῦ
515 1987 860 2067 Τορωναίων
925 1986 1204 2064 λιμένοςε
1269 1988 1401 2069 περὶ
1466 1984 1738 2066 Τορώνην
1801 1995 1912 2061 τῆς
1979 1987 2225 2072 Θρᾴκης
2291 1988 2588 2054 καλεῖται’
2632 2012 2727 2061 τις

352 2094 571 2171 Κωφός
618 2093 822 2172 λιμήν.
874 2092 970 2158 Ex
1020 2093 1414 2180 Thucydidis
1458 2094 1596 2160 loco
1643 2094 2010 2182 colligimus
2059 2094 2348 2160 Toronen
2395 2096 2555 2161 duos
2591 2115 2728 2181 por-

350 2206 459 2266 tus
519 2201 847 2279 habuisse,
908 2200 1181 2267 alterum
1247 2202 1389 2265 urbi
1453 2204 1777 2278 iunctum,
1845 2200 2118 2267 alterum
2167 2202 2345 2267 brevi
2391 2200 2728 2267 intervallo

348 2308 431 2374 ab
492 2308 649 2372 urbe
712 2308 1071 2373 seiunctum
1136 2308 1463 2387 ἀπέχοντα
1527 2310 1594 2373 οὐ
1658 2309 1815 2374 πολὺ
1883 2314 1991 2381 τῆς
2044 2307 2298 2378 πόλεως.
2372 2300 2728 2373 Dirim'ebat

350 2418 697 2498 utrumque
760 2420 1015 2500 portum
1080 2416 1585 2498 promontorium
1649 2418 1716 2480 in
1771 2435 1944 2480 mere
1991 2434 2377 2500 procurrens.
2427 2411 2524 2479 cf.
2569 2415 2722 2479 Nov.

357 2521 538 2586 Lecti.
587 2543 732 2610 pag.
784 2519 937 2586 381.
1006 2522 1176 2586 Audi
1232 2543 1397 2586 nunc
1444 2521 1924 2609 Thucydidem:
1971 2521 2176 2588 Κλέων
2226 2559 2308 2571 --
2359 2521 2726 2599 ἐξέπλευσεν

298 2665 307 2682 ·
362 2663 445 2674 —
487 2624 640 2708 ἔχων
684 2666 766 2676 -
810 2631 956 2699 ναῦς
1004 2627 1328 2706 τριάκοντα
1376 2629 1596 2693 καὶ-
1633 2627 2056 2693 κατέπλευσεν
2106 2629 2165 2700 ές
2214 2628 2316 2692 τὸν
2364 2630 2582 2710 Κωφὸν
2627 2643 2727 2694 λι-

352 2732 515 2810 μένα
576 2739 693 2798 τῶν
755 2735 1103 2812 Τορωναίων
1156 2734 1481 2814 ἀπέχοντα
1530 2736 1595 2798 οὐ
1645 2734 1804 2798 πολὺ
1851 2743 1962 2807 τῆς
2011 2731 2264 2806 πόλεως.
2316 2734 2382 2798 ἔκ
2428 2733 2484 2798 δ’
2533 2735 2726 2800 αὐτοῦ

352 2877 437 2890 --
466 2845 613 2914 ναῦς
662 2841 1050 2920 περιέπεμψε
1101 2842 1247 2906 δέκα
1298 2841 1358 2913 ές
1405 2841 1507 2906 τὸν
1553 2841 1780 2918 λιμένα
1829 2849 2168 2920 περιπλεῖν.
2241 2837 2436 2906 Cleon
2493 2839 2569 2905 de
2613 2843 2726 2905 tri-

348 2950 533 3034 ginta
576 2950 848 3014 navibus
893 2969 1050 3034 quas
1092 2948 1365 3012 habebat
1406 2945 1556 3012 δέκα
1599 2947 2020 3025 περιέπεμψεν
2061 2949 2126 3012 ἐκ
2170 2951 2272 3012 τοῦ
2301 2951 2521 3027 Κωφοῦ
2547 2945 2725 3024 λιμέ·

352 3075 482 3132 νος,
532 3056 597 3118 αἱ
644 3055 707 3118 δὲ
756 3054 1237 3135 περικαμψασαι
1284 3055 1394 3128 τὴν
1439 3053 1635 3133 ἄκραν
1684 3053 1743 3125 ές
1793 3053 1895 3117 τὸν
1943 3055 2290 3133 Τορωναίων
2331 3052 2558 3129 λιμένα
2599 3053 2726 3119 έσέ·

350 3173 651 3225 πλευσαν.
713 3169 728 3184 “

440 3265 597 3346 Quis
660 3267 871 3332 credat
933 3265 1373 3354 Thucydidem
1436 3265 1570 3331 illis
1623 3269 1841 3332 statim
1893 3267 2048 3333 haec
2095 3266 2442 3332 addidisse:
2494 3266 2595 3332 καὶ
2646 3269 2724 3341 ὥς

349 3371 673 3452 ἐβιάζοντο
734 3373 837 3438 καὶ
904 3373 971 3438 αἱ
1036 3381 1167 3444 νῆες
1231 3369 1371 3449 ἅμα
1438 3371 1792 3455 περιέπλεον
1859 3375 1956 3459 [αἱ
2018 3375 2076 3446 ές
2137 3372 2240 3438 τὸν
2285 3373 2510 3451 λιμένα
2557 3396 2725 3454 περι-

346 3475 814 3564 πεμφόεῖσαιΓῖ
862 3499 995 3566 cap.
1046 3478 1107 3544 3.
1160 3479 1220 3544 l.

440 3691 731 3780 Thucyd.
780 3691 854 3757 V.
906 3691 967 3758 2.
1020 3690 1080 3758 3.
1152 3689 1347 3758 Cleon
1406 3693 1618 3774 ἐχώρει
1677 3694 1738 3765 ές
1802 3695 1910 3768 τὴν
1975 3692 2171 3758 πόλιν.
2243 3691 2440 3758 Recte
2487 3693 2724 3760 dicitur

344 3819 483 3884 cap.
538 3797 598 3866 3.
654 3798 709 3862 1.
776 3797 851 3864 de
914 3797 1291 3877 Pasitelida‚
1357 3802 1466 3885 qui
1530 3802 1755 3866 urbem
1810 3799 2212 3866 defendebat:
2264 3798 2457 3879 δρόμῳ
2505 3801 2716 3882 ἐχώρει

342 3908 409 3978 ἐς
455 3907 565 3979 τὴν
612 3905 823 3984 πόλιν,
873 3905 980 3971 sed
1028 3903 1223 3974 Cleon
1270 3906 1497 3972 infesto
1542 3909 1826 3972 exercitu
1871 3907 2081 3988 ἐχώρει
2123 3905 2281 3972 ἘΓΗ
2321 3908 2430 3981 τὴν
2471 3904 2671 3973 πόλιν.

434 4115 726 4204 Thucyd.
771 4114 846 4182 V.
896 4116 956 4181 2.
1010 4116 1072 4182 3.
1132 4115 1481 4195 αἰσθόμενοι,Ι
1531 4118 1637 4182 ὑπ’
1685 4115 2042 4193 αὐτομόλων
2086 4114 2178 4182 ὅτι
2225 4117 2364 4184 οὔτε
2411 4119 2714 4198 Βρασίδας

348 4223 409 4286 έν
432 4232 509 4304 τῇ
558 4225 792 4306 Τορώνῃ
836 4223 973 4289 οὔτε
1022 4223 1072 4288 οί
1122 4223 1347 4295 ἐνόντες
1400 4221 1740 4303 ἀξιόμαχοι
1785 4217 1925 4290 εἷεν.
1975 4223 2064 4289 Ut
2088 4223 2404 4291 Graecum
2443 4224 2718 4292 colorem

348 4325 577 4394 hebeat
620 4332 819 4396 oratio
864 4328 1043 4418 lege:
1093 4329 1153 4394 ἐν
1200 4339 1275 4412 τῇ
1324 4331 1557 4414 Τορώνῃ
1611 4339 1746 4395 ΕΙΗ
1795 4336 1859 4396 et
1903 4351 2164 4417 sequens
2204 4326 2323 4396 εἶεν
2362 4353 2672 4422 expung-e.

406 4994 411 4997 .
446 4994 453 4997 .
482 4984 551 4997 ι,
576 4970 895 4997 —ssm—
