3150 5000
2472 256 2602 341 113

220 480 296 528 ex
339 460 712 549 Thucydide
757 460 1042 529 vidimus
1088 458 1440 549 significari
1458 508 1475 540 ‚
1515 460 1694 529 locus
1732 462 1839 527 hic
1878 465 2090 527 noster
2123 459 2466 527 Andocidis
2490 479 2598 545 op·

220 571 372 635 time
420 568 708 655 quadrat.

303 676 770 742 Kirchhovium
836 677 1253 741 meminimus
1275 726 1292 749 ‚
1360 678 1510 761 quia
1572 674 1759 762 plura
1824 696 2094 761 expensa
2142 696 2275 741 esse
2318 675 2600 741 indicare

213 783 420 848 credat.
466 781 909 870 Thucydidem
931 832 948 861 ‚
998 802 1192 868 quam
1239 782 1371 863 ἱεροὶ
1420 782 1733 864 χρήματα
1755 830 1773 861 ,
1828 803 1988 868 quae
2039 786 2417 868 consumpta
2466 804 2599 848 esse

214 910 288 956 ex
333 889 572 956 tabulis
617 889 1001 978 logistarum
1051 889 1478 974 comperimus
1498 937 1514 967 ‚
1569 890 1941 957 contendere
1968 890 2328 956 adservasse
2359 892 2608 976 praeter

216 997 366 1064 haec
429 997 568 1069 τοὺς
618 998 856 1074 ταμίας
907 1002 1024 1062 τῶν
1071 998 1235 1077 ἱερῶν
1285 997 1629 1077 χρημάτων
1680 998 1981 1083 pecunias
2027 988 2276 1083 quoque
2315 994 2606 1083 publicas

214 1105 532 1189 profanae,
580 1104 890 1185 χρήματα
939 1102 1226 1181 δημόσια.
1301 1102 1469 1170 Oum
1517 1106 1724 1191 igitur
1770 1104 1937 1169 illud
1986 1124 2023 1170 a
2070 1103 2447 1192 Thucydide
2486 1106 2607 1168 mi·

213 1212 385 1277 nime
445 1211 798 1278 viderimus
858 1212 1159 1287 indicari,
1211 1210 1409 1277 simul
1453 1211 1610 1277 haec
1658 1232 1905 1297 quoque
1954 1214 2164 1277 omnis
2211 1210 2463 1277 sublata
2512 1216 2609 1275 est

211 1319 624 1403 pecuniarum
684 1317 1092 1403 profanarum
1149 1316 1551 1406 significatio.
1618 1316 1743 1383 Sed
1783 1319 2076 1385 universe
2122 1318 2413 1384 dubitare
2461 1338 2607 1402 pos-

213 1444 470 1503 sumus,
536 1447 690 1490 num
757 1426 986 1502 ταμίαι
1035 1424 1170 1503 illi,
1231 1424 1776 1512 quemadmodum
1824 1426 2199 1493 dicebantur
2244 1427 2411 1505 ἱερῶν
2457 1446 2606 1505 χρη-

210 1530 458 1616 μάτων,
524 1532 874 1616 quidquam
938 1538 1186 1617 praeter
1247 1532 1404 1597 haec
1475 1532 2006 1597 administrarint.
2086 1531 2305 1597 Unum
2376 1536 2603 1608 restat,

209 1658 319 1702 cur
379 1659 485 1705 eos
551 1638 816 1716 δημόσια
884 1658 1133 1724 quoque
1201 1637 1679 1704 administrasse
1734 1638 2103 1719 credamus,
2158 1638 2605 1704 testimonium

209 1743 371 1812 illud
421 1744 659 1811 Suidae
710 1748 799 1831 (et
844 1743 1065 1810 Photii
1101 1745 1219 1810 sub
1245 1764 1399 1810 voce
1422 1744 1705 1828 ταμίαι),
1749 1744 1917 1830 quod
1956 1746 2088 1809 iam
2116 1746 2345 1810 citavit
2369 1742 2607 1810 Boeck-

211 1850 356 1917 hius
401 1851 578 1938 (Oec.
617 1851 756 1919 Pol.
798 1853 868 1932 Ι,
907 1850 1106 1938 221),
1154 1850 1589 1936 hisceffiverbis
1639 1859 2049 1936 conceptum:
2101 1852 2329 1929 ταμίαι
2382 1850 2607 1933 ἄρχον-

212 1956 312 2030 τές
373 1960 528 2025 εἷο-ιν
591 1959 878 2034 Ἀθήνησι
947 1958 1238 2039 κληρωτοὶ
1302 1958 1428 2023 οὶπὸ
1490 1966 1608 2023 τῶν
1656 1958 2370 2040 πεντακοσιομεδίμνων,
2421 1950 2473 2023 οἳ
2521 1959 2606 2023 τοὶ
2674 2042 2681 2049 ·

213 2064 271 2129 ἐν
316 2068 402 2148 τῷ
452 2067 584 2146 ἱερῷ
634 2074 745 2140 τῆς
794 2065 1056 2140 Ἀθηνᾶς
1107 2064 1167 2129 ἐν
1215 2064 1540 2146 ἀκροπόλει
1584 2067 1893 2147 χρήματα
1934 2065 2067 2145 ἱερά,
2110 2065 2312 2129 τεκαὶ
2339 2064 2606 2142 δημόσια

213 2170 666 2250 Φυλοὶττουσιν,
707 2173 883 2237 ἀλλὰ
920 2172 1024 2236 καὶ
1053 2174 1206 2237 αὐτὸ
1232 2172 1301 2236 τὸ
1326 2170 1613 2251 ἄγαλμα
1638 2182 1749 2247 τῆς
1774 2175 2037 2247 Ἀθηνᾶς
2066 2170 2276 2256 (Suid.
2305 2172 2424 2236 sub
2448 2191 2605 2237 voce

209 2278 498 2364 ταμίαι),
549 2264 1124 2345 cuius'testimonii
1165 2284 1386 2344 auctor
1427 2278 1622 2345 fuisse
1658 2278 1914 2345 videtur
1940 2278 2337 2345 Aristoteles.
2388 2277 2601 2343 Phile-

207 2404 351 2450 mon
399 2391 621 2451 tamen
670 2390 734 2449 et
776 2383 1242 2469 Harpocration
1294 2384 1585 2472 (uterque
1627 2385 1747 2450 sub
1790 2405 1943 2451 voce
1984 2385 2265 2469 ταμίαι),
2294 2386 2405 2471 qui
2431 2384 2605 2448 Aris·

203 2490 464 2558 totelem
529 2489 635 2557 vel
687 2493 1066 2558 nominatim
1117 2493 1352 2570 citant,
1421 2513 1569 2560 cum
1621 2490 1976 2578 quibusque
2025 2493 2321 2580 congruit
2366 2487 2605 2556 Pollux

205 2595 436 2681 (VIII,
490 2593 642 2684 79),
709 2603 980 2664 utuntur
1045 2595 1325 2684 simplici
1374 2599 1565 2666 verbo
1614 2598 1701 2663 τὰ
1745 2599 2075 2678 χρήματα.
2143 2597 2270 2664 Sed
2318 2596 2603 2662 multum

202 2703 527 2789 imprimis
583 2710 800 2770 contra
847 2703 1062 2783 valet,
1112 2704 1278 2790 quod
1327 2706 1692 2790 psephisma
1740 2704 1906 2770 illud
1954 2702 2053 2792 (Ο.
2106 2705 2153 2770 1.
2205 2706 2280 2770 A.
2332 2704 2403 2782 Ι,
2454 2701 2602 2790 32),

206 2827 324 2893 quo
373 2810 454 2876 de
502 2815 641 2876 tota
686 2810 1236 2876 administratione
1283 2813 1700 2896 pecuniarum
1749 2812 1817 2875 in
1864 2829 2005 2876 arce
2053 2813 2495 2895 constituitur,
2527 2810 2635 2874 de·

205 2919 492 2998 pecuniis
535 2917 858 2994 δημοσίαις
907 2916 1092 3002 plane
1141 2917 1309 2982 silet.
1356 2916 1527 2982 Nam
1566 2916 1741 2983 haud
1781 2923 1949 2982 recte
1988 2915 2426 2983 Kirchhovius
2449 2917 2521 2994 (1.
2550 2937 2601 2981 c.

206 3041 266 3105 p.
315 3021 429 3110 33)
501 3024 697 3090 verba
759 3026 896 3090 eius
945 3024 1012 3088 ἐκ
1061 3023 1122 3088 δὲ
1172 3025 1291 3090 τῶν
1337 3023 1534 3106 Φόρων
1584 3024 1978 3089 κατατιθέναι
2030 3024 2203 3089 κατὰ
2252 3023 2353 3088 τὸν
2402 3025 2602 3087 ἐνιαυ-

207 3128 307 3192 τὸν
354 3131 442 3194 τοὶ
495 3129 794 3196 ἑκάστοτε
845 3129 1149 3209 γενόμενα
1201 3131 1374 3211 παρὰ.
1423 3139 1549 3204 τοῖς
1601 3131 1893 3208 ταμίαισι
1942 3138 2057 3197 τῶν
2106 3138 2216 3204 τῆς
2270 3129 2601 3204 Ἀθηναίας

205 3235 342 3308 τοὺς
410 3237 917 3316 Ἑλληνοταμίας
979 3237 1076 3324 (Β.
1120 3260 1182 3305 v.
1245 3236 1538 3325 19—20)
1604 3242 1694 3303 sic
1744 3239 2057 3325 explicat,
2107 3245 2181 3303 ut
2226 3236 2602 3304 Hellenota-

204 3343 364 3410 mias
422 3343 755 3432 intelligat
816 3344 1114 3429 pecunias
1175 3345 1466 3430 publicas
1514 3345 1808 3430 profanas
1855 3346 2219 3431 deposuisse
2268 3344 2436 3430 apud
2482 3369 2602 3408 τα-

203 3449 350 3524 μίας
401 3453 471 3516 in
523 3451 1037 3532 παρακαταθήκη.
1115 3451 1232 3516 Est
1275 3453 1449 3517 enim
1499 3452 1897 3517 κατατιθέναι
1945 3450 2136 3540 longe
2186 3451 2512 3517 diversum
2564 3472 2601 3517 a

205 3557 815 3638 παρακατατιθέναι;
863 3557 1025 3623 illud
1072 3561 1183 3623 est‘
1216 3559 1456 3623 tradere
1487 3559 1818 3644 pecunias,
1877 3559 2135 3634 solvere,
2185 3559 2304 3624 hoc
2353 3561 2591 3624 tradere

200 3663 426 3744 alicui,
491 3665 652 3751 quod
701 3665 988 3730 adservet.
1040 3663 1222 3745 Quod
1263 3672 1479 3730 autem
1535 3668 1606 3730 ἐκ
1646 3667 1763 3729 τῶν
1808 3665 2007 3746 Φόρων
2052 3665 2387 3744 γίγνεται,
2434 3667 2601 3732 nihil

197 3766 372 3836 aliud
413 3777 514 3837 est
539 3772 668 3836 nisi
691 3774 821 3848 μνᾶ
847 3770 965 3836 illa
989 3770 1115 3836 ἀπὸ
1142 3769 1459 3836 ταλάντου
1481 3821 1499 3856 ,
1527 3791 1688 3858 quae
1716 3771 2063 3836 debebatur
2088 3770 2256 3837 Deae
2273 3821 2291 3846 ‚
2316 3792 2602 3858 quaeque

196 3874 550 3942 simillimis
593 3879 802 3943 verbis
852 3877 1090 3942 dicitur
1135 3880 1202 3942 in
1253 3877 1502 3943 decreto
1550 3878 1629 3943 de
1674 3877 2075 3943 Methonaeis
2100 3874 2271 3963 (0.1.
2300 3882 2372 3944 A.
2403 3878 2459 3958 I,
2490 3878 2599 3958 40,

197 3997 256 4044 V.
297 3979 371 4061 7,
415 3980 512 4068 8).
564 3979 774 4064 ὅσοντῇ
838 3984 946 4064 θεῷ
992 3982 1117 4047 ἀπὸ
1159 3987 1264 4047 τοῦ
1307 3983 1496 4066 φόρου
1541 3983 1847 4061 ἐγίγνετο.
1924 3982 2232 4064 Quocirca
2268 3985 2449 4050 iubet
2491 4006 2603 4051 no·

200 4091 404 4152 strum
447 4088 848 4174 psephisma,
888 4095 964 4153 ut
1001 4089 1168 4175 quod
1193 4110 1308 4175 per
1330 4111 1568 4156 annum
1598 4090 1795 4175 (κατὰ
1820 4089 1923 4154 τὸν
1949 4090 2242 4176 ἐνιαυτόν)
2294 4093 2598 4176 cuiusque

195 4194 478 4260 civitatis
529 4197 847 4261 tributum
894 4195 1146 4275 redeat,
1177 4233 1261 4245 —
1287 4217 1440 4262 nam
1486 4217 1613 4262 non
1660 4217 1787 4264 uno
1836 4203 2071 4282 puncto
2112 4197 2417 4282 temporis
2458 4217 2593 4263 om-

195 4301 302 4367 nia
348 4303 596 4368 tributa
640 4302 839 4369 simul
885 4303 1149 4370 rediisse
1193 4303 1623 4393 intelligitur,
1655 4341 1739 4353 —
1765 4325 1843 4370 ex
1868 4304 1987 4370 hoc
2012 4303 2365 4370 identidem
2389 4304 2599 4391 (ἑκάσ-

199 4409 366 4494 τοτε)
429 4407 746 4492 solvatur‚
809 4410 981 4498 qnod
1037 4409 1208 4478 Deae
1270 4411 1538 4478 debetur
1557 4458 1574 4493 ,
1640 4433 1719 4478 ex
1784 4412 1906 4478 hoc
1966 4411 2208 4478 tributo
2273 4410 2601 4490 γίγνεται.

2278 4533 2309 4580 s
