3150 5000
1121 197 1127 204 ⁵
1172 241 1602 290 ravennius.
2443 224 2574 290 425

192 409 305 493 qui
356 410 581 472 notum
627 406 840 472 locum
884 408 976 470 ita
1025 405 1341 472 edendum
1387 407 1676 472 curavit:
1726 405 1974 478 ἧπίς-ουν
2027 439 2108 453 ——
2160 408 2246 482 μὴ
2294 404 2448 471 οὕτω
2496 432 2577 487 γε

199 511 416 592 ἄγαν
474 512 745 578 πασσυδὶ
810 513 1203 596 διεφθάρθαι·
1267 513 1430 576 hanc
1494 513 1667 576 enim
1718 532 1850 578 esse
1898 511 2236 578 lectionem
2284 511 2576 579 Vaticani

196 619 469 703 codicis,
516 623 620 685 cui
665 623 733 685 in
779 620 897 685 hoc
944 619 1177 685 ultimo
1225 617 1389 684 libro
1436 619 1794 703 plurimum
1842 622 2237 684 auctoritatis
2291 623 2573 687 tribuen-

195 726 351 790 dum
403 729 517 805 sit,
569 748 716 792 cum
757 725 989 812 reliqui
1029 726 1299 791 habeant
1339 721 1489 790 οὕτω
1536 749 1616 802 γε
1656 723 1730 790 ἂν
1775 725 2066 810 πασσυδί.
2115 725 2579 794 Herwerdenus

196 839 419 898 autem
489 836 708 898 omisit
776 833 1055 898 conferre
1126 832 1353 897 Mnem.
1420 831 1507 896 X.
1575 829 1684 914 93,
1749 833 1861 896 ubi
1929 829 2206 899 Gobetus
2267 834 2342 900 de
2408 835 2579 900 Aelii

196 939 490 1026 Dionysii
554 940 958 1005 adnotatione
1028 959 1188 1024 quae
1259 938 1427 1023 apud
1494 937 1803 1003 Photium
1873 948 2192 1024 superest:
2269 940 2576 1006 πασσυδί·

197 1047 519 1119 παντελῶς
591 1048 619 1112 ὅ
695 1047 1095 1121 Θουκυδίδης·
1158 1046 1246 1122 μὴ
1309 1041 1463 1109 οὕτω
1524 1069 1596 1108 τε
1654 1045 1920 1109 πασσυδὶ
1985 1046 2381 1128 διεφθάρθαι·
2434 1046 2579 1130 ὅπερ

196 1153 617 1232 οὶγνοῆσαντές
679 1179 836 1225 τινες
901 1153 1214 1235 γράφουσι
1278 1147 1574 1216 πασσυδί.
1647 1149 1963 1238 Suspicor,
2011 1154 2220 1240 inquit
2268 1152 2578 1234 Cobetus‚

196 1259 457 1325 Aelium
521 1260 904 1346 Dionysium
965 1260 1227 1344 probare
1285 1258 1559 1324 formam
1625 1258 1898 1323 πασσυδί
1944 1264 2008 1323 et
2053 1262 2309 1326 reiicere
2355 1261 2582 1349 vulga-

198 1373 331 1431 tam
377 1365 689 1432 librorum
738 1367 1118 1451 scripturam
1169 1365 1451 1431 πανσυδί.
1503 1362 1630 1429 Sed
1678 1362 1841 1428 nihil
1888 1363 2132 1449 liquido
2180 1365 2429 1433 definiri
2469 1373 2582 1432 aut

200 1472 617 1538 demonstrari
673 1477 883 1559 potest
930 1479 996 1536 et
1041 1491 1266 1556 parum
1316 1471 1543 1554 refert,
1595 1471 1745 1554 quia
1793 1469 1870 1535 de
1917 1471 2211 1537 vocabuli
2259 1472 2580 1561 significa-

198 1582 367 1644 tione
412 1579 594 1646 nulla
638 1599 773 1644 esse
815 1583 1024 1663 potest
1069 1578 1401 1642 dubitatio.
1454 1576 1556 1641 Ita
1603 1573 1912 1655 Gobetus3
1965 1577 2075 1642 sed
2120 1579 2282 1644 mihi
2330 1580 2579 1647 diversa

198 1683 399 1750 forma
438 1685 635 1750 fuisse
674 1685 951 1762 videtur,
990 1704 1184 1768 quam
1224 1682 1448 1748 Aelius
1488 1681 1834 1769 Dionysius
1875 1684 2298 1770 improbavit,
2349 1707 2579 1772 nempe

199 1792 503 1873 πασσυρί,
542 1791 709 1878 quod
746 1789 1131 1859 vocabulum
1168 1812 1291 1857 non
1330 1790 1556 1877 effugit
1582 1789 1868 1856 Pollucis
1891 1793 2437 1878 reprehensionem
2463 1795 2576 1860 IX.

203 1897 349 1962 143.
411 1897 539 1964 Sed
584 1898 881 1965 videmus
925 1897 1090 1962 illud
1135 1895 1307 1976 ἄγαν
1353 1918 1479 1962 non
1524 1896 1764 1963 lectum
1813 1897 2007 1964 fuisse
2057 1901 2125 1964 in
2171 1904 2581 1987 grammatici

202 2005 409 2071 codice
429 2056 447 2090 ,
513 2005 737 2071 deinde
800 2003 984 2070 facile
1047 2004 1447 2070 concedimus
1509 2000 1778 2082 CobetO,
1843 2002 2016 2082 ἄγαν
2064 2009 2335 2072 πασσυδί
2378 2011 2582 2073 risum

200 2133 491 2191 movere,
542 2112 708 2198 quod
755 2110 1023 2176 ridicule
1071 2110 1317 2176 dictum
1356 2113 1442 2175 sit
1481 2119 1544 2175 et
1585 2109 1829 2196 liquido
1870 2131 2207 2196 possumus
2231 2115 2575 2200 affirmare,

200 2239 319 2284 non
382 2221 595 2305 magis
654 2218 811 2283 illud
882 2216 1053 2295 ἄγαν
1116 2216 1357 2283 lectum
1406 2219 1602 2282 fuisse
1649 2221 1715 2282 in
1765 2216 2160 2306 Thucydidis
2207 2221 2409 2308 libro,
2456 2243 2579 2309 quo

202 2321 318 2390 Dio
384 2323 641 2390 Cassius
694 2345 847 2388 usus
895 2329 1025 2409 est,
1076 2344 1225 2388 nam
1274 2323 1489 2390 locum
1536 2325 1816 2388 terdecies
1862 2327 2156 2391 imitatus
2201 2335 2332 2412 est,
2382 2350 2582 2414 neque

202 2450 507 2517 umquam
548 2430 893 2495 absurdum
930 2428 1095 2494 illud
1135 2428 1305 2509 ἄγαν
1348 2430 1704 2516 adscripsit.
1751 2429 1922 2496 Hinc
1959 2432 2279 2498 concludit
2303 2431 2579 2503 Cobetus

204 2558 413 2603 veram
480 2559 612 2605 esse
672 2540 993 2623 scriptoris
1054 2557 1350 2602 manum:
1404 2540 1493 2615 μὴ
1542 2536 1692 2602 οὕτω
1740 2562 1820 2615 γε
1869 2541 2138 2605 πασσυδὶ
2189 2540 2576 2629 διεφθάρθαι,

206 2645 366 2729 quod
426 2644 741 2731 particula
804 2643 879 2709 ἂν
944 2643 1113 2731 apud
1173 2644 1559 2731 Dionysium
1619 2644 1846 2709 itidem
1908 2646 2108 2725 desit,
2159 2670 2365 2735 neque
2412 2649 2585 2716 ullus

208 2754 457 2818 omnino
524 2753 583 2817 ei
628 2750 804 2817 locus
850 2754 953 2816 sit.
1004 2750 1251 2816 Verum
1301 2754 1624 2817 enimvero
1673 2751 1750 2816 de
1794 2752 1912 2818 hoc
1958 2762 2276 2838 postremo
2323 2757 2581 2822 dubito:

208 2858 444 2922 contuli
490 2860 663 2923 enim
710 2856 791 2922 H.
842 2858 1010 2922 102:
1056 2856 1247 2923 ἐδόκει
1294 2858 1511 2929 ἱκανῶς
1562 2854 1639 2922 ἂν
1689 2861 2035 2939 κεχῶσθαι,
2088 2859 2163 2927 V.
2213 2860 2338 2927 46:
2387 2865 2580 2928 εἰπεῖν

209 2958 326 3042 ὅτι,
372 2966 425 3029 εἶ
476 2965 798 3043 ἐβούλοντο
844 2965 1097 3049 ἀδικεῖν,
1140 2964 1247 3039 ἤδη
1290 2962 1365 3028 ἂν
1405 2965 1720 3044 Ἀργείους
1764 2964 2142 3048 ξυμμάχους
2173 2973 2577 3050 πεποιῆσθαι,

208 3067 370 3135 VIII.
424 3069 503 3137 2:
555 3068 1036 3150 διαλογιζόμενοι
1086 3070 1361 3135 κινδύνων
1410 3070 1834 3153 ἀπηλλάχθαι
1885 3073 1960 3137 ἂν
2008 3076 2078 3139 τὸ
2121 3076 2330 3142 λοιπόν
2369 3082 2434 3141 et
2477 3079 2579 3143 his

208 3172 356 3241 locis
422 3177 734 3261 laudatis,
796 3178 1012 3243 locum
1076 3178 1152 3243 de
1213 3198 1337 3264 quo
1400 3180 1657 3265 agimus
1702 3178 1796 3243 nil
1844 3178 2004 3244 mali
2047 3184 2404 3268 suspicatus
2451 3184 2579 3250 Do-

210 3279 426 3349 braeus
490 3286 823 3370 exscripsit
884 3284 1151 3350 Advers.
1202 3284 1231 3348 1
1281 3306 1341 3369 p.
1396 3282 1546 3349 108.
1596 3288 1735 3351 Aut
1783 3284 1967 3351 fallor
2013 3295 2124 3352 aut
2170 3310 2396 3355 verum
2447 3298 2579 3356 est:

214 3390 293 3463 μὴ
352 3388 504 3456 οὕτω
567 3415 648 3469 γε
693 3390 786 3455 ἂν
832 3391 1099 3456 πασσυδὶ
1151 3389 1509 3471 διεφθάρθαι
1559 3396 1938 3477 tantumque
1984 3394 2062 3459 de
2113 3394 2408 3461 Vaticani
2457 3395 2580 3464 Co-

215 3491 365 3560 dicis
424 3499 799 3562 auctoritate
858 3497 1213 3563 detractum
1262 3518 1394 3562 esse
1440 3497 1640 3563 vides.
1691 3498 1846 3583 They
1886 3500 2001 3562 did
2041 3508 2146 3565 not
2191 3503 2410 3567 believe
2456 3506 2586 3569 that

215 3598 261 3661 it
320 3606 497 3669 could
552 3606 700 3669 have
768 3606 907 3669 been
966 3628 1028 3669 so
1090 3606 1309 3691 ulter-by
1370 3606 1711 3691 destroyed.-
1773 3611 1942 3670 recte
2005 3607 2196 3672 vertit
2245 3608 2582 3676 Arnoldus.

220 3703 506 3777 Ceterum
573 3710 744 3789 ἄγαν
808 3712 1035 3777 itidem
1099 3711 1417 3777 abundare
1477 3712 1734 3777 videtur
1779 3711 1830 3778 Ι.
1884 3711 2004 3779 ¹75:
2053 3710 2147 3795 ἆρ’
2197 3713 2358 3792 ἄξιοί
2403 3718 2584 3795 ἔσμεν

220 3815 297 3888 μὴ
345 3816 528 3889 οὕτως
575 3816 681 3896 dy
705 3842 792 3882 αν
843 3818 1178 3901 ἐπιφθόνως
1228 3819 1611 3895 διακεῖσθαι;

304 4030 399 4097 Ad
444 4034 795 4099 secundum
842 4039 1032 4118 caput
1078 4032 1455 4100 adverbium
1504 4032 1770 4098 ἕθελοντί
1816 4050 1908 4098 ex·
1941 4038 2125 4099 textu
2172 4036 2250 4100 ab
2295 4034 2590 4101 Herwer-

227 4131 370 4201 deno
437 4142 773 4217 eximitur;
848 4139 1176 4205 sciendum
1240 4148 1455 4205 tamen
1516 4147 1650 4217 est,
1717 4141 1913 4205 etiam
1975 4140 2243 4205 Dionem
2295 4139 2587 4207 Cassium

225 4239 310 4305 ita
363 4244 538 4333 loqui
583 4246 957 4313 XXXVIII.
1008 4246 1112 4311 20.
1190 4243 1414 4333 Capite
1462 4250 1683 4332 quinto
1728 4248 1944 4332 spuria
1990 4248 2287 4313 videntur
2330 4247 2591 4315 inutilia

230 4352 438 4420 verba:
486 4352 548 4430 ὃς
598 4356 655 4427 ἐς
704 4354 978 4433 Εὔβοιαν
1028 4362 1208 4420 πλεῖν
1257 4350 1489 4431 ἔμελλε
1536 4359 1600 4420 et
1647 4354 1813 4440 quod
1859 4356 2082 4420 scribit
2125 4353 2589 4423 Herwerdenus
