3150 5000
470 1053 1579 1149 ADNOTATIONES
1656 1053 2360 1146 INEDITAE

880 1255 1087 1322 PETRI
1117 1253 1469 1321 florum
1496 1253 1978 1321 PEERLKAMPII

766 1428 912 1520 AD
972 1427 1419 1520 HORATII
1476 1427 2076 1520 EPISTOLAS.

1215 1733 1630 1784 We»-

1112 2000 1738 2069 PRAEFATIO.

322 2219 538 2307 Quum
612 2240 773 2285 anno
846 2235 1195 2286 uncoomm
1268 2223 1537 2284 exeunte
1606 2216 2058 2302 Peerlkampio
2117 2214 2362 2281 Indices
2418 2236 2457 2281 a
2515 2236 2620 2283 me

232 2325 545 2392 confectos
593 2326 672 2392 ad
720 2328 857 2391 eius
903 2327 1329 2391 recensionem
1367 2322 1626 2390 Horatii
1667 2322 2021 2389 Satirarum
2063 2323 2388 2388 mitterem
2411 2369 2427 2399 ,
2469 2343 2617 2387 eum

228 2433 457 2521 rogavi
520 2430 795 2500 velletne
858 2434 1054 2497 etiam
1117 2430 1298 2496 edere
1359 2429 1681 2517 Epistolas
1742 2435 1988 2516 praeter
2033 2428 2336 2494 ultimam
2356 2477 2375 2513 ,
2423 2449 2618 2514 quam

230 2545 417 2605 antea
479 2539 882 2605 adnotatione
942 2537 1313 2603 illustrarat.
1384 2536 1686 2623 Optimus
1732 2558 1918 2602 senex
1966 2538 2130 2601 mihi
2177 2536 2501 2621 respondit
2552 2557 2618 2602 se

230 2646 435 2711 animi
504 2646 823 2713 recreandi
893 2666 1081 2711 causa
1148 2648 1325 2730 prius
1395 2643 1521 2710 alia
1585 2664 1772 2731 agere
1819 2642 2013 2709 malle
2032 2690 2048 2720 ,
2095 2642 2287 2727 idque
2333 2642 2615 2727 perfecit.

228 2751 399 2818 Nam
458 2754 740 2837 primum
792 2750 1057 2818 alteram
1106 2750 1439 2839 Agricolae
1486 2749 1831 2816 editionem
1879 2747 2189 2833 absolvit,
2237 2768 2397 2833 quae
2445 2748 2622 2814 bien-

229 2860 335 2924 nio
396 2864 541 2944 post
601 2858 833 2924 Leidae
896 2859 1054 2923 exiit
1072 2906 1088 2935 ,
1151 2857 1375 2922 deinde
1423 2855 1738 2941 Propertii
1786 2853 2145 2922 Corneliam
2195 2857 2511 2920 recensuit
2556 2858 2622 2920 et
2719 2920 2728 2933 ‚

230 2964 614 3041 illustravit,
672 2985 863 3050 quam
912 2985 1032 3052 ego
1078 2966 1217 3029 eius
1261 2968 1490 3050 rogatu
1538 2964 1826 3048 sequenti
1874 2982 2034 3027 anno
2083 2960 2288 3039 edidi,
2327 2966 2391 3025 et
2428 2960 2618 3025 Lam·

231 3072 398 3137 berti
460 3070 788 3137 Hortensii
848 3069 1089 3137 librum
1153 3070 1230 3135 de
1295 3070 1540 3157 origine
1611 3076 1674 3133 et
1741 3069 2012 3134 interitu
2081 3067 2296 3152 oppidi
2365 3065 2429 3132 N
2431 3066 2615 3132 erdae

233 3178 507 3243 correxit
552 3192 617 3242 et.
634 3224 651 3255 ‚
701 3182 775 3241 ut
822 3179 1014 3242 amici
1061 3180 1137 3241 A.
1186 3176 1353 3241 Perk
1405 3175 1712 3241 desiderio
1760 3173 2181 3251 satisfaceret,
2232 3174 2437 3259 patrio
2485 3194 2616 3238 ser-

233 3303 422 3349 mone
469 3285 917 3369 interpretatus
965 3290 1079 3348 est.

326 3388 507 3454 Mors
565 3388 907 3475 impedivit
968 3410 1046 3454 ne
1108 3388 1189 3453 ad
1252 3387 1598 3453 Horatium
1657 3385 1910 3452 rediret.
1960 3384 2134 3465 Quae
2178 3384 2257 3451 ad
2302 3382 2620 3469 Epistulae

235 3498 302 3560 in
349 3493 592 3562 libellis
642 3494 1083 3567 adnotaverat,
1138 3496 1273 3580 ipse
1319 3493 1592 3571 delevit,
1634 3493 1743 3559 sed
1783 3496 2061 3578 pepercit
2100 3492 2396 3557 editionis
2418 3489 2619 3555 Hein-

236 3605 451 3669 sianae
511 3608 574 3666 et
619 3598 1349 3667 Baxtero-Gesnerianae
1396 3600 1738 3685 exemplis,
1789 3620 2059 3685 quorum
2109 3599 2431 3685 margines
2477 3595 2620 3681 plu-

236 3709 420 3773 rimis
484 3708 1019 3773 adnotatiunculis
1077 3707 1478 3793 impleverat.
1537 3706 1630 3771 Ea
1676 3706 1936 3771 heredes
1980 3706 2182 3790 ipsius
2227 3707 2408 3769 iussu
2456 3703 2621 3769 mihi

238 3814 569 3880 donarunt.

330 3919 506 3999 Quae
575 3920 887 4005 adscripta
956 3922 1107 3983 sunt
1175 3919 1406 4003 partim
1476 3918 1815 3984 ostendunt
1879 3937 2143 3982 manum
2206 3916 2620 3982 adolescentis

240 4024 526 4111 nihilque
596 4026 725 4092 fere
801 4027 1123 4092 continent
1188 4030 1431 4110 praeter
1488 4024 1809 4090 Waddelii
1871 4026 2261 4089 coniecturas
2306 4023 2509 4088 editas
2557 4026 2621 4087 et

240 4130 484 4197 Dukeri
530 4132 803 4197 ineditas
819 4182 835 4214 ,
882 4131 991 4197 sed
1028 4132 1335 4197 maiorem
1377 4138 1625 4216 partem
1668 4151 1705 4196 a
1743 4128 2190 4217 Peerlkampio
2229 4130 2618 4214 provectiore

242 4242 447 4303 aetate
510 4240 809 4323 scriptam
877 4258 1009 4305 esse
1055 4238 1279 4323 probat
1338 4239 1590 4302 minuta
1608 4284 1625 4316 ‚
1688 4235 1797 4302 sed
1848 4235 2052 4301 nitida
2099 4238 2413 4319 scriptura
2430 4281 2447 4311 ‚
2496 4253 2621 4318 qua

246 4342 325 4409 ad
371 4342 679 4409 ultimum
728 4346 902 4411 vitae
946 4349 1202 4430 tempus
1245 4364 1399 4409 usus
1446 4348 1560 4408 est.
