3150 5000
1296 1207 1448 1370 AD
1513 1263 2127 1368 TIBULLUM.

1579 1621 1877 1645 --..,..-.

609 1901 736 1982 Qui
797 1907 938 1987 post
999 1898 1261 1985 longam
1317 1895 1851 1981 intercapedinem
1901 1897 1981 1962 ad
2028 1895 2363 1962 Tibullum
2414 1900 2706 1964 animum
2754 1919 2897 1966 con-

517 2009 747 2085 vertit,
811 2007 1065 2071 etiamsi
1125 2023 1250 2069 non
1309 2003 1386 2068 ad
1450 2022 1597 2068 suos
1660 2022 1906 2068 amores
1924 2049 1941 2079 ‚
2008 2010 2175 2068 certe
2236 2009 2452 2070 tamen
2516 2006 2595 2071 ad
2658 2027 2898 2073 amores

515 2115 716 2198 redit3
779 2112 844 2177 id
863 2161 879 2194 ‚
945 2111 1112 2197 quod
1175 2115 1436 2197 gratum
1497 2128 1635 2174 esse
1695 2109 1994 2187 subinde,
2060 2130 2139 2174 ne
2198 2113 2333 2175 seni
2394 2113 2655 2195 quidem
2717 2113 2897 2179 fateri

515 2225 722 2305 turpe.
791 2217 904 2283 Me
948 2238 1117 2281 nunc
1162 2217 1400 2281 invitat
1446 2215 1526 2280 ad
1565 2212 1812 2280 Tibulli
1847 2214 2188 2281 lectionem
2226 2215 2580 2284 Enuannus
2618 2217 2896 2295 Hmnna,

511 2325 748 2390 recenti
809 2323 1084 2388 editione
1145 2321 1342 2406 (apud
1397 2321 1470 2387 Β.
1518 2319 1871 2386 Tauchnitz
1896 2367 1913 2398 ‚
1966 2321 2167 2408 1885)
2187 2371 2204 2398 ,
2252 2343 2415 2406 quae
2460 2345 2611 2390 cum
2658 2329 2898 2391 nitatur

514 2432 712 2516 copiis
772 2427 1254 2494 Baehrensianis
1275 2475 1293 2511 ,
1355 2429 1623 2492 minime
1686 2433 1901 2492 tamen
1958 2448 2100 2493 eam
2166 2431 2535 2516 aequiparat
2586 2451 2701 2497 nec
2750 2451 2896 2498 vero

513 2555 875 2620 comparem
923 2554 991 2599 se
1035 2536 1094 2599 ei
1142 2536 1500 2617 promittit,
1548 2532 1658 2598 sed
1704 2540 1921 2597 tutum
1968 2555 2035 2599 se
2080 2534 2309 2600 ducem
2358 2536 2614 2620 praebet
2652 2540 2709 2603 si
2758 2540 2898 2623 quis

511 2662 742 2730 purum
795 2660 832 2705 a
870 2642 1292 2706 recentiorum
1333 2642 1713 2705 coniecturis
1751 2648 1817 2703 et
1860 2638 2186 2727 figmentis
2225 2661 2599 2729 cognoscere
2645 2650 2897 2729 poetam

509 2752 748 2835 cupiat.
818 2747 1130 2811 Prudenti
1173 2745 1412 2810 iudicio
1458 2745 1690 2809 ductus
1736 2747 1804 2809 in
1854 2745 2162 2823 editione,
2212 2767 2371 2830 quae
2426 2753 2894 2814 annotationem

506 2858 573 2920 in
633 2856 924 2941 margine
967 2872 1092 2917 non
1141 2851 1553 2927 admittebat,
1607 2850 1889 2916 ordinem
1942 2872 2242 2917 versuum
2289 2856 2356 2918 in
2403 2854 2729 2919 codicibus
2774 2862 2897 2921 tra-

505 2960 715 3026 ditum
763 2962 1082 3023 intactum
1128 2958 1410 3022 servavit
1456 2955 1693 3039 editor;
1744 2976 1892 3020 nam
1933 2977 2046 3021 nec
2084 2956 2422 3023 Ribbeckii
2460 2962 2527 3023 in
2572 2980 2698 3025 una
2720 3008 2737 3036 ‚
2783 2981 2895 3025 nec

505 3063 869 3129 Baehrensii
917 3066 982 3127 in
1032 3060 1323 3147 pluribus
1367 3060 1594 3147 elegiis
1638 3064 2172 3144 permutationes,
2223 3070 2298 3127 ut
2346 3070 2587 3129 taceam
2636 3066 2768 3130 iam
2817 3066 2893 3132 de

504 3172 618 3244 iis,
660 3188 820 3253 quae
860 3168 1266 3232 Lachmanno
1306 3172 1512 3232 aetate
1555 3174 2046 3250 antecesserant,
2090 3174 2267 3233 tanto
2312 3190 2567 3234 assensu
2595 3180 2893 3258 exceptae

501 3278 686 3351 sunt,
737 3278 812 3338 ut
855 3272 933 3337 de
979 3276 1061 3337 iis
1106 3272 1274 3356 apud
1313 3272 1528 3337 doctos
1565 3272 1695 3337 fere
1734 3282 2009 3351 constet;
2050 3276 2253 3340 immo
2293 3279 2430 3341 sine
2467 3280 2651 3343 novis
2674 3278 2893 3343 melio-

501 3382 804 3464 ribusque
842 3378 1144 3444 subsidiis
1183 3398 1307 3443 non
1354 3378 1506 3442 licet
1552 3398 1801 3462 sperare
1842 3379 1973 3444 fore
2016 3386 2090 3444 ut
2114 3380 2385 3447 editores
2412 3386 2490 3447 ad
2516 3402 2891 3449 consensum

498 3489 892 3574 perveniant.
961 3483 1118 3550 Veri
1179 3485 1419 3549 ordinis
1479 3484 1855 3549 restituendi
1917 3493 2178 3550 conatus
2240 3486 2463 3553 multis
2525 3488 2890 3554 obstructus

499 3599 594 3659 est
655 3592 1168 3679 impedimentis:
1237 3610 1473 3675 magna
1534 3587 1949 3674 simplicitate
2000 3611 2080 3655 ac
2144 3591 2443 3657 dictionis
2498 3592 2769 3660 flumine
2824 3617 2891 3661 se

499 3700 946 3765 commendant
1008 3694 1264 3783 singula
1283 3741 1300 3772 ‚
1363 3694 1644 3759 universi
1702 3698 1997 3760 carminis
2042 3717 2242 3762 nexus
2288 3704 2382 3763 est
2427 3718 2612 3783 saepe
2660 3700 2889 3766 obscu-

499 3826 608 3869 rus
626 3851 644 3882 ,
703 3810 778 3869 ut
823 3800 1121 3867 Tibullus
1167 3802 1490 3866 festinanti
1539 3798 1760 3865 lectori
1808 3800 2036 3886 planus
2083 3823 2217 3868 esse
2264 3804 2592 3883 videatur,
2638 3806 2890 3873 intelle-

497 3910 680 3995 genti
724 3915 789 3973 et
835 3906 1019 3971 docto
1056 3907 1391 3971 intricatus
1433 3906 1555 3987 sit,
1596 3913 1695 3982 et,
1737 3906 1991 3991 qualem
2034 3908 2293 3992 quidem
2334 3911 2735 3995 accepimus,
2776 3914 2891 3979 vix

497 4013 622 4077 sibi
669 4020 977 4079 constans.
1049 4009 1154 4075 Sic
1204 4010 1413 4097 elegia
1458 4018 1683 4076 octava
1729 4010 1879 4075 libri
1928 4015 2121 4096 primi
2169 4014 2353 4098 plura
2398 4016 2679 4081 continet
2725 4038 2889 4105 pug-

497 4121 716 4184 nantia
776 4138 992 4183 eecum
1059 4121 1124 4181 et
1184 4118 1515 4182 contraria.
1602 4115 1897 4181 Puellam
1963 4118 2305 4205 compeUat
2359 4120 2434 4185 T.
2485 4123 2775 4189 vetulam
2824 4146 2885 4191 v.

499 4224 756 4289 9—16:

636 4328 677 4392 9
725 4326 878 4414 quid
929 4328 1048 4391 tibi
1095 4350 1253 4390 nunc
1299 4327 1513 4393 mollis
1559 4326 1813 4412 prodest
1858 4327 2129 4397 coluisse
2176 4330 2479 4417 capiUos?
2522 4370 2605 4383 -—

593 4433 677 4500 12
723 4434 958 4499 frustra
999 4437 1118 4496 iam
1166 4439 1404 4516 vestes,
1450 4433 1686 4497 frustra
1732 4440 2065 4500 mutantur
2108 4441 2381 4503 amictus
2432 4476 2515 4489 --
