3150 5000
1285 319 1683 372 monemus.
1704 347 1707 350 -
2588 300 2675 370 21

277 485 466 554 abest
527 485 560 550 1
619 484 774 554 207.
839 486 928 552 lv
998 486 1146 553 120.
1213 487 1362 556 136.
1430 488 1521 554 VI
1586 487 1691 553 95.
1759 487 1915 554 VIII
1978 487 2085 554 38.
2144 487 2237 554 IX
2312 486 2419 554 69.
2492 486 2673 554 Idem

273 595 499 659 nescio
579 613 660 659 an
735 601 948 660 nostro
1009 594 1396 660 reddendum
1462 597 1548 660 sit
1611 595 1672 660 II
1738 593 1867 660 119
1933 592 2141 674 οἵχετο
2210 595 2465 675 Φεύγων
2533 604 2675 677 τῇσι

281 699 456 772 νηυσὶ
525 699 658 764 ἐπὶ
725 700 1010 786 Λιβύης,
1073 700 1187 765 ubi
1249 699 1632 767 Plutarchus
1692 699 1859 766 Mor.
1906 721 1969 786 p.
2019 699 2149 766 857
2198 700 2257 765 h.
2313 699 2357 766 1.
2408 699 2676 766 laudans

279 805 483 874 habet
530 805 654 872 uc
703 805 836 871 ἐπὶ
881 805 1168 892 Λιβύης,
1215 805 1382 872 unde
1427 805 1873 896 corrigendum
1922 805 2205 892 suspicor
2244 805 2365 870 ἰθὺ
2406 804 2673 884 Λιβύης.

377 1047 457 1114 V.
527 1045 615 1116 67
679 1048 860 1114 ἐλθὼν
913 1085 994 1097 -
1043 1047 1599 1132 ἐχρηστηριάζετο,
1660 1049 1712 1113 εἷ
1774 1049 1805 1114 ἐ
1819 1048 2125 1128 κβοὶλοι
2172 1049 2275 1113 τὸν
2316 1046 2677 1128 Ἄδρηστον.

283 1154 542 1222 Dobree
583 1153 870 1234 ἐκβάλλῃ
907 1155 1191 1241 requirit.
1255 1152 1751 1236 Coniunctivum
1815 1157 2067 1240 requiro
2116 1159 2181 1219 et
2226 1174 2346 1242 ego
2391 1155 2503 1220 sed
2550 1175 2678 1220 rec·

283 1261 544 1327 tisdme
605 1260 798 1326 habet
849 1263 1141 1331 Aeristus
1188 1258 1470 1340 ἐκβάλῃ,
1519 1269 1595 1326 ut
1640 1267 1777 1347 ipse
1822 1260 2070 1327 Dobree
2116 1259 2203 1326 VI
2257 1259 2383 1328 135
2434 1263 2677 1347 optime

283 1368 568 1433 correxit
629 1363 903 1444 ἔπεμπον
973 1367 1026 1431 δ’
1097 1365 1587 1447 ἐπειρησομένους
1659 1368 1711 1432 εἶ
1783 1366 2497 1446 καταχρήσωνται
2566 1368 2677 1443 τὴν

285 1472 663 1552 ὑποζάκορον
723 1491 836 1558 pro
897 1474 1428 1554 καταχρῆσονται.
1515 1472 1623 1539 Sic
1684 1471 1838 1538 VIII
1901 1471 1987 1538 36
2049 1479 2217 1538 recte
2278 1472 2427 1540 libri
2476 1474 2671 1551 ἐμαν-

279 1580 537 1644 τεύοντο
585 1615 672 1628 -
718 1577 844 1644 εἴτε
886 1577 1261 1657 κατορύξωσι
1299 1577 1424 1644 εἵη
1470 1580 1854 1656 ἐκκομίσωσι.
1916 1579 1992 1644 In
2034 1580 2398 1664 quaestione
2438 1579 2678 1646 directa

285 1685 638 1752 dicendum
698 1691 864 1751 erat:
931 1685 1185 1764 ἐκβάλω
1242 1685 1619 1772 ”Αδρηστον;
1679 1705 1954 1770 eumque
2001 1685 2263 1750 modum
2313 1685 2679 1752 Herodotus

287 1811 548 1858 servare
611 1789 772 1857 solet
829 1794 895 1855 in
951 1795 1316 1877 quaestione
1361 1792 1671 1858 indirecta
1717 1791 1911 1857 etiam
1958 1796 2105 1876 post
2151 1797 2439 1877 tempora
2484 1792 2681 1856 histo-

283 1899 441 1962 rica.
517 1895 782 1976 Quando
831 1917 978 1962 vero
1026 1903 1170 1982 post
1211 1898 1544 1976 ἐπειρωτᾶν
1592 1895 1957 1982 similiaque
2001 1897 2308 1980 sequatur
2356 1899 2679 1981 optativus

285 2001 477 2068 docet
519 2003 686 2067 inter
723 2001 1034 2086 plurimos
1073 2001 1241 2068 locos
1281 2002 1335 2068 V
1379 2003 1464 2068 73
1504 2003 1802 2080 ἐπειρώτα
1833 2001 1992 2074 τίνες
2021 2001 2215 2073 ἐόντες
2246 2039 2326 2052 -
2353 1998 2679 2068 δεοίατο

286 2108 572 2184 Περσέων
638 2109 978 2188 σύμμαχοι
1042 2110 1346 2186 γενέσθαι.
1423 2105 1520 2188 Cf.
1568 2128 1677 2173 me
1721 2107 1793 2174 O.
1844 2105 1913 2174 C.
1966 2128 2031 2193 p.
2084 2105 2172 2172 29
2222 2128 2314 2192 sq.
2364 2108 2463 2172 ad.
2515 2106 2545 2172 I
2594 2109 2680 2174 46

285 2234 388 2298 sq.
439 2215 551 2278 ubi
597 2211 784 2278 hodie
830 2235 952 2278 non
1003 2213 1227 2279 dubito
1274 2215 1428 2300 quin
1479 2235 1698 2280 verum
1750 2215 1837 2278 sit
1874 2212 2211 2294 ἐπιχειρέη.
2260 2211 2443 2293 Quod
2466 2219 2682 2280 noster

286 2319 322 2384 1
365 2317 456 2383 53
491 2317 834 2385 variandae
873 2320 1174 2384 orationis
1213 2339 1403 2385 causa
1443 2321 1699 2405 scripsit
1738 2318 1955 2404 (modo
1993 2321 2317 2404 scripserit
2358 2319 2409 2383 εἱ
2449 2341 2544 2382 στ
2562 2342 2681 2397 ρα-

284 2425 644 2498 recurat
693 2459 778 2474 --
829 2422 936 2488 καὶ
1001 2425 1052 2488 εὶ
1103 2458 1188 2474 --
1236 2425 1774 2508 προσθέοιτο),
1823 2445 1945 2490 non
1994 2443 2137 2490 eam
2184 2423 2377 2490 habet
2414 2425 2549 2490 vim
2599 2429 2675 2490 ut

283 2538 544 2599 mutem
593 2533 996 2597 sententiam.

385 2776 461 2843 V.
513 2775 597 2843 67
666 2776 740 2843 In
807 2776 1062 2843 oraculo
1109 2778 1257 2843 dato
1301 2774 1653 2843 Clistheni:
1698 2776 2035 2853 Ἄδρηστον
2082 2776 2197 2852 μὲν
2241 2771 2396 2841 εἶναι
2444 2784 2673 2841 Σικυω·

287 2886 426 2949 vim
469 2882 792 2961 βασιλέα,
841 2884 1062 2948 ἐκεῖνον
1113 2882 1176 2948 δὲ
1224 2888 1570 2959 λευστῆρ
1594 2906 1637 2945 α
1678 2884 1975 2969 ignotum
2002 2881 2465 2966 obscurumque
2488 2900 2677 2947 voca-

287 2988 558 3067 bulum,
607 2988 774 3075 quod
815 2995 1166 3078 agnoscunt
1203 2990 1651 3077 grammatici,
1694 2989 2048 3073 antiquitus
2088 2986 2507 3072 depravatum
2545 3007 2679 3052 esse

285 3098 599 3181 suspicor.
670 3094 816 3160 Nisi
861 3093 1051 3160 fallor
1069 3142 1087 3172 ,
1133 3094 1371 3181 Pythis
1420 3092 1816 3160 Clisthenem
1862 3094 2288 3180 ignominiose
2332 3091 2680 3177 appellavit

287 3214 334 3266 λ
351 3224 482 3277 ηισ
500 3224 542 3265 τ
564 3206 727 3281 ἤρα.

383 3442 464 3509 V.
531 3440 618 3511 72
673 3464 868 3529 prope
926 3444 1070 3508 init.
1133 3440 1781 3513 ἅντισταθείσης
1847 3438 1910 3505 δὲ
1971 3446 2083 3515 τῆς
2148 3438 2379 3516 βουλῆς
2441 3438 2545 3504 καὶ
2612 3440 2679 3505 οὖ

289 3550 674 3629 βουλομένης
744 3550 1083 3615 πείθεσθαι.
1183 3550 1476 3621 Aoristus
1546 3550 1838 3634 passivus
1908 3548 2207 3621 σταθῆναι
2280 3566 2393 3631 pro
2463 3552 2685 3619 στῆναι

287 3656 744 3743 relinquendus
807 3662 905 3721 est
966 3657 1263 3744 tragicis,
1321 3654 1836 3739 reddendumque
1884 3660 2098 3718 nostro
2144 3652 2686 3728 ἄντιστάσηο.

286 3762 390 3829 De
433 3762 558 3829 hoc
603 3764 744 3848 ipso
793 3764 1147 3847 composito
1187 3762 1268 3827 cf.
1322 3759 1410 3825 VI
1463 3758 1614 3827 11¹7.
1664 3757 1783 3824 VII
1830 3758 1937 3823 53.
2500 3756 2507 3763 “

387 3989 462 4055 V.
533 3989 619 4055 73
676 3992 764 4057 τὸ
831 3988 1174 4057 ἑπτακόσια
1226 3991 1439 4059 ἐπΙςια
1487 3990 1572 4056 τὰ
1620 3986 2079 4071 διωχθέντα
2131 3986 2247 4053 ὑπὸ
2294 3989 2685 4065 Κλεομένεος.

289 4097 464 4179 Quia
511 4096 830 4186 significat
879 4097 1343 4163 ἐκπεσόντα
1385 4102 1675 4181 expectes
1717 4094 2309 4174 ἐκδιωχθέντα.
2359 4092 2689 4161 Of.Thnc.
2810 4178 2819 4187 ⁶

287 4204 326 4271 Ι
389 4202 510 4269 24.
573 4202 754 4269 Dem.
829 4202 944 4282 32,
1015 4201 1078 4269 6.
1128 4203 1212 4269 al.
1281 4206 1373 4269 Ac
1424 4202 1611 4269 facile
1658 4222 1807 4267 sane
1853 4211 1996 4287 post
2042 4198 2415 4267 simillimos
2460 4200 2694 4267 ductus

291 4308 663 4377 litterarum
734 4308 789 4375 δι
851 4310 1138 4376 excidere
1200 4312 1412 4397 potuit
1477 4310 1860 4395 praepositio
1919 4305 1986 4383 ἐξ
2048 4326 2241 4393 quam
2309 4327 2495 4393 saepe
2541 4326 2690 4372 cum

287 4416 396 4481 διά
447 4415 752 4482 confundi
791 4422 1054 4482 constat.
1127 4416 1432 4482 Attamen
1479 4413 1644 4480 infra
1690 4434 1939 4500 quoque
1989 4432 2125 4500 cap.
2178 4410 2265 4477 92
2317 4413 2415 4478 bis
2461 4412 2693 4479 διώκειν
