3150 5000
1014 999 1912 1092 THUCYDIDEA.

1326 1241 1610 1292 scaffen·

1182 1420 1253 1489 S.
1297 1424 1371 1488 A.
1420 1420 1736 1488 NABER.

1090 1605 1353 1692 (Gontin.
1402 1627 1434 1670 e
1466 1628 1613 1690 pay.
1665 1601 1846 1684 334).

1260 1905 1676 1956 w

350 2171 429 2238 In
475 2171 749 2256 septimo
794 2169 959 2236 libro
1004 2169 1210 2253 capite
1256 2168 1529 2234 secundo
1575 2166 1748 2234 malo
1796 2168 2131 2250 ᾔσθοντο
2178 2186 2370 2253 quam
2421 2168 2658 2252 ᾖσθα·

259 2301 517 2354 νοντο,
561 2275 671 2342 sed
709 2279 973 2365 gravius
1012 2281 1107 2340 est
1146 2273 1313 2361 quod
1353 2275 1615 2340 offendit
1652 2274 1857 2360 capite
1881 2279 2126 2360 quarto.
2173 2274 2654 2362 Plemmyrium

260 2384 487 2452 Nicias
553 2381 865 2468 praesidio
911 2379 1125 2446 firmat
1173 2386 1237 2446 et
1282 2380 1543 2446 additur
1589 2398 1809 2446 causa:
1862 2381 2018 2464 ῥᾴων
2060 2383 2227 2462 αὐτῷ
2277 2382 2566 2464 ἐφαίνετο
2621 2383 2654 2457 ἦ

261 2491 555 2569 ἕσκομιδὺ
627 2495 744 2555 τῶν
814 2487 1165 2564 ἐπιτηδείων
1229 2485 1493 2553 ἔσεσθαι.
1565 2487 1789 2573 Neque
1857 2487 1974 2554 hoc
2036 2489 2375 2555 obscurum
2443 2495 2541 2555 est
2589 2492 2657 2555 et

260 2600 483 2686 pergit
547 2598 952 2682 interpretari
1019 2592 1453 2681 Thucydides:
1535 2593 1609 2660 δι’
1683 2595 2011 2668 ἐλάσσονος
2086 2596 2214 2675 γὰρ
2288 2596 2658 2677 ἐφορμήσειν

261 2710 440 2787 σφᾶς
462 2724 481 2743 ·
522 2702 640 2770 hoc
682 2722 929 2789 quoque
969 2700 1303 2788 intellige,
1342 2700 1450 2765 sed
1483 2701 1639 2784 quid
1677 2705 1770 2765 est
1808 2701 1971 2786 quod
2011 2704 2309 2767 continuo
2333 2705 2652 2786 sequitur:

262 2812 370 2877 καὶ
445 2812 569 2891 οὐχ
636 2806 834 2887 ὥσπερ
898 2811 1000 2871 νῦν
1064 2807 1131 2871 ἐκ
1192 2812 1401 2886 μυχοῦ
1466 2810 1571 2871 τοῦ
1638 2807 1876 2883 λιμένος
1929 2808 2045 2879 τοὶς
2098 2808 2657 2887 ἐπαναγωγοὶς

262 2918 661 2995 ποιήσεσθαι,
712 2915 819 2981 ἐάν
858 2938 918 2979 τι
960 2914 1221 2995 ναυτικῷ
1264 2911 1700 2979 κινῶνταιῗ
1749 2912 2045 2979 Primum
2085 2917 2140 2979 si
2180 2915 2338 2981 bene
2362 2934 2660 3001 assequor

264 3026 420 3111 quid
488 3024 575 3089 sit
638 3021 1066 3100 ἕπανοὶγεσθαι
1130 3027 1195 3086 et
1256 3022 1682 3099 ἐπαναγωγὴν
1743 3021 2078 3099 ποιεῖσθαι,
2144 3022 2243 3086 bis
2312 3021 2438 3088 fere
2485 3019 2654 3086 idem

265 3131 505 3197 dicitur
522 3150 541 3209 ς
616 3128 841 3195 deinde
911 3148 1105 3213 quam
1166 3133 1261 3191 est
1325 3126 1658 3193 insolitum
1722 3126 1830 3192 ἐάν
1891 3152 1950 3191 τι
2016 3128 2276 3209 ναυτικῷ
2342 3132 2656 3221 κινῶνται,

266 3236 436 3323 quod
501 3236 852 3301 necessario
913 3238 1166 3301 mutato
1226 3234 1507 3320 subjecto
1574 3232 1652 3299 de
1699 3232 2110 3321 Syracusanis
2156 3233 2652 3322 intelligendum

267 3348 387 3407 est.
458 3340 827 3427 Sequuntur
887 3339 1018 3405 fere
1078 3339 1348 3405 editores
1409 3338 1746 3406 lectionem
1811 3338 2110 3406 Vaticani
2165 3336 2418 3407 Codicis
2441 3388 2458 3419 ‚
2505 3361 2654 3405 nam

266 3448 503 3536 reliqui
560 3448 798 3514 habent
860 3446 1230 3523 ἑπαγωγοὶς.
1299 3444 1441 3512 Hoc
1504 3446 1659 3532 quid
1721 3447 1806 3511 sit
1850 3451 1914 3513 et
1961 3446 2116 3513 alibi
2163 3467 2348 3533 saepe
2395 3452 2660 3531 apparet

266 3560 333 3620 et
379 3577 435 3621 c.
481 3553 596 3631 24,
644 3554 758 3619 ubi
804 3557 1343 3621 commemoratur
1389 3556 1422 3627 ἦ
1474 3554 1786 3631 ἐπαγωγὴ
1835 3559 1951 3618 τῶν
1999 3552 2353 3628 ἐπιτηδείων
2389 3552 2658 3639 indeque

268 3658 359 3725 VI
410 3658 577 3727 103:
625 3660 711 3724 τὰ
761 3657 813 3723 δ’
860 3658 1175 3733 ἐπιτήδεια
1225 3667 1301 3740 τῇ
1350 3665 1574 3742 ςρατιᾷ
1623 3660 1972 3737 ἐσῆγετο
2021 3660 2150 3725 fere
2197 3658 2424 3723 malim
2474 3660 2658 3734 ἐπή-

270 3788 485 3844 γετο.
558 3764 680 3831 Sed
739 3765 949 3830 obstat
994 3767 1334 3850 quominus
1382 3765 1519 3831 illic
1568 3765 1918 3844 ἐπαγωγὰς
1965 3764 2446 3849 amplectamur,
2495 3763 2661 3831 illud

270 3870 377 3936 ἒοὶν
425 3897 485 3937 τι
534 3872 794 3953 ναυτικῷ
834 3872 1148 3949 κινῶνται,
1188 3872 1355 3956 quod
1398 3874 1650 3937 etiamsi
1692 3873 1952 3938 obscure
1987 3871 2231 3935 dictum
2278 3872 2402 3949 sit,
2443 3878 2658 3936 tamen

270 3978 450 4043 nullo
514 3978 705 4043 modo
764 3980 1001 4064 poterit
1058 3979 1184 4043 nisi
1246 3977 1323 4043 de
1369 3978 1660 4044 hostibus
1705 3976 2005 4065 intelligi.
2084 3976 2254 4056 Quid
2303 3982 2515 4041 autem
2537 4025 2556 4061 ,
2605 3979 2662 4041 si

273 4082 491 4151 Nicias
555 4104 693 4150 eam
754 4087 1021 4149 navium
1084 4087 1423 4150 stationem
1484 4084 1683 4174 elegit
1709 4135 1724 4159 ‚
1791 4103 1915 4169 quo
1963 4082 2216 4149 facilius
2264 4088 2657 4148 commeatus

273 4190 540 4257 subvehi
624 4194 913 4275 possent,
985 4192 1239 4256 etiamsi
1306 4190 1467 4257 forte
1485 4240 1504 4276 ‚
1572 4191 1766 4277 quod·
1803 4193 1938 4278 jam
2010 4196 2151 4255 tum
2221 4188 2660 4275 praesagiebat

275 4296 489 4364 animo
508 4346 527 4383 ,
563 4296 779 4363 navali
828 4318 1046 4384 pugna
1090 4296 1347 4364 inferior
1394 4294 1826 4365 discessisset?
1874 4296 1949 4363 Si
1993 4295 2282 4363 concedis
2331 4292 2661 4382 Thucydi-
