3150 5000
1123 262 1398 311 rmvms
1443 220 1778 313 sosarnus.
2269 333 2271 337 v
2515 244 2645 311 389

268 428 588 502 δεσπότας.
651 426 888 496 Contra
931 432 1042 515 qui
1090 428 1342 495 Gabara
1388 426 1749 495 incolebant
1798 449 1934 495 sese
1980 450 2130 494 cum
2176 428 2217 495 J
2218 428 2463 495 ohanne
2501 450 2647 495 con-

264 539 622 601 iunxerunt.
671 536 1104 621 Inter-ponitur
1155 540 1371 602 autem
1421 536 1498 601 de
1545 535 1915 601 Tiberiade:
1959 536 2265 616 Τιβεριεῖς
2304 536 2367 601 δὲ
2400 538 2510 609 την
2534 537 2649 612 μὲν

261 643 568 711 dorda-am
627 645 733 708 οὐκ
797 642 1113 722 ἐδέχοντο,
1173 643 1308 707 καὶ
1359 643 1608 707 αὑτοῦ
1656 642 1734 706 δὲ
1784 643 2230 720 συγκατένευον
2276 643 2645 719 γενήσεσθαι

260 752 448 831 φίλοι.
516 750 639 815 Sed
687 755 999 836 quantum
1047 750 1270 827 video,
1319 749 1590 814 scribere
1636 748 1845 815 voluit
1890 747 1929 814 J
1933 750 2202 833 osephus
2249 748 2647 815 Tiberienses

259 859 320 921 in
365 855 492 923 fide
540 858 956 942 permansisse
1005 858 1220 941 itaque
1267 856 1577 922 scribam:
1626 854 1802 921 οὐδὲ
1850 855 2312 933 συγκατένευον.
2363 854 2520 921 Post
2544 854 2645 920 de-

256 984 438 1029 mum
485 964 582 1030 ibi
628 982 876 1048 quoque
922 961 1304 1028 tumultuari
1349 968 1643 1047 coeptum
1693 966 1823 1039 est,
1873 961 2003 1027 Vit.
2044 958 2153 1027 27.

339 1176 863 1243 Adventantibus
925 1174 1380 1261 praedonibus,
1446 1179 1519 1239 ut
1583 1174 1847 1240 domum
1905 1176 2339 1253 incenderent,
2402 1179 2467 1241 in
2518 1199 2645 1264 qua

252 1284 412 1349 forte
462 1281 780 1368 Josepbus
828 1282 1133 1370 degebat,
1182 1280 1295 1347 ille
1345 1300 1546 1345 unum
1597 1280 1675 1345 de
1721 1301 1939 1346 eorum
1988 1302 2254 1347 numero
2294 1284 2645 1348 intromitti

251 1390 462 1456 iubet:
515 1389 1002 1454 παύσασθαι
1052 1388 1176 1467 γάρ
1225 1384 1413 1459 οὕτως
1461 1394 1571 1463 τῆς
1613 1387 1793 1466 ὀργῆς
1838 1389 2063 1458 αὐτοὺς
2106 1386 2343 1470 ἔφην,
2376 1388 2499 1454 vit.
2532 1388 2641 1455 30.

253 1492 478 1561 Cetera
525 1494 721 1560 stulte
777 1493 926 1559 ficta
972 1494 1320 1558 describere
1367 1492 1532 1558 nihil
1577 1513 1735 1578 opus
1782 1500 1911 1570 est,
1963 1499 2035 1559 ut
2084 1492 2486 1583 intelligatur
2530 1517 2642 1562 ve-

251 1622 396 1665 rum
467 1618 636 1665 esse:
712 1599 1176 1664 παύσεσθαι
1251 1600 1376 1677 γάρ
1448 1596 1637 1671 οὕτως
1699 1608 1809 1673 τῆς
1873 1601 2055 1678 δργῆς
2121 1600 2346 1671 αὐτοὺς
2410 1600 2640 1683 ᾤμην.

251 1704 530 1771 Stultius
591 1708 788 1772 etiam
851 1712 948 1771 est
1015 1706 1183 1790 quod
1242 1707 1279 1790 ξ
1327 1704 1412 1769 35
1474 1705 1750 1793 legitur,
1815 1707 1928 1770 ubi
1983 1703 2297 1792 Josephus
2340 1706 2379 1772 J
2386 1716 2527 1773 usto
2572 1708 2639 1773 in

251 1814 630 1878 memoriam
682 1818 934 1877 revocat
979 1811 1147 1897 quod
1198 1812 1504 1877 maritum
1555 1814 1784 1877 sororis
1826 1810 2251 1892 σωφρόνως
2291 1814 2640 1898 κολάσειεν,

251 1920 548 2005 equidem
598 1925 767 1984 certe
815 1920 1040 2003 quovis
1085 1919 1350 2005 pignore
1397 1917 1775 1984 contendam
1820 1918 2064 1984 factum
2110 1919 2178 1983 id
2216 1918 2413 1985 fuisse
2458 1923 2639 1997 ὤμο-

250 2025 575 2106 Φρόνωφ

337 2237 478 2303 Vit.
533 2234 618 2301 39
665 2257 892 2303 verum
940 2241 1036 2302 est
1083 2238 1680 2316 προνοήσεσθαι
1734 2238 1861 2317 γὰρ
1910 2239 2096 2311 αὐτὸς
2147 2236 2456 2319 ἔφασκεν,
2510 2261 2638 2306 non

251 2344 888 2425 προνοήσασθαι.
939 2342 1184 2409 Deinde
1233 2342 1379 2409 aliis
1426 2343 1655 2409 multis
1693 2345 1962 2410 minutis
2002 2346 2180 2412 vitiis
2215 2347 2525 2431 omissis§
2552 2346 2637 2412 49

253 2451 656 2518 scribendum
705 2455 802 2516 est
851 2450 987 2516 καὶ
1037 2449 1581 2530 παρακαλέσειαν,
1630 2470 1755 2517 non
1801 2452 1892 2523 ὥς
1942 2456 2006 2517 et
2051 2453 2120 2516 in
2166 2449 2289 2518 fine
2334 2452 2637 2538 supplen-

249 2559 440 2626 dum:
493 2557 552 2623 εἷ
595 2559 660 2624 τί
708 2557 894 2645 (μοι)
941 2559 1030 2636 μη
1078 2563 1281 2628 καλῶς
1332 2557 1711 2637 πέπρακται.
1759 2557 1835 2622 In
1879 2559 1915 2642 ᾖ
1956 2557 2041 2622 63
2082 2557 2471 2637 παρεκάλουν
2512 2558 2639 2623 δλί·

251 2689 357 2742 γον
401 2674 518 2738 τῆς
567 2660 802 2731 πόλεως
853 2662 1192 2742 πορρωτέρω
1243 2663 1416 2740 μετὰ
1462 2665 1666 2744 Φίλων
1705 2669 2028 2729 πολλῶν
2066 2686 2137 2727 τε
2174 2670 2287 2727 τῶν
2327 2663 2639 2743 Φυλαξόν-

252 2795 364 2837 των
412 2770 639 2841 αὐτοὺς
689 2771 903 2835 ἐλθεῖν.
953 2769 1125 2858 Lege
1172 2767 1466 2834 ἄλλων.
1515 2767 1751 2836 Contra
1788 2769 1965 2855 §652
2006 2770 2319 2848 βούλομαι
2361 2768 2414 2833 δ’
2443 2771 2637 2835 εἰπεῖν

253 2879 352 2943 καὶ
414 2877 562 2957 πρὸς
627 2874 932 2948 ἄλλους
997 2876 1345 2956 Τιβεριεῖς,
1414 2877 1819 2942 commendo:
1897 2875 2277 2955 ἀλόγους.
2353 2874 2640 2960 Denique
2736 2863 2743 2868 ¹

251 2982 426 3068 §69z
480 2983 730 3055 πάντας
783 2983 1162 3063 ὑποχειρίους
1215 2978 1386 3059 ἕξετε
1435 2981 1540 3045 καὶ
1592 2979 1763 3055 ὅσους
1810 2981 1935 3064 ἰδία
1970 2981 2275 3059 ἐπάξαι
2318 2981 2636 3056 δυνήσεσθε

251 3091 480 3164 αὐτῶν,
547 3090 810 3155 fortasse
874 3109 1099 3155 verum
1164 3095 1260 3154 est
1306 3086 1718 3172 πατάξαι,
1770 3089 1879 3154 sed
1925 3110 2049 3154 non
2098 3095 2194 3154 est
2242 3088 2438 3177 digna
2482 3087 2637 3154 haec

249 3195 509 3284 Josephi
561 3199 726 3274 vita,
773 3197 878 3260 cui
926 3195 1212 3260 multum
1261 3215 1484 3281 operae
1534 3196 1798 3262 tribuas.

341 3409 538 3477 Venio
576 3409 655 3475 ad
693 3407 951 3474 Bellum
993 3407 1038 3474 J
1039 3407 1339 3474 ndaicum
1381 3415 1446 3474 et
1485 3411 1707 3475 statim
1744 3409 1971 3476 haereo
2004 3409 2292 3476 Prooem.
2324 3409 2385 3477 5.
2425 3409 2635 3495 Scrip-

254 3516 336 3580 sit
391 3515 704 3602 Josephus
770 3512 1032 3580 Graecis
1094 3521 1158 3579 et
1220 3515 1538 3580 barbaris:
1604 3516 1710 3579 καὶ
1770 3517 1893 3593 ἐγὼ
1942 3515 2056 3590 μὲν
2101 3518 2472 3592 ἀναλώμασι
2524 3515 2630 3580 καὶ

255 3618 444 3694 πόνοις
495 3623 780 3701 μεγίςοις
829 3620 1189 3700 ἀλλόφυλος
1241 3619 1317 3684 ὢν
1362 3618 1636 3697 Ἕλλησί
1685 3645 1753 3685 τε
1802 3621 1906 3684 καὶ
1947 3621 2291 3703 βαρβάροις
2335 3623 2443 3697 τὴν
2483 3621 2633 3699 μνή-

259 3751 374 3803 μην
417 3733 533 3792 τῶν
581 3727 1069 3806 κατορθωμάτων
1119 3727 1474 3805 ἀνατίθημι.
1545 3726 1669 3793 Sed
1728 3732 1878 3792 sunt
1925 3746 2079 3812 quos
2125 3726 2438 3813 Josephus
2484 3747 2633 3793 con-

257 3837 524 3902 temnat:
575 3843 702 3905 τοῖς
750 3835 812 3901 δὲ
860 3834 1234 3913 γνησίοις
1285 3834 1429 3916 πρὸς
1477 3834 1591 3911 μὲν
1638 3835 1725 3897 τὰ
1770 3835 2088 3912 λήμματα
2138 3832 2241 3897 καὶ
2290 3833 2408 3906 τὰς
2456 3833 2632 3906 δίκας

193 3951 196 3955 ’
261 3939 504 4020 κέχηνεν
567 3942 780 4014 εὐθέως
843 3940 913 4005 τὸ
975 3940 1142 4019 ςόμα
1207 3941 1312 4005 καὶ
1365 3941 1398 4015 ή
1459 3947 1725 4019 γλῶσσα
1794 3942 2089 4016 λέλυται,
2155 3939 2267 4005 sed
2328 3946 2635 4025 spernunt

260 4043 578 4112 historiam
597 4094 614 4124 ,
681 4067 842 4132 quae
904 4049 1040 4112 sine
1094 4049 1388 4113 veritatis
1432 4066 1648 4113 amore
1695 4053 1981 4111 constare
2026 4065 2149 4110 non
2196 4051 2421 4131 potest.
2494 4045 2633 4112 Ha-

267 4149 437 4217 besne
482 4152 690 4218 dicere
738 4155 848 4238 qui
895 4155 1024 4218 sint
1068 4153 1167 4217 illi
1216 4149 1491 4231 γνήσιοιῖ
1551 4152 1621 4218 Si
1667 4171 1791 4218 non
1837 4151 2064 4229 habes,
2116 4152 2425 4237 perpende
2466 4152 2633 4237 quod

267 4259 567 4340 sequitur:
617 4259 896 4334 τιμάσθω
946 4259 1016 4333 δή
1063 4259 1210 4339 παρ’
1259 4262 1402 4337 ήμῖν
1449 4261 1518 4325 τὸ
1567 4267 1677 4334 τῆς
1728 4259 1955 4338 ἱςορίας
2003 4259 2266 4334 άληθές,
2316 4258 2447 4323 ἐπεὶ
2486 4260 2632 4338 παρ’

261 4355 541 4440 Ἕλλησιν
589 4366 945 4444 άμελεῒται.
997 4364 1218 4452 Itaque
1264 4365 1692 4452 reponendum
1741 4370 1874 4450 est,
1916 4364 2079 4452 quod
2125 4365 2457 4432 literarum
2482 4365 2632 4431 duc·
