3150 5000
1200 220 1626 320 rnucrmnn.
2479 250 2608 316 327

854 438 939 509 εἱς
989 433 1056 511 ἣν
1105 439 1350 506 α’ναλῶν
1395 440 1507 502 οὐκ
1552 437 1704 518 ἐφέ-

853 542 977 621 ξεις
1027 542 1159 608 οὐδὲ
1207 543 1747 620 ναυπηγούμενος·

856 649 1419 728 διαμηχανήσομαί
1465 650 1517 713 θ’
1565 646 1726 728 ὅπως

481 831 491 843 ⁸
855 755 934 820 ἂν
978 756 1130 826 ἱςίον
1176 756 1411 836 σαπρὸν
1458 755 1690 837 λα’βκς.

221 863 468 929 Notum
518 869 613 928 est
658 867 951 928 veterum
999 882 1193 928 naves
1238 883 1349 947 per
1394 863 1586 929 breve
1625 869 1881 947 tempus
1920 860 2340 946 imperiosum
2381 881 2613 947 aequor

222 969 449 1036 durare
494 971 779 1056 potuisse
826 976 889 1034 et
936 969 1015 1034 de
1059 969 1429 1034 trierarchia
1476 968 1838 1034 Boeckhius
1884 967 2133 1034 abunde
2181 968 2546 1034 satisfaciet.

310 1179 468 1268 Cap.
518 1180 643 1248 33:
695 1182 1019 1260 γιγνώσκω
1068 1177 1159 1248 ὅτι
1208 1183 1260 1246 οἱ
1304 1181 1390 1246 τὰ
1441 1184 1531 1260 μὴ
1577 1183 1740 1252 πιςιὶ
1786 1182 2077 1248 δοκοῦντα
2129 1177 2282 1248 εἶναι
2331 1184 2366 1259 ἢ
2408 1182 2613 1262 λέγον·

215 1311 317 1362 τες
372 1289 408 1362 ἢ
453 1289 981 1367 ἀπαγγέλλοντες
1030 1287 1098 1351 οὐ
1146 1288 1324 1366 μόνον
1375 1289 1440 1353 οὐ
1491 1289 1826 1373 πείθουσιν,
1875 1289 2051 1354 ἄλλα
2101 1289 2207 1353 καὶ
2257 1287 2612 1371 ἄφρονες

214 1395 485 1460 δοκοῦσιν
554 1391 709 1460 εἶναι
726 1443 745 1472 ,
814 1415 1038 1480 operae
1104 1396 1384 1478 pretium
1442 1401 1539 1460 est
1609 1396 1770 1462 scire
1839 1395 1994 1462 haec
2072 1396 2267 1462 verba
2339 1395 2613 1462 Dionem

216 1498 512 1566 Cassium
560 1504 630 1568 in
676 1521 867 1568 suum
913 1521 1103 1566 usum
1151 1503 1536 1567 convertisse
1586 1499 1736 1566 LIII
1786 1501 1850 1585 3,
1900 1501 2011 1567 sed
2061 1523 2210 1566 eum
2261 1521 2374 1587 pro
2421 1501 2615 1582 ἄφρο-

218 1633 313 1681 νες
362 1608 687 1694 scripsisse
730 1606 988 1685 κόβαλ
1010 1630 1095 1671 οι.
1144 1606 1387 1673 Deinde
1431 1609 1498 1670 in
1548 1606 1770 1672 eodem
1823 1608 2061 1693 capite:
2109 1609 2253 1685 ἡμῖν
2293 1610 2400 1672 οὐκ
2439 1606 2614 1672 ἀνέλ-

220 1737 399 1783 πιςον
422 1715 505 1779 τὸ
545 1738 710 1779 τοιο
730 1719 858 1779 ῦτο
890 1714 1233 1796 ξυμβῆναι,
1258 1719 1537 1798 praestat
1560 1715 1687 1778 nisi
1709 1711 1896 1778 fallor
1928 1737 2028 1777 τα
2048 1714 2081 1778 ὖ
2101 1713 2188 1778 τὸ
2223 1719 2422 1782 τοῦτο.
2458 1711 2614 1801 Cap.

221 1819 309 1886 34
355 1821 641 1900 μένοντες
690 1819 1083 1902 πολιορκοῖντ’
1130 1819 1243 1904 ἄν,
1290 1820 1553 1884 fortasse
1602 1825 1914 1904 praestat:
1965 1821 2614 1901 ἐκπολιορκοῒντ’

220 1927 317 1996 ἄν.
368 1926 520 2015 Cap.
575 1926 661 1993 36
708 1929 777 1992 in
823 1927 1267 2012 Athenagorae
1312 1925 1557 1990 verbis:
1606 1926 1747 1996 τοὺς
1795 1927 1908 2000 μὲν
1953 1921 2308 2000 Ἀθηναίους
2356 1922 2484 1998 ὅςις
2523 1926 2612 2002 μὴ

218 2034 527 2113 βούλεται
598 2031 751 2099 οὕτω
814 2039 1016 2104 κακῶς
1081 2037 1378 2114 Φρονῆσαι
1453 2031 1591 2097 καὶ
1665 2032 2046 2112 ὑποχειρίους
2110 2034 2254 2110 ὑμῖν
2324 2031 2612 2110 γενέσθαι

221 2141 431 2207 ἐνθάδε
478 2141 763 2214 ἐλθόντας
786 2187 804 2220 ,
850 2139 886 2216 ἢ
934 2138 1131 2213 δειλός
1178 2139 1305 2207 ἕςιν
1354 2138 1388 2215 ἢ
1430 2147 1507 2221 τῇ·
1552 2138 1731 2203 πόλει
1773 2141 1881 2204 οὐκ
1924 2139 2160 2215 εὔνους,
2186 2141 2614 2205 necessarium

219 2257 313 2316 est
359 2250 474 2322 ὦς.
525 2245 679 2333 Cap.
730 2244 851 2312 37:
900 2245 1081 2324 μέγα
1126 2245 1253 2326 γὰρ
1302 2244 1372 2308 τὸ
1419 2244 1524 2310 καὶ
1576 2247 1803 2316 αὐταῖς
1844 2252 1986 2316 ταῖς
2029 2245 2203 2310 ναυσὶ
2254 2245 2612 2326 κούφαις

218 2360 504 2420 τοσοῦτον
565 2358 757 2419 πλοῦν
820 2355 985 2433 δεῦρο
1048 2353 1404 2430 κομισθῆναι
1424 2402 1443 2434 ,
1506 2356 1900 2438 expunctum
1967 2352 2162 2418 velim
2222 2353 2640 2420 adiectivnm'

219 2461 511 2545 κούφαις.
560 2459 793 2553 Itidem
840 2480 993 2527 vera
1038 2459 1226 2526 lectio
1273 2457 1453 2525 nullo
1501 2461 1760 2547 negotio
1805 2461 2064 2526 restitui
2109 2461 2344 2544 poterit
2389 2481 2444 2527 c.
2488 2457 2612 2524 38:

219 2570 347 2645 ἦτοι
416 2569 623 2647 λόγοις
680 2592 759 2647 γε
825 2566 1075 2643 τοιοῖςδε
1137 2565 1273 2631 καὶ
1342 2566 1434 2629 ἔτι
1496 2568 1726 2631 τούτων
1789 2565 2281 2647 κακουργοτέροις
2331 2568 2364 2641 ἢ
2417 2564 2612 2647 ἔργοις

218 2675 793 2753 καταπλήξαντας,
856 2693 1007 2739 nam
1066 2680 1344 2757 apparet·
1388 2672 1835 2759 corrigendum
1884 2690 2052 2737 esse:
2102 2672 2230 2746 ἤτοι
2276 2671 2484 2750 λόγοις
2532 2695 2611 2750 γε

219 2783 468 2855 τοιοῒςδε
513 2782 549 2857 ἢ
601 2780 690 2846 ἔτι
741 2781 966 2845 τούτων
1016 2777 1510 2859 κακουργοτέροις
1561 2775 1781 2857 ἔργοις.

310 2997 458 3065 Non
522 2997 687 3062 mihi
746 2994 1093 3081 persuadeo
1154 2994 1473 3059 sincerum
1523 3012 1660 3057 esse
1705 3013 1760 3058 c.
1810 2990 1934 3057 44:
2005 2993 2070 3057 οὐ
2119 2992 2463 3075 δεχομένων
2509 2995 2612 3058 αὖ·

220 3106 359 3178 τοὺς
431 3107 632 3186 ἀγορᾷ
704 3125 731 3166 ο
752 3103 785 3165 ὖ
810 3100 861 3165 δ’
924 3100 1105 3168 ὄις-ει
1126 3148 1143 3182 ,
1213 3118 1365 3165 nam
1425 3098 1604 3167 πόλις
1655 3097 1880 3182 utique
1927 3098 2304 3185 appellanda
2350 3098 2614 3181 fuisset,

222 3214 388 3295 quod
434 3216 500 3275 et
545 3229 657 3294 per
704 3229 771 3273 se
817 3211 1077 3292 apparet
1115 3211 1181 3270 et
1220 3203 1633 3271 confirmatur
1671 3224 1724 3270 c.
1771 3202 1876 3270 50.
1931 3203 2098 3284 Quid
2124 3200 2323 3271 latet?
2367 3204 2616 3289 Nempe

221 3316 381 3383 forte
428 3320 779 3400 sequuntur
826 3314 1021 3381 verba
1066 3310 1243 3378 ὕδατι
1296 3312 1356 3375 δὲ
1406 3311 1511 3375 καὶ
1558 3308 1718 3393 ὅρμῳ
1767 3310 2058 3396 illudque
2107 3308 2286 3376 ὕδατι
2333 3314 2428 3376 ita
2475 3332 2616 3377 cor-

223 3429 484 3508 ruptum
534 3421 661 3485 fuit
706 3426 781 3485 ut
827 3426 1111 3485 oreretur
1154 3416 1279 3482 οὐδ’
1330 3414 1494 3484 ἄςει.
1541 3415 1694 3503 Cap.
1748 3414 1834 3481 46
1881 3437 2088 3482 sermo
2136 3416 2208 3481 fit
2255 3418 2332 3481 de
2379 3416 2617 3505 Rhegi·

223 3530 352 3612 nia,
419 3547 575 3613 quos
646 3525 1136 3592 Atheniensium
1210 3524 1401 3589 duces
1471 3528 1738 3602 πρώτους
1815 3522 2162 3602 ἤρξαντο
2227 3524 2450 3587 πείθειν
2508 3524 2612 3588 καὶ

224 3633 378 3706 εἰκὸς
446 3627 512 3703 ἦν
573 3631 862 3708 μάλιςα,
923 3630 1035 3697 sed
1080 3628 1335 3709 ἤρξαντο
1385 3631 1547 3695 mire
1595 3627 1862 3716 languet
1909 3634 1974 3693 et
2019 3649 2144 3694 non
2193 3628 2416 3694 dubito
2461 3633 2617 3714 qn'm

226 3760 373 3805 vera
420 3740 733 3823 scriptura
783 3740 867 3803 sit
914 3734 1004 3813 ἠξ
1021 3736 1044 3801 ί
1060 3759 1219 3800 ωσα
1240 3760 1269 3799 ν
1290 3786 1309 3814 ,
1358 3737 1549 3800 sicuti
1597 3742 1766 3800 recte
1813 3734 2055 3822 legitur
2103 3734 2210 3799 VI.
2259 3732 2384 3799 87:
2432 3734 2618 3813 ἀξιώ-

225 3868 406 3922 σομεν
476 3845 724 3910 πείθειν.
794 3841 920 3909 Sed
988 3844 1275 3927 sequitur
1342 3842 1610 3929 gravius
1667 3841 1905 3905 vitium
1925 3886 1942 3917 ‚
2011 3839 2088 3906 de
2150 3861 2274 3925 quo
2337 3842 2618 3907 sanando

227 3953 389 4017 mihi
448 3972 596 4017 cum
660 3950 1011 4017 editoribus
1073 3968 1199 4015 non
1262 3947 1577 4013 convenit.
1631 3942 1990 4011 Ostendant
2033 3945 2368 4033 Segestani
2414 3948 2617 4013 Athe-

226 4058 541 4122 niensium
604 4054 837 4145 legatis
902 4075 1077 4121 sacra
1140 4074 1295 4121 vasa
1353 4056 1423 4117 in
1470 4054 1624 4119 aede
1671 4052 1930 4118 Veneris
1977 4052 2322 4139 Erycinae,
2370 4049 2414 4119 a
2463 4052 2609 4119 ὄντα

229 4163 537 4243 ἀργυρᾶ
593 4165 801 4243 πολλῷ
866 4161 1058 4227 πλείω
1118 4163 1229 4235 σὺν
1272 4158 1411 4237 ὄψιν
1458 4160 1573 4223 ἀπ’
1627 4158 1842 4237 ὀλίγης
1899 4157 2212 4237 δυνάμεως
2258 4161 2614 4241 παρείχετο.

228 4266 317 4334 De
377 4272 689 4335 sententia
753 4268 985 4333 horum
1042 4266 1386 4333 verborum
1408 4312 1424 4344 ‚
1491 4267 1734 4351 opinor,
1783 4273 2047 4331 constat.
2097 4265 2330 4331 Narrat
2379 4263 2618 4331 Grotus

232 4372 361 4441 V11.
430 4374 594 4441 146:
666 4376 763 4439 the
811 4375 987 4458 plata
1046 4374 1172 4437 and
1230 4372 1535 4437 donatiws
1597 4394 1749 4437 were
1810 4372 2112 4437 eoekibited
2169 4372 2373 4456 before
2431 4372 2582 4435 them
2593 4399 2620 4450 ‚-
