3150 5000
500 256 588 323 22
1422 276 1668 329 roam
1711 244 1960 329 omnm.

499 466 637 511 cere
697 446 954 513 videtur
972 494 988 526 ‚
1050 449 1233 513 cuius
1291 468 1531 515 sorores
1592 453 1920 515 mortuum
1949 435 2258 538 'lugentes
2302 450 2370 515 in
2416 447 2683 535 populos
2723 466 2873 513 mu-

495 556 667 619 tatae
710 557 880 619 sunt.

583 766 656 832 V.
708 765 847 832 964

768 871 946 940 ὕδατι
996 874 1046 939 δ’
1092 869 1175 940 αὖ
1221 874 1415 953 μίξας
1445 875 1688 954 λοιβὰς
1731 872 1972 957 χεόμην
2020 874 2154 955 περὶ
2202 872 2452 953 βόθρον,

762 979 1011 1063 ὄρφνινοὶ
1059 983 1109 1045 θ’
1158 978 1491 1059 ἑσσάμενος
1538 981 1710 1062 Φῶρη
1759 981 1864 1047 καὶ
1913 980 2292 1064 oin-exsta
2337 979 2584 1061 χαλκόν

762 1089 977 1169 κρούων
1022 1088 1392 1163 ἐλλισάμην.

580 1192 775 1261 Nulla
825 1199 919 1259 eet
964 1196 1128 1260 ratio
1146 1241 1163 1269 ‚
1214 1216 1327 1260 cur
1372 1199 1627 1279 poetam
1674 1199 1907 1261 aenum
1955 1194 2260 1259 inimicum
2305 1195 2424 1261 hoc
2469 1193 2608 1261 loco
2638 1193 2871 1267 dixisse

491 1302 954 1368 existimemus.
1027 1299 1260 1366 Procul
1306 1301 1501 1367 dubio
1546 1302 1799 1387 scripsit

1672 1408 1777 1473 καὶ
1825 1406 2162 1488 οἱπηχέα
2205 1406 2452 1488 χαλκὸν

761 1512 977 1593 κρούων
1025 1512 1401 1592 ἐλλισάμην,

489 1642 651 1708 quae
695 1622 891 1688 verba
936 1620 1027 1685 sic
1072 1626 1347 1686 correcta
1392 1640 1517 1685 non
1563 1620 1845 1707 egebunt
1887 1620 2250 1707 interprete.

578 1835 795 1921 Hyan.
846 1833 941 1920 X,
986 1831 1075 1898 28

673 1939 887 2005 πάντα
930 1940 1006 2005 σὺ
1055 1938 1221 2005 ἔσσα·
1267 1941 1353 2006 τὰ
1400 1938 1617 2005 πάντα
1658 1941 1734 2006 σὺ
1782 1941 1908 2021 γὰρ
1950 1940 2140 2019 μούνη
2187 1939 2339 2007 τάδε
2385 1941 2660 2024 τεύχεις.

486 2047 740 2114 Horum
816 2034 1203 2134 hymnorum
1282 2053 1502 2114 auctor
1570 2047 1753 2113 anxie
1815 2050 2022 2116 vitare
2081 2047 2243 2114 solet
2301 2050 2553 2115 hiatum
2571 2098 2586 2125 ,
2653 2052 2868 2135 itaque

488 2156 699 2219 nescio
744 2174 823 2217 an
871 2152 975 2217 hic
1023 2154 1293 2218 scribere
1337 2150 1639 2219 maluerit
1687 2150 1901 2218 πάντα
1946 2152 2093 2231 σύγ’
2139 2155 2269 2219 ἔσσι
2319 2160 2382 2221 et
2427 2153 2798 2239 LXXXIV,
2823 2152 2866 2218 3

487 2260 703 2324 τούσδε
741 2260 1015 2336 σύ<γ’>
1058 2260 1119 2323 ἑν
1142 2266 1429 2329 τελεταῖς
1454 2256 1648 2331 ὁσίαις
1673 2258 1924 2337 μύστας
1951 2258 2326 2336 ἁναδείξαις.
2357 2258 2455 2329 Of.
2482 2260 2828 2327 XXXXIX
2847 2306 2866 2339 ‚

488 2366 553 2431 5.
597 2364 707 2431 LV
725 2410 741 2441 ,
798 2364 901 2429 18.

409 2667 417 2670 -
577 2578 708 2666 XI,
754 2578 797 2644 4
844 2576 1215 2658 αἶγομελές,
1266 2578 1647 2661 βακχευτοὶ,
1695 2579 2043 2662 φιλένθεος,
2093 2581 2637 2662 ἁνσροδίαιτε.

488 2687 594 2770 Sic
664 2683 1072 2751 Hermannue
1133 2687 1401 2752 correxit
1460 2706 1573 2771 pro
1633 2686 2202 2768 ἀστροδίαιτε,
2268 2708 2394 2755 non
2453 2687 2627 2756 male
2689 2688 2862 2775 (nam

486 2794 651 2860 Pani
731 2814 921 2879 quem
999 2794 1231 2880 hymni
1301 2799 1523 2859 auctor
1599 2791 1946 2878 alloquitur
2015 2791 2346 2879 speluncae
2405 2815 2611 2862 sacrae
2671 2796 2864 2861 fuisse

486 2900 845 2986 novimus),
909 2901 1033 2964 nisi
1084 2898 1301 2985 paullo
1346 2906 1489 2984 post
1536 2919 1629 2966 ve.
1682 2899 1766 2965 12
1811 2902 2048 2965 iterum
2094 2907 2422 2987 appareret
2466 2903 2708 2981 ἄντρα
2723 2926 2862 2984 χα-

484 3033 515 3089 ρ
531 3006 560 3072 b
578 3034 630 3080 ς.
702 3007 908 3087 Quare
952 3007 1162 3072 nescio
1210 3026 1289 3071 an
1335 3005 1628 3072 codicum
1674 3008 1987 3092 scriptura
2025 3009 2222 3073 etiam
2260 3007 2466 3074 lenius
2503 3006 2862 3096 refingenda

486 3117 571 3180 sit
613 3116 681 3178 in
729 3114 823 3177 οἰκ
844 3110 1246 3195 ροδΙαιτε,
1295 3113 1659 3178 cacuminum
1704 3111 1937 3196 incola,
1995 3113 2162 3198 quod
2207 3134 2330 3180 non
2377 3113 2592 3180 minus
2637 3119 2856 3200 aptum

484 3219 677 3286 Panis
724 3226 819 3284 est
865 3217 1210 3303 epitheton.
1266 3216 1668 3283 Hermannue
1709 3219 2156 3283 correctionem
2195 3239 2376 3284 suam
2405 3220 2666 3286 fortasse
2690 3241 2858 3286 aum-

484 3327 569 3390 eit
629 3345 707 3389 ex
752 3325 995 3410 hymno
1041 3324 1109 3386 in
1155 3321 1517 3389 Minervam
1537 3369 1553 3400 ‚
1605 3343 1796 3408 quam
1845 3329 2029 3408 poeta
2071 3323 2365 3402 XXXII,
2411 3323 2454 3390 3
2499 3327 2654 3392 satie
2702 3328 2859 3391 mire

484 3429 832 3514 alloquitur
878 3428 1441 3507 ὦντροδίαιτε,
1493 3449 1642 3494 nam
1682 3429 1843 3494 hanc
1885 3427 2065 3493 deam
2107 3431 2174 3492 in
2200 3433 2399 3496 antris
2421 3434 2662 3498 versari
2684 3433 2859 3520 igno-

483 3535 703 3601 rabam
774 3533 1191 3620 confiteorque
1252 3555 1358 3601 me
1430 3537 1524 3600 ibi
1601 3519 1882 3621 quoque⁸
1922 3541 2282 3620 expectasse
2345 3539 2856 3620 ἄκροδίαιτε,

484 3661 632 3706 cum
670 3643 1039 3726 praesertim
1088 3648 1428 3725 sequantur
1474 3642 1668 3707 verba
1714 3631 1749 3714 ἢ
1788 3640 2086 3722 κατέχεις
2125 3641 2319 3722 ὄχθων
2361 3643 2650 3724 ὑψηχέας
2675 3647 2860 3726 ἀκρω-

484 3747 650 3828 ρείας
694 3749 705 3832 Ι
748 3745 835 3820 ἥδ’
898 3744 1039 3827 ὄρεα
1100 3747 1400 3811 σκιόεντα.
1473 3745 1600 3812 Pro
1646 3743 2002 3813 Hermanni
2059 3753 2275 3814 autem
2331 3752 2686 3818 coniectura
2731 3751 2864 3820 noli

483 3853 702 3921 afferre
750 3851 1069 3940 hymnum
1113 3851 1205 3938 L,
1256 3852 1369 3918 ubi
1412 3873 1477 3919 v.
1528 3851 1569 3918 2
1617 3854 1708 3918 eic
1755 3853 2102 3939 alloquitur
2146 3855 2467 3921 Bacchum

754 3957 1005 4039 σπέρμα
1052 3957 1508 4041 πολύμνηστον,
1558 3959 1915 4038 πολυώνυμε
1939 4009 1956 4034 .
2007 3961 2102 4028 λύ
2116 3985 2155 4026 σ
2175 3986 2239 4028 ιε
2285 3961 2504 4042 δαῖμον

482 4067 709 4134 deinde
754 4087 902 4134 vero
952 4087 1043 4133 vs.
1092 4065 1135 4130 8
1185 4067 1493 4134 eundem:
1593 4087 1600 4098 ·

753 4175 1023 4250 λύσιε,
1075 4173 1473 4254 θυρσομανές,
1526 4172 1762 4254 βρόμι’,
1811 4174 1969 4254 εὔιε,
2017 4179 2208 4242 πᾶσιν
2255 4175 2492 4259 ἒύφρον.

571 4275 809 4345 Nullus
874 4280 1045 4344 enim
1107 4278 1331 4346 dubito
1393 4282 1547 4365 quin
1595 4279 1902 4347 alterutro
1946 4281 2084 4349 loco
2131 4301 2242 4370 pro
2289 4284 2484 4350 Λύσιε
2533 4287 2854 4374 corrigen-

483 4388 640 4453 dum
686 4388 771 4452 sit
816 4384 1034 4452 Νύσιε.
