3150 5000
560 277 649 346 52
1485 247 1736 347 romu
1773 293 2026 349 emm.

644 463 821 530 Iusto
868 462 1212 531 violentius
1260 458 1479 531 Christ
1525 438 1732 532 tentat
1780 464 2050 544 ξείνοισιν
2099 462 2317 547 ἔοικεν,
2370 488 2518 533 oum
2555 465 2765 535 lenius
2801 488 2936 555 pos·

554 572 643 637 sis
688 569 1107 652 παρέθηχ’,
1155 565 1201 635 ἃ
1247 569 1641 647 ξείνοισιν
1689 570 1857 651 θέμις
1905 572 2056 643 lew.

643 794 695 870 E
744 784 833 852 85
880 784 1186 861 Τυδεΐδην
1232 783 1287 849 δ’
1333 785 1442 851 οὐκ
1489 782 1565 851 ἂν
1608 784 1852 866 γνοίης,
1900 784 2199 867 ποτέροισι
2245 786 2464 865 μετείη
2487 836 2507 872 ,

868 892 934 968 ἠὲ
978 891 1148 969 μετὰ
1192 890 1498 972 Τρώεσσιν
1545 891 1776 968 δμιλέοι
1828 893 1862 969 ἢ
1909 894 2087 971 μετ’
2135 895 2538 975 ’Λχαιοῒς.

640 998 870 1065 Nauck
931 998 1197 1064 coniecit
1260 996 1294 1073 ἢ
1346 1004 1644 1063 Δαναοῖσι
1669 1046 1685 1075 ,
1751 999 2046 1085 equidem
2108 998 2440 1065 hausoiam
2497 1019 2576 1065 an
2623 1000 2934 1083 scriptura

548 1102 819 1192 vulgata
861 1106 1289 1191 suspicionem
1334 1123 1548 1169 meam
1595 1102 1920 1171 confirmet
1965 1125 2091 1172 non
2137 1108 2343 1192 prisoo
2394 1112 2648 1191 poetae,
2694 1103 2804 1171 sed
2839 1104 2934 1168 in·

549 1209 919 1295 terpolatori
957 1210 1173 1275 deberi
1212 1228 1463 1276 versum
1505 1230 1763 1295 prorsus
1806 1210 2106 1280 inutilem
2142 1212 2320 1287 133—
2347 1211 2660 1292 Ἀχαιοῖς.
2694 1208 2934 1277 Eadem

548 1316 755 1383 forma
800 1337 960 1403 quae
1006 1335 1225 1383 omnes
1270 1316 1629 1405 corrigendi
1673 1324 1936 1385 conatus
1983 1319 2189 1384 eludit
2229 1318 2385 1384 facit
2422 1326 2498 1386 ut
2539 1320 2762 1385 seriori
2785 1336 2937 1384 aevo

548 1423 884 1488 tribuerim
930 1422 1227 1508 pulchros
1274 1442 1494 1489 versus
1542 1433 1598 1488 Θ
1625 1422 1756 1490 487
1804 1444 1893 1510 sq.

819 1529 1056 1608 Τρωσὶν
1099 1528 1215 1608 μέν
1262 1530 1311 1610 ῥ’
1360 1530 1642 1595 ἀέκουσιν
1688 1528 1789 1596 ἔδυ
1835 1530 2034 1615 Φάος,
2090 1530 2296 1612 αὐτὰρ
2345 1531 2725 1613 Ἀχαιοῖς

822 1637 1104 1711 ἀσπασίη
1152 1636 1498 1715 τρίλλιστος
1546 1636 1810 1713 ἐπήλυθε
1859 1636 1970 1715 ’νὺξ
2019 1636 2319 1717 ἐρεβεννή.

639 1740 821 1808 Idem
865 1741 1042 1809 valet
1086 1742 1164 1808 de
1208 1741 1346 1809 loeo
1390 1752 1435 1807 P
1487 1740 1844 1809 396—399
1864 1792 1883 1826 ‚
1928 1746 2164 1829 partim
2204 1747 2555 1832 composito
2593 1746 2672 1813 ad
2727 1767 2934 1813 exem·

548 1848 731 1935 plum
771 1848 898 1916 loci
944 1856 1005 1914 N
1054 1848 1183 1917 127
1231 1868 1324 1934 sq.
1371 1848 1467 1916 De
1512 1849 1776 1937 reliquis
1818 1849 1976 1917 loeis
1994 1896 2012 1927 ‚
2058 1850 2174 1917 ubi
2217 1849 2538 1933 ’Axoeaore'
2586 1854 2777 1921 scribi
2822 1873 2934 1919 ne-

550 1958 726 2041 quit,
772 1956 1120 2022 satisfaciet
1162 1954 1224 2023 N
1227 1954 1514 2022 auekius.

640 2180 694 2237 T
742 2168 877 2237 292
924 2170 1159 2236 αὐτίκα
1206 2169 1261 2234 δ’
1311 2168 1670 2236 ἀθανάτοισι
1719 2170 1871 2244 θεοῖς
1920 2172 2091 2248 μετὰ
2139 2172 2323 2250 μῦθον
2371 2170 2592 2239 ἔειπεν.
2729 2231 2734 2242 ,

500 2288 507 2304 ’
640 2276 961 2343 Christius
1006 2282 1469 2343 commemorat
1512 2274 1718 2344 Graffi
1765 2280 2196 2347 coniecturam

926 2382 1161 2449 αὐτίκα
1206 2382 1391 2460 μῦθον
1438 2381 1604 2449 ἔειπε
1651 2383 1798 2462 μετ’
1845 2383 2205 2451 ἀθανάτοισι
2256 2385 2457 2453 θεοῖσι.

546 2489 863 2578 Equidem
909 2488 1141 2557 malim
1184 2510 1315 2556 una
1362 2488 1569 2557 deleta
1611 2488 1938 2558 litterula:

927 2598 1159 2664 αὐτίκα
1206 2597 1259 2662 δ’
1306 2595 1664 2663 ἂθανάτοισι
1711 2598 1882 2672 θεὸς
1933 2599 2105 2676 μετὰ
2151 2599 2340 2675 μῦθον
2385 2595 2607 2665 ἔειπεν.

542 2789 555 2800 ·
638 2706 739 2774 Ad
784 2712 1170 2772 structuram
1218 2704 1298 2771 of.
1346 2712 1393 2769 Γ
1442 2702 1594 2771 808.
1648 2713 1674 2769 1
1725 2703 1878 2771 632.
1929 2713 1998 2769 Ω.
2052 2701 2206 2774 777.
2255 2731 2286 2788 ρ
2336 2702 2492 2774 495.

640 2925 711 2982 Ω.
760 2914 849 2982 84
911 2912 1060 2981 εἵαθ’
1106 2914 1434 2999 ὁμηγερέες
1488 2911 1664 2982 ἅλιαι
1715 2917 1888 2983 θεαί·
1935 2919 1969 2994 ἡ
2020 2916 2074 2982 δ’
2122 2918 2206 2982 ἐν)
2250 2916 2558 3001 μέσσῃς

908 3031 1093 3088 κλαῖε
1138 3022 1315 3102 μόρον
1362 3019 1430 3088 οὗ
1475 3021 1720 3096 παιδός.

635 3129 867 3196 Nauck
924 3131 1190 3197 coniecit
1250 3130 1329 3194 ἐν)
1394 3139 1569 3211 τῇσιν
1593 3180 1610 3207 ,
1677 3131 1784 3196 ned
1849 3129 2066 3217 paullo
2123 3129 2325 3198 lenior
2387 3133 2692 3200 eorrectio
2735 3132 2928 3200 fuerit

544 3234 630 3302 ἐν)
677 3235 885 3318 μέσσῳ
902 3281 919 3312 ,
970 3235 1138 3321 quod
1182 3235 1493 3321 suspicari
1538 3236 1692 3303 lieet
1737 3236 1969 3304 collato
2014 3236 2154 3309 loeo
2203 3235 2522 3326 Odysseae
2567 3264 2620 3319 μ
2665 3238 2778 3307 20.

636 3460 695 3516 A
747 3447 877 3516 170
2218 3451 2350 3518 οὐδέ
2398 3455 2454 3519 σ’
2507 3453 2606 3521 δΐω

820 3553 1015 3621 enoda·
1060 3554 1282 3633 ἄτιμος
1329 3555 1436 3624 ε’ὣν
1484 3555 1713 3639 ἄφενος
1760 3560 1866 3624 καὶ
1911 3561 2176 3625 πλοῦτον
2222 3559 2336 3642 ἀφ
2357 3556 2446 3635 ύξ
2461 3582 2591 3625 ειν.

634 3661 874 3730 Eodem
922 3663 1052 3730 fere
1100 3669 1383 3748 tempore
1430 3664 1556 3730 duo
1603 3667 1730 3732 viri
1772 3666 1941 3732 docti
1988 3663 2204 3732 Christ
2251 3671 2317 3734 et
2358 3666 2421 3732 Ν
2424 3666 2604 3750 aber,
2649 3685 2778 3732 non
2821 3667 2923 3731 in-

544 3771 712 3836 iuria
772 3769 1036 3836 fortasse
1081 3768 1409 3836 haerentes
1452 3770 1516 3835 in
1565 3773 1731 3837 miro
1776 3773 1957 3840 verbi
2003 3772 2309 3854 ἀφύσσειν
2356 3791 2478 3836 usu
2526 3774 2925 3838 coniecerunt

544 3873 855 3955 ἀέξειν,
905 3895 1032 3941 non
1076 3881 1442 3961 reputantes
1486 3880 1747 3944 omnino
1793 3880 2215 3944 neceesarium
2263 3898 2398 3944 esse
2446 3885 2702 3965 tempus
2745 3877 2922 3944 futu-

541 4003 687 4049 rum
736 3985 802 4048 et
843 3980 1045 4058 ἀέξειν
1094 4001 1207 4069 pro
1255 3979 1538 4059 ἀεξήσειν
1584 4003 1718 4050 esse
1762 3984 2152 4051 inauditum.
2198 3983 2456 4052 Feri-em
2503 3983 2788 4071 έπάξειν,
2815 3981 2922 4050 sed

540 4088 825 4155 abstineo
872 4109 909 4155 a
954 4090 1332 4156 coniectura.

632 4316 685 4371 A
741 4303 872 4370 194
896 4325 987 4391 sq.
1036 4301 1445 4371 Subsoribere
1483 4305 1703 4371 nullus
1743 4305 1968 4373 dubito
2002 4305 2239 4374 iudicio
2262 4283 2650 4386 Aristarchi,
2675 4311 2916 4392 utrum·

542 4433 664 4499 que
708 4431 965 4480 versum
985 4457 1003 4490 ‚
1053 4413 1164 4496 qui
1206 4419 1377 4478 reete
1422 4410 1732 4500 leguntur
1775 4413 1843 4478 in
1889 4412 2220 4482 Minervae
2267 4415 2548 4482 oratione
2592 4412 2754 4500 (208
2779 4411 2916 4500 sq.),
