3150 5000
1114 313 1374 366 oAssms
1417 316 1547 366 mo.
1812 329 1817 336 ·
2394 297 2523 367 323

177 490 269 549 τοῦ
323 471 386 550 53
443 481 516 550 ὦν
579 483 608 548 ὅ
675 483 780 552 λς’
847 483 951 548 καὶ
1016 485 1046 549 ὃ
1108 482 1208 565 λζ’
1278 481 1384 549 καὶ
1448 483 1478 547 ὃ
1541 481 1626 547 νδ’
1689 483 1749 546 ἐν
1810 481 1980 562 μέσῳ
2031 479 2337 554 ἐλλειπείς
2384 482 2522 562 (sio)

251 591 489 668 βιβλίον
538 575 672 658 32⁰⁹
715 587 988 672 ἄναρχον

252 697 486 775 βιβλίον
533 682 660 779 *zo—'⁶’
706 698 740 773 ἧ
791 697 883 776 ἄρ.
936 695 1022 776 τῷ
1069 695 1126 760 δ’
1171 693 1621 776 &mmmmm
1670 690 1792 758 ἔτει
1839 716 1895 757 κ.
1924 716 1980 756 τ.
2013 707 2076 758 λ.

175 801 380 868 Libros
423 804 632 890 igitur
677 801 904 868 Dionis
955 803 1238 868 continet
1286 799 1573 867 36-54.
1649 799 1887 884 Incipit
1932 801 2059 864 ita:

251 908 288 974 fi
353 908 385 973 l
447 930 542 978 vs.
609 907 787 975 l-f.
857 912 898 974 4
947 928 1042 976 vs.
1095 907 1215 974 11:
1263 909 1366 973 καὶ
1415 901 1504 972 ὅτι
1555 908 1785 989 ἰσχυρᾷ·
1832 915 1909 987 τῇ
1958 905 2127 986 τύχη
2176 941 2261 954 -·
2306 905 2519 984 ὀλίγου

177 1013 438 1096 διεφθάρη
458 1062 475 1092 ,
519 1015 594 1080 L.
625 1013 732 1093 36,
762 1013 982 1080 3-19
1010 1019 1114 1101 (--
1138 1013 1246 1091 35,
1275 1011 1494 1079 1-17
1519 1014 1585 1077 in
1612 1012 1997 1078 editionibus
2018 997 2525 1098 vetustioribus).

179 1117 450 1205 Sequitur
493 1121 535 1186 f.
592 1122 634 1186 4
681 1142 776 1187 vs.
829 1119 912 1186 12
961 1124 1148 1206 (novo
1195 1122 1406 1205 versu)
1453 1119 1817 1189 δυναστείας
1868 1115 1937 1181 σε
1986 1118 2123 1198 ἐρῶν
2172 1126 2237 1183 et
2285 1117 2529 1204 reliqua

177 1247 400 1309 prorsus
445 1227 670 1294 eodem
717 1227 906 1293 modo
953 1247 1076 1312 quo
1124 1229 1191 1291 in
1239 1225 1529 1291 Mediceo
1575 1235 1632 1290 A
1671 1225 2010 1312 leguntur,
2057 1223 2131 1288 L.
2176 1221 2298 1300 36,
2342 1223 2402 1288 1.
2449 1221 2523 1300 2;

180 1329 252 1396 20
293 1353 418 1418 sqq.

257 1441 448 1523 Atque
501 1442 723 1506 statim
783 1440 889 1505 hic
952 1439 1162 1506 dicam
1237 1438 1404 1524 quod
1465 1458 1615 1503 mox
1676 1438 2057 1523 probaturus
2118 1456 2259 1501 sum
2282 1482 2299 1515 ,
2354 1435 2529 1502 codi-

175 1565 296 1608 cem
341 1544 716 1612 Vaticanum
769 1557 822 1612 A
873 1565 910 1610 a
960 1544 1251 1612 Mediceo
1301 1556 1356 1611 A
1405 1565 1539 1610 esse
1585 1545 1997 1627 descriptum.
2073 1540 2145 1607 Si
2192 1545 2302 1626 qui
2356 1527 2529 1607 enim

175 1651 340 1717 codex
360 1700 376 1731 ,
437 1673 599 1739 quae
652 1653 818 1740 folio
883 1658 1138 1717 abu-im
1199 1655 1523 1738 perierunt
1578 1654 1649 1717 in
1714 1650 1891 1715 Med.
1971 1662 2024 1715 A
2048 1695 2065 1726 ‚
2135 1649 2355 1714 eadem
2416 1647 2533 1714 illa

175 1760 429 1838 omittit,
495 1760 598 1826 vel
662 1762 868 1846 spatio
912 1778 1114 1825 vacuo
1161 1757 1384 1824 relicto
1428 1758 1771 1841 additaque
1816 1761 1967 1822 nota
2012 1757 2214 1820 λείπει
2235 1802 2253 1832 ,
2304 1753 2409 1820 vel
2456 1775 2535 1820 ue

175 1865 422 1932 indicata
484 1865 742 1950 quidem
809 1864 1072 1949 lacuna,
1137 1865 1306 1930 hunc
1369 1864 1649 1930 codicem
1712 1883 1789 1928 ex
1837 1862 2127 1927 Mediceo
2173 1861 2535 1927 derivatum

178 1991 288 2036 esse
341 1979 619 2057 apparet.
701 1971 779 2036 Id
842 1977 1054 2038 autem
1122 1971 1334 2056 ipsum
1398 1973 1466 2034 in
1528 1968 1833 2035 Vaticano
1894 1973 2109 2033 nostro
2171 1989 2291 2033 usu
2339 1969 2534 2034 venit.

181 2075 436 2142 Primam
484 2076 778 2142 lacunam
831 2084 896 2142 et
943 2077 1282 2142 secundam
1335 2080 1399 2142 et
1445 2078 1705 2140 tertiam
1754 2074 1870 2160 (36
1897 2124 1915 2159 ,
1966 2071 2196 2160 36,·37ς
2242 2071 2351 2157 37,
2394 2071 2529 2157 718ς

182 2178 268 2264 37,
329 2181 448 2258 29,
518 2181 653 2268 314)
719 2183 888 2248 binis
943 2182 1070 2248 fere
1117 2181 1290 2248 foliis
1335 2183 1515 2267 puris
1560 2179 1801 2246 relictis
1846 2179 2145 2245 librarius
2188 2179 2533 2255 indicavit;

181 2307 280 2350 non
323 2287 486 2354 vidit
535 2288 732 2353 etiam
782 2285 907 2372 48,
957 2289 1037 2353 41
1066 2335 1081 2364 ,
1137 2287 1175 2353 7
1227 2293 1291 2352 et
1340 2286 1461 2364 49,
1514 2285 1638 2370 39,
1682 2285 1722 2350 5
1761 2285 2017 2374 singula
2056 2284 2210 2350 folia
2246 2283 2537 2350 Mediceo

183 2391 440 2460 defuisse.
512 2393 654 2475 Quo
702 2394 943 2459 factum
993 2399 1090 2459 est
1137 2398 1211 2458 ut
1257 2395 1466 2478 priore
1513 2392 1653 2458 loco
1700 2393 1911 2457 verbis
1956 2393 2024 2456 in
2071 2390 2226 2460 folio
2262 2389 2538 2456 Medicei

183 2495 308 2563 222¹
353 2498 600 2565 ultimis
647 2501 751 2565 ὑπ’
796 2502 984 2566 αὐτοῦ
1035 2497 1524 2581 πολιορκηθέντες
1586 2497 1722 2584 (48,
1767 2497 1875 2576 41,
1919 2495 1987 2584 ’7)
2027 2500 2237 2582 prima
2274 2500 2342 2561 iu
2379 2495 2535 2563 folio

184 2600 292 2670 223
331 2608 510 2686 χωρὶς
562 2606 626 2671 δὲ
667 2608 768 2672 τὸν
806 2604 1053 2684 Νέρωνα
1107 2604 1254 2690 (48,
1307 2604 1393 2669 44
1419 2654 1434 2681 ,
1482 2602 1546 2688 3)
1595 2606 2027 2680 coniunxerit,
2072 2602 2271 2668 altero
2309 2608 2529 2669 autem

183 2710 368 2776 eodem
423 2711 613 2781 modo
673 2732 800 2778 uno
858 2718 1074 2778 tenore
1134 2714 1494 2798 scripserit:
1547 2708 1969 2786 σκηπτόμενος
2035 2706 2113 2772 δι’
2162 2708 2326 2774 οὐδὲν
2371 2706 2532 2773 ἄλλο

187 2818 339 2881 αὑτὸν
393 2818 826 2900 συνειληφέναι
889 2818 1262 2883 ὑπέστελλον
1327 2817 1431 2881 καὶ
1505 2815 1862 2897 ἐμετρίαζον
1928 2840 1985 2880 κ.
2013 2839 2072 2879 τ.
2101 2830 2161 2879 λ.
2228 2813 2313 2879 49
2336 2861 2355 2893 ,
2407 2812 2492 2879 39
2514 2863 2531 2891 ,

191 2922 222 2983 5
262 2930 318 2987 et
361 2922 444 2989 42
467 2974 486 3002 ,
540 2922 602 2992 3.

261 3030 422 3097 Adde
483 3030 585 3095 his
641 3029 918 3096 Medicei
982 3050 1204 3096 versus
1248 3031 1532 3116 integros
1578 3048 1616 3093 a
1666 3026 1925 3093 librario
1973 3026 2207 3092 codicis
2251 3025 2541 3092 Vaticani

191 3136 454 3213 omissos,
518 3142 594 3201 ut
656 3134 784 3219 38,
847 3134 969 3213 48,
1020 3135 1062 3202 2
1109 3142 1226 3201 τῶν
1271 3132 1589 3212 Ῥωμαίων
1634 3132 2137 3217 προκαλουμένων
2184 3134 2357 3215 σφοῖς
2404 3156 2541 3197 συν-

191 3238 364 3318 εμιξεν
419 3242 592 3307 α’λλοὶ
656 3247 721 3307 et
782 3239 904 3319 49,
965 3239 1073 3319 37,
1144 3241 1186 3305 4
1234 3241 1442 3319 ὀλίγον
1497 3239 1735 3305 ἄπωθεν
1786 3238 2217 3319 παραρρέοντος
2271 3236 2541 3303 διάκενόν

193 3367 238 3405 τι
275 3370 477 3433 κατε-ς
523 3346 683 3414 adde
731 3346 1002 3413 absurda
1048 3347 1358 3432 quaedam
1405 3348 1600 3422 vitia,
1656 3352 1807 3411 nata
1856 3366 1891 3411 e
1944 3344 2215 3411 lectione
2264 3343 2543 3411 Medicei

193 3458 282 3515 aut
320 3453 655 3539 depravata
699 3457 813 3519 aut
860 3452 1029 3519 male
1074 3452 1436 3535 intellecta,
1489 3451 1695 3517 veluti
1747 3450 1864 3535 39,
1915 3451 2001 3515 42
2024 3498 2039 3527 ,
2084 3450 2125 3515 2
2169 3470 2283 3536 pro
2323 3450 2538 3524 ὁμοίως

195 3557 372 3625 medio
415 3580 603 3626 versu
648 3561 676 3622 ὂ
693 3583 746 3635 μ
765 3557 837 3623 ol
880 3557 1158 3646 legitur,
1206 3558 1373 3643 quod
1419 3560 1486 3623 in
1531 3556 1824 3623 Mediceo
1866 3559 1934 3621 in
1975 3576 2197 3622 versus
2237 3554 2359 3621 fine
2384 3556 2541 3620 faci-

193 3657 312 3727 lem·
345 3664 534 3731 habet
597 3662 1082 3750 explicationem
1106 3713 1123 3743 ,
1188 3682 1376 3730 versu
1432 3665 1607 3728 enim
1671 3660 1959 3748 sequenti
2017 3661 2317 3726 librarius
2365 3660 2542 3727 aliud

195 3785 354 3853 agens
415 3795 488 3844 ως
550 3770 779 3836 addere
842 3768 1081 3836 oblitus
1126 3777 1258 3855 est3
1307 3774 1372 3834 et
1421 3767 1546 3854 46,
1596 3767 1721 3852 23,
1772 3767 1812 3832 5
1859 3770 1925 3831 in
1972 3764 2193 3832 Caleni
2238 3766 2319 3834 ad
2365 3764 2543 3834 Cice-

197 3891 375 3941 ronem
423 3878 637 3943 verbis
682 3874 882 3941 καίτοι
930 3874 1100 3957 πόσῳ
1151 3884 1421 3956 κρεῖττον
1471 3871 1536 3948 ἦν
1586 3875 1729 3941 τότε
1780 3872 1968 3937 αὐτὸν
2016 3874 2328 3939 ἀντειπεῖν
2376 3871 2543 3955 εἴπερ

199 4000 240 4042 τι
291 3983 481 4047 αὐτῶν
526 3981 732 4059 μήδε
779 3980 1020 4055 ὅντως
1070 3982 1357 4060 ἐγίγνετο
1406 3983 1733 4046 invenitur
1778 4000 1891 4065 pro
1943 3980 2029 4055 μὴ
2079 3978 2326 4053 δεόντως
2376 3979 2545 4065 quod

199 4079 456 4153 librarius
479 4087 750 4153 Medicei
768 4134 785 4165 ,
813 4090 923 4173 qui
949 4090 1317 4173 saepissime
1347 4088 1533 4152 unius
1556 4085 1853 4152 vocabuli
1880 4084 2165 4171 syllabas
2190 4085 2506 4173 disiungit
2524 4135 2543 4171 ‚

201 4195 494 4279 coniungit
551 4193 986 4271 diversorum,
1035 4215 1150 4261 suo
1196 4214 1375 4260 more
1422 4195 1757 4278 scripserat
1806 4192 2008 4267 μηδε
2057 4190 2343 4277 dure-2⁶3
2390 4190 2550 4257 adde

201 4289 470 4365 lemmata
505 4298 798 4365 Mediceo
826 4302 896 4364 in
935 4302 1228 4387 marg-ine
1271 4304 1555 4384 tempore
1598 4297 1807 4363 multo
1830 4300 2173 4364 recentiore
2194 4298 2511 4383 adscripta
2528 4344 2546 4376 ‚

204 4418 233 4460 ι
277 4400 548 4471 Vaticani
607 4406 816 4471 scriba
880 4403 1151 4472 fideliter
1215 4402 1522 4471 translata
1578 4410 1685 4485 (ut
1746 4405 1824 4470 ad
1890 4402 2011 4482 36,
2060 4402 2149 4469 25
2200 4402 2543 4484 δημηγορία

3075 1047 3084 1112 —n-
