3150 5000
549 274 676 341 192
1579 293 1902 344 nonnos·

538 461 632 526 ita
677 464 752 525 nt
796 461 1127 538 ooniieias,
1175 459 1266 526 σοὶ
1318 463 1502 525 ταῦτ’
1550 466 1663 526 aut
1707 463 1892 526 ταῦτ’
1940 455 2041 528 οὖν
2087 461 2143 526 σ’
2184 483 2317 528 esse
2356 461 2737 549 legendum,
2784 483 2929 530 eum

538 569 914 652 praesertim
973 587 1240 654 sequens
1299 586 1548 652 quoqne
1606 587 1827 633 versus
1872 572 2206 654 corruptus
2255 567 2336 634 ad
2384 587 2496 634 nos
2542 571 2925 653 pervenerit;
3090 538 3092 636 l

541 674 780 739 vitium
841 679 1052 740 tamen
1103 680 1198 740 est
1245 676 1619 759 antiquum,
1671 695 1820 740 nam
1870 674 1939 740 σὲ
1987 675 2051 739 δὲ
2098 676 2337 740 citatur
2388 677 2453 739 in
2500 674 2695 741 schol.
2742 673 2932 760 Soph.
3090 681 3092 684 ⁴

539 777 637 844 El.
691 776 839 850 147.
913 778 1006 846 De
1052 779 1446 867 Lysistratae
1491 801 1683 847 versu
1730 784 2023 866 corrupto
2072 778 2202 846 509
2252 786 2458 846 tacere
2506 784 2811 864 praestat.

630 978 881 1046 Tertiae
927 998 1076 1046 vero
1123 997 1422 1064 personae
1471 977 1729 1045 dativus
1774 1001 1850 1044 rot
1899 978 2013 1044 ubi
2061 958 2175 1063 per
2218 977 2549 1044 elisionem
2600 981 2931 1063 pronunci-

535 1086 738 1154 andus
782 1091 946 1165 erat,
1001 1089 1410 1151 evanescente
1454 1084 1643 1150 litera
1690 1083 1928 1151 aeolica
1968 1105 2221 1169 prorsus
2261 1083 2745 1150 obliterabatnr.
2790 1083 2930 1150 Uno

539 1199 756 1260 tamen
817 1197 883 1258 et
946 1191 1145 1257 altero
1205 1190 1342 1257 loeo
1405 1192 1681 1256 exitium
1744 1189 1988 1278 effugit.
2074 1189 2183 1256 Sie
2246 1214 2274 1254 ο
2344 1189 2472 1255 105
2542 1210 2692 1256 oum
2765 1191 2935 1276 apud

540 1320 758 1365 omnes
815 1297 980 1381 fere,
1039 1301 1242 1362 metro
1304 1297 1542 1373 invit0,
1590 1279 1875 1383 ‘legatur
1936 1294 2047 1360 ἔνθ’
2109 1295 2258 1360 ἔσαν
2328 1297 2463 1381 (ἠοι
2530 1294 2798 1376 πέπλοι,
2869 1298 2933 1360 in

541 1404 755 1470 codiee
817 1403 1145 1470 Marciano
1194 1423 1386 1469 verus
1433 1401 1771 1468 verborum
1822 1401 1973 1468 ordo
2020 1405 2309 1470 servatus
2354 1408 2449 1468 est
2494 1399 2637 1468 Ma
2687 1403 2739 1468 οἱ
2788 1401 2933 1468 ἔσαν

541 1510 804 1589 πέπλοι,
851 1510 920 1576 id
966 1514 1062 1575 est
1109 1507 1249 1574 ἔνθα
1294 1507 1340 1574 r'
1393 1507 1543 1574 ἔσοιν
1590 1505 1839 1573 πέπλοι.
1924 1585 1931 1590 ‚

628 1617 686 1682 Ν
691 1637 762 1684 eo
809 1637 934 1683 non
981 1639 1000 1680 ι
1050 1613 1212 1691 360,
1263 1616 1378 1680 ubi
1423 1613 1623 1702 vulg-0
1672 1613 1915 1680 editur:

767 1743 774 1750 ·
817 1719 892 1794 ὧς
944 1721 1129 1799 (βότ’,
1157 1720 1345 1801 ,ἀτάρ
1390 1744 1467 1786 τοι
1515 1717 1692 1791 αὖτις
1741 1720 1864 1798 ἐγὼ
1913 1718 2089 1800 πόρον
2135 1709 2363 1786 αἴθοπα
2412 1727 2622 1794 εοῒνον,

541 1851 692 1898 vera
751 1831 1067 1916 seriptura
1129 1832 1378 1894 servata
1434 1847 1570 1893 esse
1617 1826 1873 1893 videtur
1915 1828 1986 1891 in
2032 1826 2363 1893 Marciano
2416 1826 2713 1914 (aliisque
2760 1828 2935 1897 codd.

539 1937 708 2024 apud
755 1934 1137 2002 Laroehium
1189 1934 1642 2012 enumeratis):
2505 1993 2510 1996 .

813 2037 887 2113 ὦς
937 2039 1155 2122 ἔφατ’,
1207 2037 1410 2118 αὐτάρ
1457 2039 1510 2104 οἱ
1559 2033 1735 2110 αὖτις
1786 2038 1910 2116 ἐγὼ
1959 2035 2136 2119 πόρον
2186 2036 2417 2105 αἴθοπι
2458 2045 2677 2118 εοῒνον,

540 2147 608 2214 id
654 2152 751 2214 est
799 2143 1000 2226 αὐτάρ
1047 2145 1094 2211 r’
1141 2137 1337 2218 αὖτις.

630 2251 854 2338 Neque
899 2259 950 2316 E
1002 2248 1168 2316 310·

812 2356 987 2438 ἀμφὶ
1032 2357 1094 2421 δὲ
1143 2354 1284 2420 ὄσσε
1329 2325 1581 2430 κελαινη
1628 2353 1739 2432 νὺξ
1785 2354 2103 2434 ἐκάλυψε,

536 2464 615 2533 ad
676 2465 1027 2530 immanem
1073 2443 1362 2547 hiatum,
1413 2483 1603 2549 quem
1653 2462 1898 2530 codices
1944 2461 2284 2540 exhibent,
2334 2415 2726 2549 explendum
2779 2483 2923 2531 oon-

537 2574 780 2639 ieetura
842 2590 1001 2657 opus
1063 2574 1197 2654 est3
1260 2569 1639 2635 Eustathius
1702 2572 1875 2634 enim
1927 2569 2089 2634 hane
2134 2570 2499 2655 suppeditat
2545 2569 2929 2638 lectionem.

535 2678 710 2759 ἄμφι
778 2676 842 2743 δέ
901 2678 952 2743 οἱ
1015 2674 1191 2760 ὄσσε,
1254 2675 1323 2740 id
1371 2682 1466 2740 est
1515 2673 1687 2757 αμφὶ
1740 2673 1805 2740 δέ
1851 2699 1880 2741 r
1942 2674 2104 2739 ὄσσε.
2177 2675 2361 2741 Idem
2407 2675 2485 2741 de
2524 2674 2665 2742 loeo
2718 2676 2930 2763 paral·

534 2784 662 2852 lelo
709 2784 994 2870 (fortasse
1039 2782 1281 2867 spurio)
1334 2779 1581 2846 dietum
1629 2787 1796 2858 esto,
1842 2788 1903 2847 Λ
1956 2779 2107 2845 356.

623 2891 914 2957 Fortasse
957 2890 1152 2954 etiam
1201 2896 1252 2953 E
1305 2886 1347 2951 4
1394 2906 1518 2953 non
1565 2886 1911 2975 legendnm
1962 2892 2059 2952 est

808 2993 941 3062 δαῖέ
986 3016 1062 3059 τοι
1113 2993 1181 3058 ἐκ
1227 2992 1460 3072 κόρυθός
1510 3016 1583 3057 τε
1630 2992 1733 3057 καὶ
1778 2990 2042 3065 ,ἀσπίδος
2090 2992 2425 3072 ἀκάματον
2472 2996 2633 3073 πῦρ,

531 3101 642 3169 sed
688 3102 755 3168 id
799 3104 1014 3187 ipsum
1063 3098 1230 3184 quod
1279 3098 1506 3164 Ambr.
1557 3106 1623 3164 et
1668 3098 1965 3165 Eustath.
2010 3099 2347 3184 praebent:

807 3206 942 3269 aare
990 3201 1054 3268 δέ
1100 3204 1150 3268 οἱ
1200 3206 1270 3267 ἐκ
1319 3201 1590 3283 κόρυθος,

531 3313 700 3400 quod
760 3310 864 3377 illi
923 3309 1234 3395 putabant
1297 3311 1839 3394 pronunciandum
1911 3332 2045 3377 esse
2093 3312 2228 3376 δαῖε
2276 3311 2328 3376 δ’
2375 3313 2426 3378 οἱ
2444 3359 2463 3390 ,
2512 3333 2663 3379 eum
2716 3296 2932 3380 tamen

529 3424 774 3486 veteres
818 3420 1038 3501 poetae
1083 3416 1456 3481 recitassent
1501 3415 1638 3481 δαῖε
1686 3414 1749 3479 δέ
1808 3417 1875 3481 ε’.

619 3526 816 3593 Porro
860 3523 987 3588 huo
1031 3523 1098 3586 in
1145 3540 1406 3587 censum
1454 3523 1634 3588 venit
1682 3530 1736 3586 Θ
1786 3520 1955 3587 408:

801 3628 924 3697 αἰεὶ
973 3625 1099 3707 γαρ
1154 3649 1256 3706 μοι
1305 3623 1481 3692 ἔωθεν
1531 3629 1778 3693 ἐνικλᾶν
1823 3625 1957 3693 ὅττι
2006 3651 2074 3692 κε
2120 3627 2325 3707 telvm,

529 3741 636 3805 eni
679 3737 1014 3823 respondet
1061 3754 1280 3800 versus
1329 3732 1496 3799 422.

801 3843 921 3909 aie>
970 3840 1096 3921 γάρ
1144 3864 1221 3907 τοι
1294 3838 1468 3905 ἔωθεν
1516 3840 1762 3907 ἐνικλᾶν
1808 3836 1941 3907 ὅττι
1994 3865 2061 3906 κε
2106 3841 2296 3922 νείπῃ.

527 3949 714 4017 Nihil
762 3951 932 4013 enim
987 3952 1086 4013 est
1135 3944 1306 4011 ἔωθεν
1354 3967 1466 4032 pro
1513 3946 1747 4024 εἴωθεν,
1798 3968 1911 4012 nee
1958 3968 2229 4032 usquam
2264 3947 2420 4015 alibi
2459 3950 2585 4039 nisi
2624 3949 2732 4018 his
2770 3953 2928 4019 locis

529 4054 824 4145 gemellis
869 4056 1194 4139 reperitur.
1271 4050 1542 4118 Omnino
1592 4053 1983 4119 restituenda
2030 4058 2125 4119 est
2174 4054 2352 4121 verbi
2394 4054 2599 4121 forma
2636 4058 2891 4125 sincera
2909 4106 2925 4137 ,

530 4179 943 4248 quam-error
987 4165 1102 4223 τῶν
1140 4156 1908 4242 μεταχαρακτηρισοὶντων
1944 4159 2310 4237 offuscavit3
2352 4163 2508 4227 satis
2540 4163 2717 4227 enim
2757 4168 2929 4230 anti·

529 4291 729 4358 quum
791 4288 924 4335 esse
983 4266 1288 4332 mendum
1350 4288 1427 4333 ex
1487 4265 1773 4354 Etymol.
1845 4266 1940 4331 M.
2006 4286 2154 4352 pag.
2230 4266 2361 4333 306
2384 4314 2399 4345 ,
2476 4266 2562 4332 50
2630 4276 2925 4356 apparet.

529 4377 888 4445 Scribatur:
