3150 5000
1254 297 1574 348 nomos.
2280 255 2287 261 ⁶
2488 279 2619 351 199

327 487 356 526 ν
407 461 568 528 103:
617 463 854 544 ἀγχόθι
903 463 958 528 δ’
1005 466 1198 536 αὐτῆς
1250 463 1461 541 ἄντρον
1513 465 1813 544 ἐπήρατον
1861 463 2195 544 ῆερονειδές.
2540 549 2545 554 .

317 569 442 644 Qui
498 590 718 634 versus
781 590 905 634 non
970 572 1258 638 tentandi
1321 592 1454 636 esse
1518 571 1857 647 videntur-3
1911 571 2270 656 frequenter
2327 575 2501 638 enim
2548 575 2615 638 in

197 689 200 692 ’
239 674 508 762 Odyssea
564 673 736 754 ἄγχι
801 697 948 740 cum
1011 665 1302 762 genitivo
1363 677 1693 764 iungitur,
1744 697 1797 742 e.
1846 698 1913 764 g.
1964 678 1993 740 θ
2044 676 2129 742 95
2180 675 2395 754 ἥμενος
2428 675 2613 759 ἄγχ’

239 785 437 846 αὐτοῦ.
507 781 799 846 Fortasse
863 788 1079 846 tamen
1141 782 1244 847 his
1307 803 1554 867 quoque
1617 788 1889 868 quatuor
1953 782 2148 860 locis,
2216 793 2290 848 ut
2350 793 2393 851 Ξ
2446 783 2617 862 412,

239 888 444 966 ἐγγύθι
509 895 605 954 est
647 887 1030 976 legendum3
1081 889 1247 972 quod
1297 891 1351 954 si
1397 890 1649 974 probari
1698 894 1906 974 posset
1941 891 2025 970 ¹),
2076 908 2330 974 prorsus
2370 909 2445 954 ex
2486 888 2619 955 Ho-

239 997 478 1059 mericis
525 993 892 1060 eliminatae
937 993 1142 1074 forent
1191 993 1434 1060 formae
1483 993 1719 1074 ἀγχόθι
1770 1003 1835 1060 et
1885 997 2122 1076 αγχοῦ.
2222 1017 2231 1024 ·

317 1214 474 1280 Ecce
535 1213 735 1280 altera
789 1234 910 1278 vox
978 1215 1082 1278 cui
1149 1213 1350 1278 cauda
1399 1215 1715 1278 succrevit
1762 1234 1840 1280 ex
1888 1213 2280 1298 pronominis
2328 1234 2619 1303 suppres-

241 1323 414 1385 sione.
486 1320 912 1386 Notissimum
961 1327 1056 1384 est
1095 1318 1478 1384 vocabulum
1525 1319 2113 1398 πτολίπορθος.
2154 1325 2218 1385 et
2257 1341 2333 1392 ex
2357 1319 2619 1406 linguae

242 1425 503 1493 Graecae
549 1425 804 1514 legibus
851 1428 976 1490 rite
1022 1426 1412 1503 formatum3
1465 1427 1643 1510 atqui
1692 1427 1859 1490 binis
1906 1424 2063 1490 locis
2101 1427 2333 1491 vicinis
2372 1446 2621 1510 compa·

243 1541 328 1597 ret
369 1531 994 1612 πτολιπόρθιος,
1049 1535 1156 1608 „in
1206 1551 1466 1596 caesura
1515 1531 1802 1597 bucolica
1843 1534 2032 1596 metri
2073 1553 2262 1598 causa
2298 1553 2411 1619 per
2446 1553 2623 1619 para-

244 1641 748 1704 schematismum
794 1637 1144 1722 positum’‘‚
1186 1642 1258 1701 ut
1296 1636 1541 1724 legitur
1577 1640 1644 1702 in
1670 1637 1969 1724 Ebelin'gi
1998 1637 2229 1703 Lexico
2254 1638 2616 1705 Homerico.

245 1743 304 1810 Si
361 1747 496 1829 quis
557 1749 774 1809 tamen
835 1764 960 1809 non
1023 1745 1266 1829 patitur
1314 1741 1860 1835 sesquipedalibus
1911 1744 2123 1808 verbis
2168 1744 2292 1810 sibi
2339 1745 2621 1828 imponi,

247 1852 338 1916 sed
375 1855 508 1936 ipsa
555 1858 778 1936 poetae
824 1851 1017 1916 verba
1065 1847 1343 1933 evolvit,
1391 1849 1578 1914 facile
1620 1847 1935 1938 intelligit
1976 1855 2321 1934 utrumque
2365 1871 2620 1916 versum

247 1957 430 2022 levem
497 1959 814 2042 requirere
879 1957 1326 2022 correctionem
1351 2005 1370 2038 ,
1431 1961 1507 2020 ut
1561 1958 1911 2022 sententiae
1978 1955 2297 2040 simulque
2366 1955 2621 2043 legibus

249 2063 670 2150 etymologicis
711 2061 1002 2128 satisfiat.

325 2168 532 2236 Priore
578 2169 718 2235 loco
764 2167 1009 2252 Ulyxes
1057 2166 1404 2254 Cyclopem
1459 2173 1863 2233 occaecatum
1914 2171 2007 2233 ita
2054 2168 2275 2233 irridet
2322 2167 2370 2252 (ι
2420 2167 2614 2253 502):

583 2276 894 2352 Κύκλωψ,
946 2273 1017 2338 αἵ
1061 2273 1162 2337 κέν
1212 2275 1301 2342 τίς
1353 2297 1426 2336 σε
1475 2274 1871 2347 καταθνητῶν
1920 2274 2237 2352 ἀνθρώπων

586 2381 918 2462 ὀφθαλμοῦ
965 2378 1196 2459 εἴρηται
1247 2377 1584 2453 ἄεεικελίην
1633 2379 1963 2453 ἀλαωτύν,

585 2487 831 2569 φάσθαι
879 2485 1198 2559 Ὀδυσσῆα
1249 2485 1664 2565 πτολιπόρθιον
1713 2485 2117 2565 ἐξαλαῶσαι,

586 2594 709 2659 υἱὸν
756 2594 1077 2669 Λαέρτεω,
1133 2592 1338 2672 Ἰθάκῃ
1389 2592 1468 2656 ἐνὶ
1518 2591 1680 2656 roexl’
1732 2590 1989 2673 ἔχοντα.

260 2718 394 2781 quae
435 2700 624 2763 verba
668 2698 922 2765 oraculo
965 2696 1180 2763 fallaci
1222 2702 1370 2761 sunt
1410 2695 1785 2775 simillima,
1829 2719 1977 2763 nam
2022 2695 2385 2785 significant
2406 2698 2622 2783 potius

261 2800 504 2887 Ulyxem
569 2825 606 2869 a
663 2803 1066 2891 Polyphemo
1131 2810 1530 2869 occaecatum
1592 2824 1724 2869 esse
1787 2824 1979 2887 quam
2040 2804 2118 2869 ab
2166 2802 2379 2890 Ulyxe
2428 2802 2620 2889 Poly·

261 2908 554 2989 phemum.
626 2909 833 2989 Quem
901 2929 1048 2975 vero
1112 2908 1358 2995 Ulyxes
1423 2911 1849 2974 occaecaverit
1908 2910 2033 2973 nisi
2084 2910 2253 2975 dicat
2300 2908 2614 2997 Polyphe-

263 3034 418 3098 mus,
460 3004 580 3081 non
627 3015 1021 3081 intellecturi
1073 3022 1221 3080 sunt
1270 3018 1487 3099 opinor
1536 3017 1761 3081 caeteri
1818 3012 2128 3101 Cyclopes
2147 3062 2163 3092 ,
2207 3016 2498 3080 homines
2542 3021 2617 3079 ut

264 3121 470 3186 scimus
511 3122 781 3187 minime
828 3141 1118 3208 sagaces3
1165 3120 1336 3185 dicat
1384 3123 1624 3207 igitur:

501 3228 744 3309 Φασθαι
793 3226 1112 3299 Ὀδυσσῆα
1165 3225 1564 3306 πτολίπορθόν
1614 3225 1677 3289 σ’
1728 3226 2108 3313 ἐξαλαῶσαι.

263 3329 419 3395 Alter
459 3354 604 3399 vero
649 3354 870 3398 versus
920 3336 1030 3397 vix
1079 3338 1412 3417 corruptus
1464 3333 1592 3398 dici
1641 3338 1884 3417 potest:

344 3460 360 3499 ι
405 3438 556 3505 530:
606 3440 704 3511 δὸς
753 3442 842 3516 μῆ
891 3439 1205 3510 Ὀδυσσῆα
1257 3436 1676 3517 πτολιπόρθιον
1724 3438 1920 3504 οἴκαδ’
1965 3437 2271 3513 ἱκέσθαι,’

264 3542 440 3608 immo
497 3546 888 3623 πτολίπορθον
949 3544 1174 3610 εοίκαδ’
1244 3545 1496 3611 ἱκέσθαι.
1588 3544 1663 3609 In
1733 3545 2169 3631 compluribus
2224 3543 2416 3611 codd.
2464 3546 2528 3610 h.
2580 3545 2624 3609 1.

265 3650 621 3730 πτολίπορθον
679 3652 944 3739 legitur.
1028 3649 1199 3715 Satis
1265 3654 1485 3717 mirari
1550 3672 1791 3735 nequeo
1856 3652 2023 3737 quod
2088 3651 2419 3717 Nauckius
2472 3652 2626 3717 huic

263 3749 586 3823 levissimae
648 3758 1019 3829 correctioni
1082 3756 1387 3841 praetulit
1450 3757 1941 3823 audacissimam
2004 3759 2423 3824 mutationem
2476 3780 2623 3822 πτο-

263 3856 528 3937 λιπδρθιον
565 3861 950 3928 ἀπονέεσθαι.

347 4074 522 4144 Hisce
575 4080 887 4167 exemplis
943 4082 1342 4166 praemissis,
1407 4100 1566 4167 quae
1638 4080 1921 4147 sufficere
1994 4102 2176 4166 spero
2238 4082 2317 4147 ad
2363 4082 2625 4148 demon-

265 4184 586 4271 strandum,
645 4210 778 4254 non·
847 4187 1078 4253 exilem
1150 4208 1430 4253 errorum
1509 4186 1751 4252 fontem
1828 4207 1961 4253 esse
2034 4190 2101 4251 in
2175 4191 2623 4273 pronominum

325 4412 376 4475 l)
421 4412 472 4462 1¹1
497 4416 684 4483 Etymol.
717 4385 796 4473 ·M.
833 4438 878 4489 p.
919 4423 1042 4481 115,
1085 4422 1110 4471 1
1151 4437 1238 4487 pro
1271 4418 1461 4485 ἀγχόθι
1501 4438 1524 4469 ν
1561 4422 1658 4471 103
1698 4436 1862 4470 revera
1898 4417 2088 4483 ἐγγύθι
2122 4423 2334 4473 affertur.
