3150 5000
570 234 701 303 390
1430 256 1704 305 runos
1752 256 2087 305 Josnrnus.

567 420 744 485 tibus
804 420 960 485 satis
1016 419 1387 505 respondet:
1450 427 1575 493 τοῖς
1626 420 1679 485 δ’
1718 418 1801 486 ‘E
1820 434 1918 487 λλ
1937 446 1972 497 n
1989 445 2088 487 σι.
2158 418 2525 487 Ridiculum
2588 426 2685 487 est
2738 418 2930 487 videre

567 525 883 612 quomodo
930 546 1132 593 vanus
1175 528 1519 613 promissor
1562 527 1670 593 hio
1714 546 1781 595 se
1832 526 2119 593 extollat.

658 740 834 823 Quae
880 742 1016 808 vidi
1059 746 1350 807 accurate
1397 762 1737 826 exsequar,
1786 742 1999 826 inquit
2045 740 2339 809 Prooem.
2364 740 2441 820 6,
2490 742 2579 806 τὰ
2622 740 2685 807 δὲ
2725 764 2935 821 προγε-

566 846 775 929 νέςερα
845 854 952 921 τῆς
1017 848 1169 925 ἐμῆς
1231 847 1474 924 ἡλικίας
1537 848 1719 913 ἐπιδ
1732 872 1763 929 ρ
1785 854 1957 925 αμῶ
2003 846 2317 921 συντόνως.
2387 848 2565 915 Ferri
2612 847 2777 915 illud
2820 847 2937 912 ἐπι·

565 953 776 1035 δραμῶ
834 974 960 1019 non
1020 959 1230 1041 potest
1247 1002 1262 1031 ,
1312 960 1653 1040 postquam
1698 950 2062 1021 Dindorfius
2108 954 2421 1034 ostendit,
2470 976 2663 1043 quam
2711 938 2797 1020 sit
2834 952 2934 1019 Jo-

564 1061 800 1146 sephus
847 1063 1011 1127 eirea
1055 1060 1396 1128 verborum
1443 1060 1681 1126 formas
1728 1067 2081 1127 accuratus.
2144 1060 2567 1129 Soribendum
2612 1066 2746 1127 est:
2794 1062 2879 1125 ἐπ
2897 1084 2939 1123 ι-

561 1166 597 1232 δ
613 1192 642 1249 ρ
661 1189 704 1231 α
720 1191 772 1246 μ
788 1165 831 1233 ὦ
848 1193 901 1233 ν.

657 1382 733 1447 Β.
759 1381 820 1448 J.
866 1382 925 1447 1.
957 1380 1120 1449 l.2:
1169 1378 1246 1446 ὧν
1294 1380 1472 1461 περὶ
1521 1382 1631 1455 τὴν
1680 1384 2031 1464 πολιορκίαν
2081 1369 2343 1459 ἔπαθεν,
2392 1386 2677 1472 corrigo:
2721 1380 2940 1463 παρά·

567 1489 676 1555 sed
742 1508 864 1553 non
913 1494 1010 1553 est
1067 1508 1288 1573 operae
1335 1491 1617 1574 pretium
1665 1488 1823 1554 talia
1871 1488 2213 1577 diligenter
2258 1490 2560 1557 adnotare
2577 1537 2593 1568 ,
2648 1511 2812 1577 quae
2854 1496 2943 1555 at-

565 1601 816 1662 tentum
865 1595 1167 1662 lectorem
1215 1597 1436 1683 fugere
1481 1616 1609 1661 non
1654 1602 1939 1681 possunt.
1987 1595 2059 1661 Β.
2100 1594 2161 1661 J.
2208 1597 2266 1661 1.
2300 1596 2357 1662 1.
2386 1596 2459 1662 4:
2507 1597 2611 1661 τόν
2651 1621 2725 1661 τε
2765 1602 2942 1677 χῶρον

565 1704 817 1782 ἐκάθηρε
883 1702 1098 1769 πάντα
1162 1702 1266 1767 καὶ
1333 1703 1744 1783 περιετείχισε
1805 1701 1941 1767 καὶ
2009 1702 2109 1768 τὰ
2174 1702 2317 1781 πρὸς
2386 1702 2504 1774 τὰς
2562 1702 2944 1782 λειτουργίας

566 1809 752 1883 σκεύη
804 1810 988 1875 καινοὶ
1034 1809 1521 1881 κατασκευάσας
1570 1810 1657 1879 εἷς
1706 1808 1809 1873 τὸν
1857 1810 1996 1873 ναὸν
2043 1810 2427 1887 εἰσήνεγκεν,
2471 1810 2623 1895 quia
2647 1808 2949 1875 articulus

564 1916 672 1983 hio
717 1917 954 1982 servari
998 1937 1124 1982 non
1173 1922 1415 2003 potest,
1467 1914 1613 2003 lege
1660 1913 1900 1999 κᾷτα.
1949 1914 2022 1979 Β.
2060 1913 2121 1980 J.
2172 1918 2227 1979 1.
2270 1916 2333 1981 2.
2378 1914 2416 1985 7
2464 1916 2671 1983 fames
2718 1914 2945 1981 deseri-

565 2022 742 2088 bitur
785 2024 853 2087 in
902 2043 1027 2106 qua
1074 2022 1372 2108 oppidani
1419 2020 1656 2100 ἥψαντο
1705 2021 1809 2085 καὶ
1859 2027 1975 2085 τῶν
2021 2019 2532 2106 ‹innecii-mv,
2573 2024 2731 2107 quia
2766 2020 2949 2109 gulae

569 2129 767 2195 dediti
811 2129 1054 2195 faciunt
1097 2129 1298 2207 idem,
1353 2147 1682 2215 reponam:
1733 2134 1849 2193 τῶν
1897 2128 1991 2203 ain
2013 2126 2395 2197 δεςτέτων.

659 2341 734 2407 Β.
759 2341 817 2408 J.
864 2342 923 2407 1.
951 2342 1012 2408 3.
1055 2342 1097 2408 2
1146 2344 1324 2409 venit
1368 2342 1740 2431 Antigonus
1786 2342 1865 2411 ad
1912 2343 2175 2409 fratrem
2213 2340 2669 2410 Aristobulum
2707 2347 2787 2419 ὥς
2824 2344 2949 2419 ἐνῆν

565 2447 892 2526 adama
939 2448 1427 2527 κεκοσμημένος,
1478 2450 1593 2515 ubi
1638 2470 1871 2536 repono
1919 2450 2307 2520 κοέλλιςα.
2357 2450 2562 2517 Miror
2584 2450 2950 2520 Bekkerum

563 2556 683 2623 hoo
739 2577 866 2622 non
921 2557 1184 2634 vidisse,
1241 2578 1442 2642 quum
1488 2557 1660 2622 idem
1712 2557 1949 2622 vitium
1998 2557 2337 2623 correxerit
2383 2557 2519 2622 Vit.
2563 2554 2631 2622 3.
2672 2557 2746 2623 Β.
2788 2555 2850 2624 J.
2896 2559 2949 2620 1.

565 2662 628 2729 8.
681 2663 750 2728 6:
801 2664 1044 2743 γνοὺς
1091 2665 1384 2745 οὶνεχώρει
1433 2663 1533 2728 ἐπὶ
1588 2668 2104 2746 Μαχαιροῦντος,
2154 2662 2221 2728 in
2269 2683 2341 2729 eo
2387 2669 2689 2730 contextu
2726 2664 2953 2729 melius

564 2768 965 2858 intelligam:
1018 2769 1458 2848 ἀπογνούς.
1515 2769 1591 2834 Β.
1637 2769 1697 2836 J.
1751 2770 1811 2835 1.
1864 2768 1969 2835 10.
2019 2768 2091 2833 6:
2140 2770 2194 2835 οἱ
2243 2769 2411 2848 νόμοι
2456 2769 2717 2836 κτείνειν
2764 2769 2953 2852 ὀκρί-

563 2900 710 2952 τως
760 2879 865 2942 οὐκ
913 2879 1253 2958 ἀφιᾶσι,
1300 2877 1470 2966 lege:
1519 2877 1773 2943 κτείνειν
1822 2876 2199 2958 ἀκρίτους
2247 2878 2353 2942 οὐκ
2402 2876 2724 2958 ἐφιᾶσι.

655 3087 935 3158 Gravius
982 3093 1217 3158 vitium
1265 3097 1363 3158 est
1409 3091 1482 3158 B.
1529 3089 1591 3156 J.
1645 3090 1704 3157 1.
1761 3090 1859 3158 13.
1914 3089 1987 3176 6,
2036 3092 2104 3157 in
2150 3112 2276 3178 qua
2324 3090 2725 3179 paragrapho
2774 3113 2954 3178 prae-

563 3200 736 3263 terea
798 3198 1204 3262 confunditur
1249 3199 1634 3266 Mariamme
1681 3219 1830 3264 oum
1877 3205 2081 3264 matre
2128 3195 2525 3264 Alexandra:
2574 3198 2951 3276 ἐπεβούλευε

566 3302 950 3380 συλλαβεῖν,
999 3301 1111 3379 ἔξω
1161 3311 1268 3368 τοῦ
1320 3305 1566 3384 τείχους
1625 3305 2077 3378 ἀπατήσας
2134 3307 2475 3384 προελθεῖν,
2526 3303 2634 3370 sed
2682 3304 2955 3370 callidus

561 3409 763 3475 hostis
810 3410 983 3475 eavit
1029 3410 1108 3475 ab
1157 3411 1426 3476 insidiis.
1475 3410 1667 3476 Vides
1712 3416 1879 3477 stare
1921 3431 2046 3476 non
2094 3430 2304 3496 posse:
2348 3407 2737 3484 ἁπατήσαςῗ
2787 3409 2954 3492 Quid

559 3512 1030 3600 reponendum?
1098 3515 1324 3582 Nonne
1371 3513 1773 3592 αἲτήσαςῖ
1820 3516 1893 3581 Β.
1941 3515 2001 3582 J.
2060 3519 2116 3580 1.
2170 3515 2275 3580 14.
2316 3515 2358 3580 2
2396 3515 2737 3602 supplebo:
2772 3539 2949 3597 προσ·

561 3621 775 3698 λαβὼν
825 3619 887 3686 δὲ
935 3619 1191 3695 πένθους.
1226 3619 1359 3687 ὅσον
1406 3622 1689 3707 (εἰκὸς)
1738 3618 1823 3696 ἦν.
1880 3621 1957 3686 Β.
2006 3620 2072 3689 J.
2122 3623 2179 3686 1.
2233 3621 2336 3686 15.
2386 3621 2454 3687 2:
2508 3623 2593 3692 εἷς
2644 3619 2953 3687 Ἰουδαίαν

561 3727 1081 3807 παρέβαλεν,
1132 3727 1302 3793 malo
1351 3728 1951 3807 παρενέβαλεν.
2011 3727 2085 3793 Β.
2131 3727 2191 3792 J.
2246 3730 2303 3794 1.
2358 3727 2462 3795 15.
2516 3727 2554 3792 5
2605 3726 2951 3805 ἀμυνού-

561 3855 792 3907 μενος
845 3833 1248 3900 scribendum
1293 3839 1425 3917 est,
1475 3855 1598 3899 non
1644 3833 2171 3911 ἀμυνόμενος.
2221 3833 2297 3898 Β.
2342 3832 2403 3898 J.
2452 3837 2508 3897 1.
2558 3831 2662 3900 17.
2711 3837 2787 3899 1:
2836 3839 2952 3898 τῶν

562 3935 830 4003 πάλαι
879 3946 1342 4017 ςρατιωτῶν
1390 3938 1816 4018 καλουμένων,
1866 3939 2140 4006 ostendit
2184 3940 2599 4025 participium
2635 3938 2949 4018 καλουμέ-

561 4065 672 4106 νων
717 4063 852 4109 esse
896 4044 1014 4109 hoo
1063 4051 1506 4112 veteranorum
1555 4044 1843 4110 militum
1890 4048 2069 4130 quasi
2115 4046 2443 4129 proprium
2486 4065 2753 4131 nomen,
2782 4045 2951 4124 unde

563 4148 872 4214 scribam:
921 4156 1037 4215 τῶν
1085 4159 1662 4231 παλαιςρατιωτῶν.
1726 4150 1943 4234 Alibi,
1990 4152 2047 4216 1.
2096 4149 2205 4218 27.
2257 4150 2337 4228 4,
2384 4149 2625 4238 legitur
2672 4151 2947 4224 παλαιὸς

563 4253 899 4336 ςρατιώτης
947 4261 1012 4322 et
1056 4255 1121 4323 2.
1169 4258 1231 4326 4.
1288 4261 1360 4324 1:
1408 4265 1526 4325 τῶν
1573 4257 1778 4324 παλαι
1822 4257 2351 4339 ςρατευσαμένων.
