3150 5000
1174 285 1601 335 mmmm.
2196 339 2201 348 ,
2449 266 2574 332 151

206 444 354 520 serit
395 453 750 519 insiticium
800 473 934 519 esse
974 450 1198 537 λέγειν,
1239 452 1349 519 sed
1385 474 1587 519 unum
1630 454 1884 519 omisit:
1922 454 1977 517 si
2015 453 2297 519 servabis
2335 450 2565 530 λέγειν,

211 562 604 627 exactissima
647 562 810 626 ratio
856 560 1135 646 requiret
1179 580 1293 646 pro
1342 558 1514 625 αὐτοὶ
1564 562 2003 627 accusativum
2051 557 2298 633 αὐτούς.

295 771 448 861 Cap.
514 771 599 840 47
669 794 794 839 non
852 772 1048 840 latuit
1107 775 1485 858 interpretes
1503 818 1520 849 ,
1586 793 1777 859 quam
1841 772 2125 839 difficilia
2186 772 2379 839 verba
2422 774 2588 839 sint:

207 878 617 960 ξυνελαβοντο
664 879 728 945 δὲ
775 883 880 945 τοῦ
932 878 1197 944 τοιούτου
1247 880 1370 962 οὐχ
1417 879 1604 958 ἤκιςα
1628 930 1644 955 ,
1696 873 1801 948 ὥτ’
1848 879 2078 959 ἀκριβῆ
2124 882 2234 955 τὴν
2284 879 2592 963 πρόφα-

207 1010 327 1052 σιν
369 987 768 1069 γενέσθαι-
793 986 845 1051 οἱ
885 986 1186 1066 epafum>
1225 992 1342 1050 τῶν
1382 985 1735 1061 'Aemoniam
1778 986 2237 1072 Interpretatur
2261 986 2586 1055 Dobraeus

205 1100 276 1158 ut
297 1113 628 1159 summum
669 1094 773 1157 ius
811 1094 996 1179 exige
1016 1095 1191 1158 retur
1209 1138 1227 1170 ,
1265 1090 1374 1157 vel
1390 1139 1406 1168 ,
1449 1097 1524 1158 ut
1549 1092 1939 1158 conditiones
1962 1112 2215 1158 severae
2238 1098 2589 1160 statueren-

210 1205 332 1267 tur.
397 1199 594 1266 Recte
655 1199 735 1266 ad
791 1202 1168 1267 sententiam
1189 1246 1205 1278 ,
1255 1196 1366 1265 sed
1410 1219 1536 1264 non
1586 1206 1683 1265 est
1728 1220 1801 1267 ea
1846 1199 2180 1281 πρόφασις.
2228 1200 2361 1265 Aut
2408 1197 2596 1266 fallor

208 1312 317 1373 aut
385 1327 611 1374 verum
679 1313 808 1373 est:
880 1304 984 1374 ὦς’
1051 1305 1282 1387 ἀκριβῆ
1348 1306 1458 1381 τὴν
1522 1305 1907 1383 ἐξέτασιν
1967 1306 2271 1384 γενέσθαι.
2346 1304 2591 1373 Deinde

212 1412 586 1480 describitur
645 1432 839 1499 quam
902 1422 1081 1479 atrox
1139 1412 1528 1499 supplicium
1575 1410 1916 1500 Corcyraei
1960 1415 2309 1479 sumserint
2355 1412 2433 1478 de
2480 1413 2593 1478 ad-

209 1521 540 1586 versariis:
606 1518 814 1597 διῆγον
867 1519 972 1584 διὰ
1017 1518 1176 1585 δυοῖν
1222 1520 1455 1600 ςοίχοιν
1504 1518 1770 1591 ὁπλιτῶν
1818 1517 2179 1600 ἑκατέρωθεν
2229 1542 2592 1601 παρατετα-

210 1625 490 1711 γμένων,
554 1624 902 1703 δεδεμένους
950 1650 1021 1691 τε
1069 1625 1213 1705 πρὸς
1261 1626 1573 1701 ἀλλήλους
1626 1624 1731 1691 καὶ
1780 1624 2145 1705 παιομένους
2196 1624 2300 1691 καὶ
2353 1649 2597 1691 κεντου-

213 1731 427 1811 μένους
501 1733 614 1799 ὑπὸ
685 1734 802 1799 τῶν
871 1730 1485 1817 παρατεταγμένων,
1554 1732 1614 1799 εἲ
1680 1730 1797 1797 πού
1858 1732 1952 1804 τίς
2014 1756 2155 1798 τινα
2216 1731 2323 1797 ἴδοι
2390 1732 2599 1814 ἐχθρὸν

214 1840 456 1905 ἑαυτοῦ.
541 1836 714 1905 Satis
775 1841 1074 1906 novimus
1141 1842 1446 1905 immanis
1525 1837 1826 1925 supplicii
1898 1859 2102 1927 genus
2119 1886 2135 1917 ‚
2199 1839 2368 1925 quod
2430 1837 2600 1925 apud

214 1947 488 2012 maiores
531 1950 778 2011 nostros
823 1966 944 2011 usu
987 1946 1460 2031 frequentatum
1507 1946 1653 2011 fuit.
1696 1944 2132 2026 Μαςιγοφόροι
2172 1969 2243 2009 τε
2282 1944 2601 2024 παριόντες

216 2052 604 2135 ἐπετάχυνον
673 2059 780 2127 τῆς
855 2051 990 2117 ὁδοῦ
1058 2052 1198 2124 τοὺς
1255 2052 1661 2135 σχολαίτερον
1726 2052 2247 2131 προσιόντας.
2318 2051 2602 2118 Adnotat

217 2156 614 2226 Classenius:
679 2157 1075 2240 προσιόντας,
1137 2182 1305 2225 ωεκιι
1369 2182 1427 2225 ee
1487 2160 1705 2243 riektiy
1752 2163 1863 2235 ist,
1912 2159 2039 2246 aus
2056 2160 2203 2243 jene
2247 2159 2451 2223 reihen
2497 2158 2605 2223 der

214 2264 508 2355 Hopbiten
555 2288 628 2329 τοι
673 2266 942 2331 bezieben
958 2313 974 2343 ,
1024 2266 1212 2331 denen
1259 2273 1348 2331 cie
1391 2267 1761 2349 meta-iabou
1806 2266 2056 2333 werden.
2122 2264 2305 2332 Wenn
2344 2288 2405 2331 ee
2444 2265 2605 2330 rich-

211 2373 300 2454 riq
347 2374 432 2438 ist
448 2398 472 2441 .·
517 2371 855 2458 explicatio
895 2378 1062 2439 certe
1101 2372 1443 2439 falsissima
1481 2378 1608 2451 est,
1656 2393 1807 2439 nam
1852 2370 2190 2459 Corcyraei
2228 2374 2324 2439 ira
2362 2374 2605 2439 accensi

215 2485 393 2546 erant
441 2480 514 2546 in
560 2481 846 2566 captivos
892 2483 958 2549 et
1004 2481 1275 2546 minime
1322 2498 1480 2568 opus
1526 2485 1663 2547 erat
1681 2526 1698 2557 ,
1740 2479 2019 2546 fustibus
2053 2480 2425 2566 praesertim
2445 2528 2461 2558 ‚
2500 2498 2606 2547 eos

216 2587 296 2653 ad
332 2607 493 2673 opus
529 2588 858 2674 instigare.
904 2585 1076 2652 Hinc
1115 2583 1477 2652 Classenius
1514 2589 1755 2674 pergit:
1800 2585 2115 2667 προϊόντας
2157 2593 2316 2651 ωᾶνο
2338 2589 2609 2652 zecchur.-

215 2715 276 2758 eo
331 2693 442 2758 hat
503 2695 654 2757 auch
716 2692 922 2758 Duker
983 2695 1304 2758 vermuthet
1348 2695 1478 2757 und
1521 2693 1695 2758 Stahc
1732 2693 2123 2775 jecchrieben.
2173 2693 2297 2760 Sed
2344 2693 2605 2760 fortasse

215 2797 381 2865 illud
430 2800 753 2878 προϊόντας
799 2801 994 2864 etiam
1033 2800 1250 2864 minus
1285 2798 1605 2887 intelligis
1640 2801 1858 2884 itaque
1897 2797 2222 2865 Stahlium
2262 2799 2606 2865 adibimus.

216 2903 344 2971 Hic
391 2907 679 2992 primum
726 2904 1028 2970 exscribit
1073 2902 1332 2970 Krohlii
1368 2904 1593 2972 verba:
1642 2904 1965 2983 „Perbene
2005 2925 2071 2971 se
2107 2905 2299 2971 habet
2339 2903 2611 2982 προσιόν-

185 3035 336 3092 ,τας
358 3058 376 3091 ,
425 3033 578 3078 cum
623 3009 840 3103 exules
859 3060 877 3096 ,
926 3013 1037 3097 qui
1081 3030 1114 3077 e
1169 3031 1413 3078 carcere
1460 3010 1672 3077 educti
1720 3011 1801 3078 ad
1847 3009 2345 3099 Corcyraeorum
2398 3030 2612 3076 arma-

219 3123 317 3184 tos
358 3137 512 3204 prae
560 3122 740 3183 metu
796 3115 1033 3183 lentius
1092 3117 1457 3183 accederent
1475 3163 1492 3196 ,
1557 3119 1636 3183 ab
1699 3119 2143 3199 μαςιγοφόροις
2212 3123 2610 3205 urgerentur.

219 3223 483 3291 Etenim
549 3223 960 3304 μαςιγοφόροι
1021 3221 1125 3288 illi
1185 3221 1402 3288 exules
1463 3245 1663 3310 usque
1710 3224 1791 3289 ad
1831 3223 2023 3290 illum
2071 3223 2285 3290 locum
2306 3273 2324 3309 ,
2370 3226 2439 3289 in
2490 3243 2614 3309 quo

223 3327 564 3419 Corcyraei
625 3331 922 3396 instructi
988 3329 1146 3396 duos
1192 3329 1439 3395 ordines
1487 3328 1849 3409 effecerant,
1898 3330 2168 3417 putandi
2214 3336 2365 3396 sunt
2410 3332 2615 3395 comi-

222 3439 344 3502 tati
391 3458 557 3514 esse,
610 3456 734 3502 non
779 3439 950 3502 intra
993 3439 1162 3522 ipsos
1209 3435 1458 3502 ordines
1506 3445 1929 3514 armatorum,
1986 3437 2220 3523 quippe
2268 3435 2379 3522 qui
2428 3455 2501 3503 ea
2546 3457 2615 3502 re

222 3544 523 3630 impediti
584 3544 853 3610 fuissent
907 3546 1248 3630 quominus
1301 3561 1449 3610 suos
1496 3546 1762 3630 quisque
1808 3546 2107 3611 inimicos
2152 3541 2619 3611 vulnerarent?

222 3650 540 3718 Latinitas
589 3648 845 3716 Krohlii
863 3698 881 3735 ,
930 3669 1120 3735 quem
1168 3670 1247 3716 ne
1293 3653 1518 3715 natum
1566 3649 1827 3736 quidem
1876 3670 2096 3716 noram
2118 3697 2135 3728 ,
2184 3669 2311 3715 non
2358 3648 2620 3736 elegan-

223 3758 480 3823 tissima
529 3760 660 3842 est3
707 3755 817 3822 sed
865 3756 1032 3842 quod
1078 3756 1331 3834 scribit,
1377 3758 1791 3823 verissimum
1842 3762 1938 3822 est
1987 3760 2205 3843 estque
2254 3755 2619 3836 προσιόντας

223 3865 636 3949 participium
696 3860 1140 3948 explicandum
1206 3882 1279 3928 ea
1337 3865 1476 3949 ipsa
1527 3865 1771 3929 ratione
1819 3883 2011 3949 quam
2060 3863 2243 3928 dixit.
2298 3860 2424 3930 Sed
2465 3862 2621 3949 quid

223 3965 552 4036 Stahlius?
603 3966 831 4047 „Patet
852 4014 870 4046 ,
892 3969 1138 4055 inquit,
1182 3967 1568 4049 ἐπετάχυνον
1610 3969 1896 4035 eiusdem
1922 3971 2229 4054 temporis
2266 3990 2402 4036 esse
2428 3977 2620 4054 atque

225 4074 453 4152 διῆγον.
529 4072 696 4141 Cum
767 4081 983 4140 autem
1054 4094 1166 4159 per
1235 4081 1628 4141 armatorum
1688 4075 1937 4142 ordines
2006 4075 2433 4154 ducebantur,
2494 4094 2620 4140 non

229 4181 610 4248 accedebant
656 4181 735 4247 ad
781 4202 920 4260 eos,
969 4179 1082 4246 sed
1127 4187 1532 4248 accesserant.
1579 4180 1861 4267 Recepta
1898 4179 2143 4249 Dukeri
2181 4181 2619 4247 emendatione

230 4287 477 4353 tardius
523 4287 776 4374 (mortis
820 4289 1076 4374 timore)
1121 4288 1593 4376 progredientes
1636 4285 2091 4376 intelligimus.
2104 4287 2141 4316 ”
2189 4287 2250 4352 N
2255 4306 2376 4352 unc
2415 4285 2621 4351 defuit

233 4391 484 4462 Stahlio
543 4395 613 4462 id
670 4397 884 4483 ipsum
901 4443 920 4475 ,
985 4393 1153 4480 quod
1205 4393 1931 4482 Mullero-Strubingius
1982 4395 2173 4461 toties
2218 4392 2421 4460 doctis
2464 4392 2624 4460 viris
