3150 5000
571 303 706 372 296
1644 323 1886 376 sumo,

570 493 956 555 statuentem
998 488 1098 555 01.
1125 487 1231 554 VI.
1262 488 1303 554 3
1325 513 1408 541 =
1437 489 1587 554 753.
1638 490 1733 556 De
1774 487 2099 557 Ciceronis
2134 490 2545 580 chronologia
2567 492 2645 558 cf.
2672 491 2919 568 Manat,

571 593 762 662 Rom.
809 591 1104 662 Chronol.
1153 595 1210 662 Ι.
1261 594 1389 661 147
1417 593 1489 675 ¹).

661 806 768 874 22.
859 806 948 874 Ut
1011 828 1196 894 saepe
1253 811 1322 874 in
1380 810 1483 874 his
1537 807 1721 875 libris
1780 811 2080 875 intricata
2138 815 2203 876 et
2264 812 2530 878 obscura
2586 813 2683 874 est
2723 809 2922 874 oratio.

569 913 788 999 Plat0,
838 916 1082 999 inquit,
1131 916 1443 981 arbitratu
1491 936 1605 981 suo
1648 913 1831 980 finxit
1872 917 2200 982 civitatem
2244 937 2281 982 a
2306 918 2443 984 vita
2466 915 2921 995 abhorrentem,

566 1019 796 1106 reliqui
881 1020 1134 1085 nullum
1205 1020 1570 1105 exemplum
1647 1024 1933 1088 civitatis
2002 1029 2493 1106 proposuerunt,
2576 1022 2923 1087 disserentes

567 1129 817 1194 tantum
885 1126 962 1192 de
1023 1126 1362 1214 generibus
1420 1129 1813 1193 civitatium.
1900 1124 2043 1205 „Tu
2106 1127 2273 1194 mihi
2319 1128 2559 1194 videris
2601 1135 2922 1210 utrumque

565 1232 848 1298 facturus
893 1232 989 1317 (es
1033 1235 1206 1298 enim
1257 1235 1348 1298 ita
1391 1233 1786 1320 ingressus),
1834 1239 1909 1298 ut
1954 1255 2117 1319 quae
2163 1236 2299 1319 ipse
2344 1237 2620 1320 reperias
2668 1233 2922 1298 tribuere

565 1338 712 1404 aliis
771 1337 962 1404 malis
1021 1359 1250 1424 quam,
1313 1347 1384 1404 ut
1445 1339 1599 1404 facit
1658 1340 1827 1426 apud
1892 1339 2225 1406 Platonem
2276 1339 2564 1406 Socrates
2584 1388 2601 1418 ,
2645 1342 2780 1426 ipse
2820 1336 2922 1402 fin-

565 1442 758 1532 gere''
786 1481 869 1493 —
899 1442 1087 1531 fingit
1121 1443 1410 1511 Socrates
1450 1449 1781 1512 civitatem
1818 1467 1855 1510 a
1892 1449 2099 1532 primo
2143 1449 2385 1513 civium
2427 1467 2769 1536 congressu
2804 1447 2923 1510 eius

564 1556 774 1616 ortum
818 1538 1196 1635 persequens
1213 1600 1230 1634 ,
1278 1571 1399 1616 non
1440 1551 1518 1616 ad
1558 1572 1738 1617 veras
1784 1554 2177 1637 (existentes)
2203 1555 2499 1619 civitates
2522 1550 2919 1638 respiciendo,

565 1656 672 1722 sed
711 1677 896 1722 suam
934 1656 1332 1741 phantasiam
1373 1663 1663 1735 secutus3
1710 1664 1780 1722 tu
1824 1659 2172 1724 maioribus
2198 1661 2433 1724 nostris
2455 1658 2762 1724 adscribis
2782 1675 2921 1742 quae

566 1770 679 1827 tua
724 1768 905 1841 sunt,
951 1763 1018 1827 in
1062 1765 1321 1828 civitate
1368 1762 1657 1828 Romana
1704 1770 1989 1830 statuens
2030 1784 2137 1848 ea,
2178 1785 2339 1850 quae
2374 1767 2645 1829 maiores
2686 1764 2921 1828 fortasse

562 1869 686 1952 ipsi
726 1888 849 1933 non
894 1868 1226 1944 viderunt3
1273 1883 1340 1932 tu
1389 1871 1601 1934 mavis
1646 1871 1841 1934 etiam
1884 1876 1995 1936 tua
2034 1869 2179 1935 aliis
2218 1870 2573 1936 adscribere
2599 1917 2615 1948 ‚
2656 1868 2921 1935 Socrates

563 1970 802 2059 fingere
859 1977 1159 2058 tanquam
1211 1995 1361 2058 sua3
1408 1975 1535 2058 (ut)
1590 1981 1693 2056 ¹‚et
1738 1974 1855 2040 illa
1898 1975 1976 2040 de
2023 1977 2201 2040 urbis
2247 1977 2375 2040 situ
2424 1995 2677 2041 revoces
2724 1975 2799 2040 ad
2840 1994 2921 2037 ra·

562 2081 798 2144 tionem
822 2127 839 2157 ,
898 2099 1057 2164 quae
1119 2101 1154 2145 a
1216 2078 1493 2146 Romulo
1541 2101 1691 2145 casu
1739 2087 1851 2145 aut
1898 2084 2270 2147 necessitate
2316 2083 2483 2147 facta
2528 2080 2731 2146 sunt”.
2780 2077 2920 2156 „Re-

562 2203 786 2250 vocare
833 2184 911 2251 ad
957 2185 1313 2252 rationem”
1361 2193 1456 2249 est
1503 2185 1567 2251 b.
1594 2184 1638 2249 l.
1690 2189 1931 2252 ratione
1978 2187 2145 2253 facta
2192 2208 2325 2253 esse
2372 2188 2607 2253 docere.
2684 2187 2919 2251 Poterat

561 2293 820 2355 omnino
865 2294 1162 2356 omittere
1213 2291 1368 2367 „illa
1415 2291 1490 2356 de
1537 2293 1714 2357 urbis
1760 2291 1957 2375 situ'’,
2010 2313 2169 2378 quae
2213 2296 2538 2359 continent
2578 2291 2920 2378 explicatio-

561 2417 707 2460 nem
758 2416 878 2461 non
926 2399 1365 2462 necessariam.
1439 2397 1676 2462 Parum
1727 2398 1881 2462 baec
1927 2401 2142 2464 omnia
2182 2420 2327 2464 cum
2370 2400 2798 2484 superioribus
2833 2416 2919 2460 co·

560 2502 854 2588 haerent;
921 2508 1270 2589 exspectari
1335 2505 1637 2570 debebat:
1699 2512 1771 2568 tu
1832 2510 2177 2591 utrumque
2246 2528 2312 2571 es
2376 2506 2693 2584 facturus,
2756 2510 2918 2571 utet

559 2610 929 2673 ratiocinere
990 2616 1053 2674 et
1113 2609 1479 2694 exemplum
1529 2630 1857 2694 proponas.
1932 2608 2056 2676 Pro
2106 2614 2222 2677 hoc
2272 2610 2665 2696 (exemplum
2717 2628 2913 2696 propo-

559 2724 698 2800 nas)
737 2716 1106 2779 substituit:
1161 2718 1480 2792 „tribuere
1527 2714 1740 2794 aliis”,
1790 2716 2066 2802 (aliunde
2110 2729 2361 2781 sumtum
2384 2718 2619 2799 dicens,
2646 2718 2805 2781 nihil
2822 2718 2919 2778 tibi

557 2821 865 2905 arroqane)
887 2868 901 2897 ,
944 2841 1057 2906 pro
1099 2820 1212 2887 illo
1253 2822 1702 2908 (ratiocinere),
1728 2821 1911 2908 plura
1936 2844 2183 2908 quoque
2209 2822 2612 2909 complexus:
2644 2840 2915 2899 „revoces

557 2925 637 2990 ad
675 2926 1024 2991 rationem”
1067 2928 1332 3007 (ratione
1377 2936 1554 2992 utare
1591 2932 1769 2992 etiam
1808 2933 1911 2990 ubi
1948 2930 2109 2992 alius
2148 2952 2265 2993 non
2305 2951 2431 2992 eam
2468 2936 2827 3009 aqnoeceret,
2858 2932 2917 2987 vt

557 3031 624 3093 in.
649 3031 894 3095 Romuli
934 3032 1182 3096 coneilio
1223 3034 1609 3117 exponendo).
1660 3032 1757 3097 Ita
1797 3033 1949 3097 dum
1994 3033 2222 3099 dilatat
2259 3038 2639 3100 sententiam
2660 3081 2678 3111 ,
2716 3035 2914 3098 obscu-

558 3142 658 3200 rat
711 3139 1037 3220 primaria.
1121 3137 1267 3202 Non
1315 3137 1572 3213 dubito,
1615 3138 1768 3221 quin
1808 3138 1963 3203 haec
2002 3160 2039 3204 a
2078 3136 2375 3205 Cicerone
2410 3142 2505 3205 ita
2542 3139 2759 3205 relicta
2802 3139 2917 3201 sint

557 3238 1055 3324 (distinctionem
1094 3244 1399 3330 correxi),
1442 3243 1548 3307 sed
1590 3244 1876 3308 studium
1919 3244 2181 3311 liberius
2219 3246 2557 3311 struendae
2604 3244 2912 3315 orationis,

557 3348 630 3409 ut
679 3346 744 3407 in
791 3364 1077 3411 sermone
1123 3345 1226 3424 fit,
1275 3368 1422 3412 eum
1471 3346 1763 3435 long-ius,
1817 3369 1921 3414 me
1967 3350 2213 3435 iudice,
2249 3353 2489 3417 avexit.
2550 3350 2826 3416 Fortasse
2862 3348 2914 3411 si

555 3448 700 3535 plus
739 3470 962 3535 operae
999 3452 1446 3537 impendisset,
1489 3465 1885 3519 correcturus
1924 3456 2084 3541 fuit3
2124 3476 2270 3521 nam
2315 3455 2505 3520 illum
2540 3477 2661 3522 non
2700 3456 2915 3537 ubique

550 3554 777 3621 limam
828 3560 1000 3642 operi
1047 3558 1413 3623 adhibuisse
1454 3560 1722 3625 dixerim
1768 3559 2015 3627 collatis
2056 3560 2200 3626 aliis
2240 3582 2487 3647 quoque
2511 3562 2698 3639 locis,
2728 3558 2915 3626 veluti

553 3660 602 3726 Ι.
671 3662 757 3727 56
780 3710 796 3742 ,
857 3662 938 3729 ΙΙ.
1012 3664 1089 3729 11
1109 3711 1126 3739 ,
1193 3666 1303 3730 ubi
1361 3668 1595 3750 partim
1657 3666 1924 3732 liberius
1987 3674 2295 3756 vagatur,
2358 3672 2598 3753 partim
2646 3664 2912 3754 periodos

553 3767 876 3835 dilatando
925 3770 1238 3837 obscurat.

643 3978 753 4045 26.
824 3982 1137 4067 ‚,(Numa)
1197 3986 1393 4049 sacris
1449 4004 1484 4049 e
1546 3986 1904 4070 principum
1968 4007 2233 4053 numero
2281 3986 2609 4073 pontifices
2652 3990 2905 4073 quinque

550 4086 854 4172 praefecit
916 4094 980 4153 et
1024 4092 1267 4156 animos
1315 4092 1655 4175 propositis
1698 4090 1952 4179 legibus
1996 4094 2126 4171 bie,
2177 4115 2333 4179 quas
2378 4098 2444 4160 in
2496 4090 2906 4162 monumentis

805 4228 964 4237 -ο--ι

621 4348 671 4409 1)
709 4346 900 4412 Scripta
942 4346 1057 4396 haec
1097 4350 1208 4397 sunt
1253 4352 1362 4397 aute
1396 4348 1719 4399 coniecturam
1754 4365 1783 4398 a
1816 4350 2087 4399 doctissimo
2124 4350 2201 4400 W.
2238 4352 2435 4401 Sum-m
2468 4351 2759 4417 propositam
2790 4348 2907 4397 (3622-

551 4428 656 4480 cel.
693 4432 809 4479 Ans.
847 4428 975 4478 1885
1010 4446 1058 4495 p.
1092 4429 1216 4489 252,
1251 4430 1386 4479 cuius
1419 4431 1540 4481 mihi
1570 4447 1657 4481 nec
1688 4432 2014 4483 necessitatem
2031 4448 2117 4483 nec
2132 4432 2519 4499 probabilitatem
2537 4434 2696 4484 videre
2710 4429 2911 4495 contigit.
