3150 5000
1198 280 1285 327 AD
1333 279 1685 328 mmmm.
1888 276 1891 280 ⁴
2506 262 2635 328 185

273 445 575 531 proprium
639 443 1022 512 vocabulum
1086 465 1390 529 usurpare
1455 443 1733 510 noluerit
1790 452 1976 530 poeta
1993 494 2013 531 ,
2064 449 2361 533 quamvis
2404 444 2645 514 versifi-

271 557 448 618 cator.
518 551 742 637 Neque
793 553 965 617 enim
1014 551 1092 618 de
1143 558 1447 638 perpetuo
1493 557 1681 622 motu
1728 557 1997 618 staterae
2041 553 2235 620 modo
2281 554 2407 620 huc
2453 553 2643 619 modo

270 657 414 724 illuc
471 663 685 724 motae
731 663 1070 744 antequam
1119 658 1198 724 ad
1247 656 1701 744 aequilibrium
1748 661 2076 744 perveniat
2114 679 2322 726 sermo
2362 665 2460 726 est
2475 706 2493 739 ,
2533 659 2643 726 sed

271 765 340 831 de
380 764 556 832 lance
603 785 734 830 una
775 767 980 830 nimio
1027 764 1297 851 pondere
1343 764 1636 851 depressa
1682 769 1749 830 et
1791 768 2119 852 vergenti3
2168 766 2469 832 fortasse:

707 869 948 936 alterno
996 870 1316 937 instabilis
1363 877 1541 936 nutat
1589 871 1941 958 depressior
1985 873 2153 938 orbe.

349 1073 455 1140 IV.
512 1072 574 1140 1.
617 1071 724 1138 93.
774 1072 869 1140 De
912 1072 1256 1140 Messallae
1302 1079 1438 1141 arte
1486 1073 1849 1160 equitandi:
1892 1075 2065 1162 (quis
2102 1075 2329 1161 possit)
2383 1123 2390 1128 -

617 1183 812 1266 inque
856 1183 1066 1247 vicem
1126 1181 1317 1246 modo
1365 1180 1616 1247 derecto
1660 1183 2009 1246 contendere
2044 1203 2229 1264 pacm

624 1308 736 1353 seu
785 1285 1016 1364 libeat,
1070 1307 1264 1353 curvo
1310 1287 1570 1353 brevius
1616 1293 1981 1356 convertere
2025 1307 2210 1376 gyro.
2334 1349 2339 1353 .

359 1393 674 1459 &uendit
704 1395 878 1478 -quis
931 1416 1116 1477 pacm
1160 1395 1294 1460 suis
1341 1394 1632 1460 cruribus
1646 1443 1661 1472 ,
1714 1415 1837 1461 non
1887 1397 2069 1481 equi3
2115 1395 2379 1460 fortasse
2420 1399 2650 1462 eonten-

273 1501 400 1566 dere
445 1521 720 1585 prosum.
805 1499 932 1566 Pro
976 1511 1312 1566 convertere
1353 1503 1649 1586 proximo
1697 1521 1884 1568 versu
1930 1499 2082 1566 libri
2126 1502 2476 1566 contendere
2516 1521 2652 1566 rur-

275 1628 401 1684 sus;
449 1606 888 1673 Broekhusius
933 1608 1296 1690 compellere.
1368 1606 1707 1674 Obiectum
1756 1629 1915 1672 ecum
1961 1627 2086 1674 non
2127 1611 2377 1693 poterat
2411 1607 2644 1673 omitti.
2680 1643 2687 1649 ·

273 1713 549 1781 Fortasse
607 1736 848 1778 curvom
903 1714 1080 1799 (nam
1145 1714 1272 1799 sio,
1334 1734 1460 1781 non
1521 1737 1767 1778 curuum
1829 1714 2213 1800 scribebant)
2280 1717 2647 1780 truncatum

273 1840 387 1887 una
443 1820 666 1886 littera
727 1821 926 1886 traxit
979 1843 1188 1907 gyrum
1233 1821 1801 1906 scribendumque:
1854 1817 2156 1900 „curvom
2211 1822 2468 1887 brevius
2506 1839 2650 1886 con-

276 1931 506 1993 vertere
551 1925 857 2014 gyrum”.

357 2145 472 2212 Π.
525 2144 588 2211 6.
640 2146 718 2211 In
763 2143 886 2210 fine
929 2144 1124 2211 huius
1171 2144 1536 2212 suavissimi
1587 2146 1887 2211 carminis
1932 2165 2191 2212 versus:

409 2281 416 2288 ·
487 2253 548 2317 si
597 2253 736 2338 (sis)
784 2253 1002 2318 iuveni
1050 2256 1271 2338 grata,
1323 2252 1538 2317 veniet
1584 2271 1730 2316 cum
1780 2252 2111 2336 proximus
2161 2272 2403 2336 annus,

577 2356 686 2422 hic
731 2356 904 2422 idem
951 2359 1121 2422 votis
1166 2360 1298 2422 iam
1345 2361 1534 2425 vetus
1579 2361 1743 2422 esset
1794 2376 1974 2422 amor
2453 2413 2456 2416 .

281 2484 484 2561 vereor
529 2468 606 2529 ut
649 2466 1010 2552 integritati
1056 2466 1300 2552 possint
1347 2464 1626 2531 restitui
1694 2463 1820 2529 Pro
1861 2465 2006 2529 esset
2044 2465 2201 2536 adsit
2240 2464 2485 2531 codices
2526 2483 2656 2531 cor-

283 2574 440 2636 recti.
511 2569 639 2636 Sed
699 2568 1022 2658 Scaliger,
1087 2573 1199 2656 qui
1261 2571 1340 2637 ad
1394 2570 1564 2635 hunc
1611 2568 1849 2635 librum
1903 2566 2321 2637 Cuiacianum
2373 2576 2654 2638 veterem

288 2676 564 2743 adhibuit
583 2725 601 2754 ,
647 2678 716 2740 in
763 2681 1062 2742 contextu
1109 2676 1302 2742 habet
1348 2676 1510 2740 adsit
1555 2695 1703 2742 cum
1751 2675 1871 2741 hac
1916 2682 2097 2741 nota:
2151 2676 2356 2754 „liber
2399 2674 2659 2743 infimae

287 2784 610 2848 vetustatis
673 2789 822 2847 esset
890 2806 1072 2849 amor.
1167 2780 1347 2863 Quod
1417 2781 1820 2847 retinendum
1891 2781 2053 2847 est”.
2152 2780 2332 2850 Unde
2398 2786 2660 2868 apparet

287 2894 550 2954 veterem
616 2886 757 2955 Oui.
819 2890 984 2953 adsit
1043 2889 1358 2955 habuisse.
1444 2887 1626 2953 Idem
1688 2889 1755 2952 in
1817 2893 2118 2954 contextu
2170 2894 2257 2953 eie
2301 2894 2505 2954 iuveni
2548 2888 2658 2955 sed

289 2994 346 3057 in
401 2993 702 3061 lemmate
761 2996 842 3059 eit
909 3001 953 3061 i.
1015 2994 1277 3060 fortasse
1339 3013 1673 3080 operarum
1729 2994 1909 3060 vitio.
1983 2991 2125 3083 Ego
2168 2994 2365 3061 talem
2417 3001 2661 3063 senten-

293 3100 433 3165 tiam
491 3101 812 3166 desidero:
875 3102 967 3166 sic
1020 3102 1233 3167 iuveni
1283 3106 1502 3187 gratae
1521 3149 1538 3184 ‚
1589 3101 1803 3165 veniet
1850 3120 1998 3165 cum
2046 3104 2377 3186 proximus
2423 3123 2625 3169 annus
2641 3151 2659 3188 ‚

292 3203 380 3269 his
421 3205 628 3291 palam
679 3209 848 3272 votis
892 3206 1130 3272 arbiter
1175 3206 1340 3272 adsit
1383 3207 1599 3271 Amor.
1650 3205 1819 3271 Nam
1859 3209 1925 3271 et
1960 3214 2127 3273 vetus
2150 3208 2323 3294 (cum
2349 3208 2663 3275 Baehren-

295 3311 398 3397 sio)
455 3312 746 3397 improbo
804 3318 870 3378 et
927 3315 1180 3397 requiro
1239 3310 1740 3377 dissimulationi
1795 3314 2151 3413 oppositam
2220 3320 2473 3400 apertae
2520 3334 2664 3381 oon-

296 3413 560 3483 fessionis
605 3419 670 3482 in
719 3420 1086 3503 proximum
1131 3438 1368 3483 annum
1418 3419 1695 3483 veniam.
1746 3415 1869 3483 Sed
1894 3464 1911 3497 ‚
1958 3423 2033 3483 ut
2074 3418 2245 3496 dixi,
2288 3420 2547 3504 despero
2586 3419 2665 3486 de

297 3524 718 3592 emendatione
761 3530 954 3590 certa.

375 3740 490 3807 lv.
557 3742 618 3810 7.
679 3742 969 3809 Produnt
1033 3738 1351 3828 Sulpiciae
1403 3743 1700 3807 carmina
1770 3741 2037 3807 subinde
2110 3762 2376 3810 manum
2439 3763 2665 3830 parum

303 3838 722 3933 exercitatam3
770 3851 862 3915 sic
909 3850 1171 3915 initium
1219 3848 1416 3914 huius
1462 3850 1762 3914 carminis
1812 3867 2065 3934 operose
2111 3851 2574 3935 compositum:

636 3955 920 4023 Tandem
967 3956 1146 4023 venit
1193 3939 1434 4040 amors
1460 3954 1714 4041 qualem
1766 3957 1998 4021 texisse
2047 3956 2284 4041 pudore

729 4082 918 4148 quam
967 4060 1238 4127 nudasse
1284 4061 1478 4127 alicui
1527 4064 1614 4128 sit
1658 4060 1826 4126 mihi
1870 4061 2045 4127 fama
2091 4064 2325 4150 magis.

305 4160 516 4235 eontra
578 4170 955 4236 sententiam
1027 4168 1443 4233 necessariam
1515 4169 1608 4233 sic
1678 4166 1854 4233 dedit
1921 4166 2007 4232 H.
2027 4218 2045 4253 ,
2115 4170 2174 4234 si
2244 4168 2397 4254 quid
2460 4169 2668 4237 video.

315 4266 582 4349 „Utinam
671 4276 885 4361 potius
968 4273 1141 4339 fama
1211 4275 1539 4361 contingat
1612 4272 1775 4337 mihi
1844 4272 2013 4339 hunc
2086 4292 2365 4340 amorem
2436 4275 2669 4341 texisse

311 4373 610 4467 (pudore),
667 4376 861 4467 quam
924 4382 1222 4465 cuiquam
1283 4376 1738 4468 significasse”.
1827 4377 2009 4458 Haec
2067 4380 2179 4464 qui
2234 4380 2389 4473 dicit
2433 4380 2669 4445 fatetur
