3150 5000
577 313 707 383 164
918 361 925 368 -
1560 331 1957 386 msonows.

662 509 741 581 τῇ
804 497 906 565 κα)
974 501 1295 581 Δήμητρος
1360 501 1734 573 Ἐλευσινίης
1801 501 1920 579 ἱρὸν
1984 499 2245 577 ἧσται.
2339 499 2551 569 Codex
2608 504 2940 572 Vaticanus

570 601 781 671 ἵστα.
853 606 1142 673 Permira
1186 607 1392 674 forma
1431 627 1545 693 pro
1581 605 1828 688 ἵδρυται
1850 658 1868 683 ,
1910 627 2106 694 quam
2145 613 2439 676 veterum
2481 609 2941 699 lexicographo-

569 733 715 779 rum
759 732 949 778 nemo
995 733 1311 779 commem
1319 716 1541 780 oravit.
1618 711 1799 780 Num
1845 713 2009 780 forte
2053 734 2307 781 merum
2358 715 2672 782 scribendi
2718 719 2942 785 vitium

565 839 681 905 pro
729 815 949 884 ἔττιῗ
1931 831 1938 838 ’

655 1036 756 1104 ΙΧ
811 1037 897 1103 58
943 1059 1039 1125 pr.
1088 1039 1227 1103 init.
1268 1033 1376 1102 Ὠ
1426 1039 1650 1110 παῖδες
1699 1038 1968 1104 ’Λλεύεω
2018 1037 2140 1105 ἔτι
2185 1039 2266 1104 τί
2313 1037 2529 1115 λέξετε
2576 1039 2734 1108 τάδε
2780 1039 2941 1121 ὀρέον-

565 1168 669 1216 τες
728 1145 959 1222 ἐρῆμα;
1024 1143 1182 1224 Quis
1248 1163 1478 1229 quaeso
1540 1163 1850 1230 umquam
1916 1147 2010 1211 ita
2057 1145 2313 1212 loeutus
2361 1144 2498 1213 est?
2567 1143 2830 1236 Oorrige
2875 1147 2944 1212 τί

566 1251 597 1314 ἔ
613 1275 681 1314 τι
732 1248 948 1325 λέξετε
995 1250 1126 1314 xri.
1201 1247 1369 1313 Vitii
1416 1251 1733 1338 originem
1784 1250 2047 1317 fortasse
2094 1254 2299 1336 aperit
2345 1252 2542 1319 codex
2581 1253 2941 1320 Laurentia·-

564 1377 687 1421 nus
752 1355 849 1443 (C)
916 1357 1219 1421 omittens
1279 1355 1575 1421 voculam
1635 1356 1700 1421 τί
1745 1376 1939 1440 quam
1987 1360 2476 1444 superscriptam
2527 1379 2566 1425 a
2612 1367 2942 1427 correctore

566 1460 773 1527 alieno
817 1461 956 1527 loco
1001 1460 1294 1527 librarios
1337 1463 1692 1546 reposuisse
1740 1465 2045 1549 suspicor.

654 1567 812 1633 Post
856 1587 1056 1652 pauca
1099 1566 1340 1654 legitur
1386 1563 1476 1632 ὅτι
1526 1568 1847 1640 οὐδένες
1897 1566 2020 1650 ἄρα
2069 1568 2268 1640 ἐόντες
2317 1571 2378 1634 ἐν
2425 1571 2745 1649 οὐδαμοῖσι
2795 1571 2938 1636 ἐοῦσι

562 1671 831 1746 Ἕλλησι
894 1673 1425 1756 ἐναπεδεικνύατο.
1500 1673 1570 1738 In
1623 1671 1876 1740 Comm.
1941 1675 2080 1740 orit.
2135 1676 2526 1763 corrigebam
2571 1679 2940 1756 οὐδαμοὶ,

566 1780 675 1845 sed
721 1779 929 1846 multo
974 1779 1365 1865 probabilius
1412 1775 1692 1846 Cobetus
1737 1776 1830 1844 ὅτι
1877 1803 1906 1845 ο
1927 1782 1960 1846 ὖ
1979 1780 2106 1846 δὲν
2143 1781 2270 1863 ἄρα
2315 1781 2514 1853 ἐόντες
2554 1784 2718 1862 ποτὲ,
2762 1803 2942 1870 quam

567 1885 1075 1952 emendationem
1124 1888 1397 1971 recipere
1444 1905 1569 1951 non
1619 1886 1944 1953 dubitabo.

655 2105 760 2170 IX
820 2103 904 2169 59
970 2111 1131 2170 extr.
1183 2105 1286 2170 καὶ
1337 2104 1573 2171 ἐδίωκον
1621 2107 1700 2177 ὥς
1749 2104 1940 2172 ποδῶν
1981 2101 2240 2178 ἕκαστος
2291 2102 2462 2187 εἶχον
2513 2103 2678 2191 (εἶχε
2727 2106 2934 2190 Gob.)‚

570 2211 709 2277 οὔτε
758 2210 965 2291 κόσμῳ
1012 2211 1199 2277 οὐδενὶ
1250 2211 1651 2289 κοσμηθέντες
1700 2210 1838 2277 οὔτε
1888 2211 2060 2288 τοὶξι.
2129 2211 2230 2279 Of.
2282 2213 2356 2277 ad
2409 2212 2567 2278 VIII
2613 2212 2724 2278 86.
2773 2213 2936 2280 Num

564 2318 727 2384 forte
775 2318 972 2400 [οὔτε]
1020 2319 1227 2399 κόσμῳ
1275 2318 1462 2382 οὐδενὶ
1511 2317 1913 2395 κοσμηθέντες
1963 2318 2133 2402 [οὔτε
2184 2316 2402 2402 roim?
2448 2322 2535 2384 At
2573 2325 2745 2386 recte
2784 2319 2940 2384 Stei-

563 2427 711 2489 nius
752 2424 1016 2501 ,,κόσμος
1058 2423 1299 2490 betrifft
1344 2425 1448 2489 die
1494 2422 1892 2512 Gliederung
1935 2425 2065 2489 und
2115 2423 2426 2512 Ordnung
2471 2425 2581 2490 der
2627 2423 2938 2491 einzelnen

566 2530 991 2617 „Regimente
1049 2532 1327 2616 (τέλεα),
1386 2530 1567 2605 τάξις
1639 2532 1778 2597 ihre
1839 2530 2141 2619 Stellung
2202 2531 2334 2596 und
2394 2533 2689 2620 Aufgabe
2737 2536 2938 2599 inner-

570 2635 759 2722 „halb
808 2638 917 2702 des
960 2658 1203 2725 ganzen
1246 2636 1557 2703 Heeres”.

652 2854 752 2921 IX
816 2854 903 2921 60
965 2854 1376 2935 προδεδόμεθα
1426 2856 1539 2919 ὑπὸ
1593 2862 1707 2921 τῶν
1754 2854 2115 2938 συμμάχων
2165 2860 2341 2935 ἡμεῖς
2389 2880 2459 2920 τε
2513 2858 2589 2942 [οἱ
2639 2858 2942 2922 Λακεδαι-

560 2960 775 3047 μόνιοι]
841 2962 946 3026 καὶ
1015 2963 1187 3037 ὑμεῖς
1239 2962 1318 3045 [ol
1367 2958 1704 3045 Ἀθηναῖοι]
1754 2961 1869 3026 ὑπὸ
1917 2964 2026 3035 τὴν
2077 2963 2527 3044 παροιχομένην
2576 2964 2774 3027 νύκτα
2825 2964 2944 3027 δια·

564 3067 827 3145 δράντων
856 3114 869 3131 .
920 3071 1019 3131 νῦν
1070 3064 1145 3131 ὦν
1193 3067 1573 3133 δέδοκται
1623 3066 1692 3131 τὸ
1743 3068 2011 3131 ἐνθεῦτεν
2061 3069 2188 3153 [τὸ]
2239 3070 2509 3142 ποιητέον
2535 3048 2718 3145 ημῖν.
2763 3068 2943 3133 Prae-

562 3179 659 3237 ter
695 3175 954 3239 nomina
989 3176 1243 3257 propria
1282 3192 1441 3257 quae
1479 3172 1650 3239 male
1689 3172 1893 3238 seduli
1936 3172 2202 3239 lectores
2243 3172 2656 3257 addiderunt,
2707 3194 2945 3260 expun-

560 3284 756 3365 gatur
815 3298 961 3343 cum
1024 3278 1235 3343 codice
1294 3276 1584 3345 Romano
1646 3278 1875 3345 vocula
1928 3281 1996 3344 τὸ
2040 3299 2367 3363 perperam
2416 3281 2708 3364 repetita.
2783 3279 2942 3346 Nam

558 3384 710 3451 licet
755 3384 1075 3472 iungendo
1123 3384 1192 3449 τὸ
1242 3386 1511 3450 ἐνθεῦτεν
1556 3387 1983 3472 grammatica
2031 3389 2308 3461 constet,
2355 3405 2554 3472 grave
2601 3390 2821 3451 tamen
2858 3388 2948 3449 est

557 3491 817 3556 auribus
865 3493 1209 3575 repetitum
1258 3490 1349 3555 τό.
1420 3488 1756 3557 Praeterea
1801 3495 1971 3556 reete
2016 3488 2294 3557 Cobetus
2339 3493 2652 3578 corrigere
2693 3488 2948 3556 videtur

560 3596 966 3665 δέδεκται.

647 3800 747 3866 IX
810 3799 890 3865 61
957 3801 1227 3867 ἀπίεσαν
1291 3804 1410 3864 τῶν
1467 3798 1866 3878 τοξευμάτων
1934 3800 2202 3866 πολλοὶ
2267 3796 2698 3881 ἀφειδέως.
2775 3795 2949 3864 Gf.I

558 3905 725 3983 207,
768 3904 855 3971 33
893 3910 1008 3971 τῶν
1050 3904 1378 3987 προβάτων
1427 3907 1820 3989 ἀφειδέως
1865 3907 2130 3972 πολλοὶ
2171 3905 2688 3982 κατακόψαντας.
2717 3902 2950 3971 Vereor

555 4034 635 4078 ne
694 4013 1029 4098 utrobique
1091 4012 1299 4078 πολλοὶ
1362 4014 1449 4078 sit
1502 4011 1874 4100 glossatoris
1937 4014 2047 4097 qui
2101 4013 2387 4099 genetivi
2453 4011 2772 4075 rationem
2825 4030 2944 4074 non

557 4120 711 4184 satis
755 4118 1163 4185 intellexerit.
1214 4157 1299 4168 —
1350 4118 1533 4199 Quod
1581 4120 1647 4183 in
1696 4118 1932 4184 vicinia
1978 4116 2223 4205 legitur
2268 4120 2336 4183 οὐ
2383 4116 2510 4196 γάρ
2546 4124 2664 4195 σφι
2705 4115 2945 4195 ἐγίνετο

558 4225 644 4290 τὰ
703 4222 963 4304 σφάγια
1027 4223 1291 4304 xpus-oi
1352 4224 1446 4289 ibi
1506 4224 1861 4308 suspicione
1924 4244 2046 4289 non
2108 4228 2278 4289 caret
2341 4222 2636 4288 additum
2701 4223 2946 4301 xpm-d,

554 4330 721 4416 quod
784 4350 967 4415 saepe
1025 4331 1092 4394 in
1136 4330 1255 4395 hac
1302 4329 1578 4396 formula
1624 4329 1970 4395 omittitur.
2046 4326 2144 4395 Of.
2195 4328 2396 4396 Cobet
2443 4326 2686 4393 Mnem.
2747 4326 2946 4411 1857,

556 4438 724 4517 292,
793 4436 923 4503 409
986 4458 1079 4523 sq.
1150 4434 1215 4500 Si
1268 4444 1479 4501 tamen
1528 4438 1819 4521 spurium
1869 4441 1965 4500 est
2005 4439 2256 4521 saepius
2293 4435 2412 4501 hoc
2461 4432 2758 4499 simileve
2801 4456 2948 4519 sup·
