3150 5000
1216 319 1618 372 mono-rus.
2479 299 2603 368 1¹71

330 493 363 558 I
418 493 501 558 25
564 491 1044 574 ὑποκρητηρίδιον
1106 492 1369 571 σιδήρεον
1418 490 1731 565 κολλητόν.
1807 491 1870 556 Ν
1871 491 2020 556 aber
2068 492 2336 557 coniecit
2381 487 2610 568 σιδηρο-

245 595 538 675 ιιδλλητον.
610 598 735 666 Sed
778 599 862 666 cf.
911 597 1183 664 Pausan.
1235 597 1297 660 X
1349 599 1472 674 16,
1525 595 1558 660 1
1609 615 1702 682 sq.

318 801 349 866 I
404 801 487 866 30
551 801 625 866 εί
680 825 867 867 τινα
916 801 1061 877 ἤδη
1109 799 1357 865 πάντων
1403 797 1529 866 εἶδε
1581 801 2120 878 ὀλβιώτατον.
2191 799 2406 866 Naber
2449 801 2613 865 coni.

240 906 503 985 ὄλβιον
565 907 789 973 οὕτω.
877 907 1004 974 Sed
1062 927 1143 973 ne
1204 906 1293 973 sic
1358 907 1618 992 quidem
1677 919 1790 972 me‘
1843 906 2058 973 iudice
2115 911 2286 971 recte
2346 905 2615 991 quadrat

240 1013 467 1080 Solonis
524 1035 897 1101 responsum
969 1013 1211 1079 Τέλλον
1276 1013 1349 1078 Ἀ
1360 1015 1632 1098 θηναῒον,
1691 1015 1842 1098 quie
1880 1012 2062 1078 docet
2108 1013 2386 1077 neri-etio
2429 1009 2614 1076 Solo·-

240 1141 369 1185 nem
414 1119 669 1186 'Pellam
716 1141 841 1188 non
884 1120 1114 1186 hebere
1154 1141 1337 1205 aeque
1373 1120 1618 1206 felicem
1657 1125 1848 1204 etque
1885 1117 2194 1185 Croesum
2213 1166 2230 1195 ,
2271 1118 2382 1184 sed
2419 1115 2613 1183 illum

240 1223 463 1290 πάντων
514 1223 899 1302 ὀλβιώτατον
917 1273 935 1304 ,
983 1225 1153 1290 hunc
1200 1246 1280 1290 ne
1322 1223 1606 1302 ὄλβιον
1653 1225 1934 1310 quidem.
2005 1223 2350 1290 Manifesto
2393 1224 2614 1289 rescri-

236 1331 533 1398 bendum:
584 1332 770 1396 τίνα
820 1331 907 1406 δη
954 1330 1201 1396 πάντων
1246 1331 1377 1396 nb.
1424 1337 1501 1395 ut
1544 1329 1862 1396 edendum
1909 1333 2148 1397 curavi.

313 1533 341 1598 I
404 1535 490 1600 43
556 1535 669 1610 τήν
731 1560 801 1600 τε
865 1533 1149 1615 μα’χην
1212 1535 1317 1600 καὶ
1385 1537 1491 1602 τὸν
1551 1539 1660 1600 τοῦ
1723 1533 1938 1606 παιδὸς
2003 1531 2182 1614 μόρον
2229 1531 2492 1611 ἐσήμηνέ
2537 1533 2612 1598 οἱ.

239 1637 483 1708 Temere
546 1641 761 1708 Neber
822 1644 1136 1729 corrigere
1198 1641 1365 1706 mihi
1428 1641 1686 1708 videtur
1749 1641 1992 1716 πλάνην
2012 1687 2029 1720 ,
2092 1639 2260 1725 quod
2319 1661 2400 1706 ne
2457 1640 2616 1706 satis

238 1747 477 1830 quidem
526 1746 859 1834 intellego.
932 1747 1007 1812 In
1065 1747 1342 1812 editione
1388 1767 1533 1814 mee
1581 1745 1826 1812 contuli
1874 1767 2010 1832 cap.
2061 1744 2146 1812 39
2195 1750 2356 1812 extr.
2405 1744 2611 1812 ἐπείτε

238 1847 303 1914 ὦν
357 1853 421 1918 οὐ
484 1853 633 1934 πρὸς
697 1851 920 1934 ἄνδρας
974 1855 1117 1952 ἡμῖν
1166 1853 1411 1931 γίνεται
1463 1861 1517 1917 H
1570 1860 1819 1918 MAXH
1869 1853 2054 1931 μέτες
2105 1875 2224 1931 με,
2271 1852 2387 1917 ubi
2432 1852 2611 1938 cogi-

240 1959 411 2024 tundo
454 1957 835 2044 supplemus
876 1959 1057 2026 ἀλλὰ
1102 1959 1244 2039 πρὸς
1296 1960 1505 2038 θηρίον.

313 2143 346 2208 I
402 2141 487 2210 65
553 2145 863 2223 μετέςησε
924 2147 1011 2212 τὰ
1072 2145 1309 2226 νόμιμα
1369 2146 1588 2212 πάντα
1652 2147 1756 2212 καὶ
1824 2142 2195 2227 ἐφύλαξε
2257 2147 2468 2210 ταῦτα
2518 2145 2610 2224 μη

238 2250 657 2328 παραβαίνειν.
723 2253 786 2318 Ν
787 2253 935 2319 eber
980 2254 1252 2320 coniecit
1298 2252 1330 2318 ἔ
1343 2279 1379 2318 τ
1399 2278 1441 2317 α
1458 2251 1497 2330 ξ
1516 2279 1565 2319 ε.
1629 2251 1758 2320 Sed
1798 2252 2065 2319 verbum
2105 2250 2380 2338 simplex
2416 2271 2608 2317 num-

238 2373 407 2440 quam
468 2360 565 2424 sic
626 2361 837 2424 utitur
895 2357 1293 2446 Herodotus,
1356 2365 1421 2425 et
1485 2358 1722 2426 melius
1792 2361 2162 2424 coniecisset
2231 2355 2608 2432 ἐπέταξε.

240 2455 466 2529 Colleto
513 2461 656 2531 loco
703 2461 793 2531 VI
844 2467 927 2533 21
980 2471 1137 2531 extr.
1187 2467 1423 2553 possis:
1484 2465 1587 2531 καὶ
1639 2463 1994 2541 ἐπέταξε
2042 2467 2256 2529 ταῦτα
2301 2462 2608 2543 μηδένα

243 2568 657 2647 παραβαίνειν.
746 2568 871 2636 Sed
933 2568 1069 2635 fieri
1128 2576 1337 2657 potest
1385 2576 1459 2635 ut
1504 2569 1790 2653 ἐφύλαξε
1837 2570 2239 2638 retinendum
2284 2573 2372 2638 sit
2415 2573 2611 2637 inter-

242 2675 525 2758 pretendu
533 2695 729 2761 mque
775 2678 900 2759 leqe
944 2682 1120 2743 cavit.

318 2860 347 2927 I
392 2863 525 2929 103
572 2860 743 2937 οὗτος
792 2864 1055 2943 λέγεται
1102 2864 1333 2930 πολλὸν
1380 2864 1469 2931 ἔτι
1519 2863 1804 2944 γενέσθαι
1841 2866 2251 2946 ἀλκιμώτερος
2292 2871 2408 2931 τῶν
2443 2889 2609 2946 τρο-

246 2966 489 3042 γδνων.
565 2971 710 3036 Non
772 2974 1028 3057 scripsit
1083 2972 1170 3037 H.
1235 2969 1556 3036 πάντων
1604 2979 1720 3037 τῶν
1774 2970 2111 3051 προγόνων,
2163 2970 2272 3039 sed
2317 2970 2612 3059 intellegi

244 3072 428 3140 voluit
473 3096 631 3163 quos
679 3076 870 3142 modo
920 3078 1280 3144 nominavit
1332 3076 1642 3165 Cyexaris
1689 3083 1936 3163 patrem
1986 3083 2050 3143 et
2095 3098 2292 3144 evum
2342 3076 2610 3143 Phreor-

247 3180 337 3243 ten
388 3188 451 3247 et
514 3182 794 3249 Deiocen
812 3230 830 3261 ,
877 3186 1095 3268 itaque
1141 3182 1307 3249 nihil
1355 3205 1512 3270 opus
1557 3190 1654 3249 est
1701 3184 1764 3249 N
1765 3186 1938 3250 uberi
1986 3191 2346 3251 coniectura
2391 3208 2612 3264 προγε-

248 3286 509 3365 νομένων,
575 3288 745 3375 quod
805 3295 1129 3374 praeterea
1188 3310 1313 3356 non
1363 3290 1579 3356 addito
1626 3288 1937 3368 βασιλέων
1985 3292 2180 3358 nimis
2227 3291 2451 3357 fuisset
2497 3292 2610 3359 ob-

248 3410 501 3459 scutum.

321 3578 353 3645 1
415 3582 537 3648 141
608 3580 894 3648 δοκέοντα
960 3588 1164 3663 σφεας
1226 3583 1391 3668 (τοὺς
1457 3584 1664 3671 ἰχθῦς)
1720 3582 2314 3661 ἐξελεύσεσθαι
2359 3584 2420 3657 ἐς
2465 3590 2608 3663 γῆν.

246 3682 435 3753 Nsber
495 3690 763 3754 coniecit
811 3685 1177 3764 έξαλέεσθαι
1198 3738 1217 3773 ,
1266 3689 1435 3775 quod
1482 3688 1820 3772 ἐξέρχομαι
1869 3689 1947 3756 de
1993 3690 2274 3775 piscibus
2319 3688 2446 3756 dici
2495 3708 2609 3755 ne·

247 3796 433 3872 queat.
502 3794 645 3861 Non
684 3793 1035 3860 advertisse
1074 3794 1335 3862 videtur
1372 3797 1590 3863 virum
1633 3796 1904 3863 subinde
1943 3796 2142 3862 nimis
2178 3796 2569 3883 suspicacem
2591 3841 2609 3874 ,

250 3900 443 3979 paucis
484 3906 625 3986 post
674 3901 963 3967 versibus
996 3901 1085 3966 -de
1131 3900 1361 3967 iisdem
1411 3902 1537 3968 dici
1589 3902 1921 3982 ἐκβαίνειν.

322 4001 357 4066 I
400 4003 528 4069 162
570 4004 719 4077 ὅκως
772 4006 1096 4086 τειχήρεας
1146 4006 1412 4081 ποιήσειε
1432 4058 1450 4093 ,
1500 4008 1570 4073 τὸ
1622 4008 1890 4073 ἐνθεῦτεν
1929 4014 2124 4087 χῶμα
2163 4012 2294 4087 χῶν
2337 4006 2480 4088 πρὸς
2520 4008 2608 4073 τὸ

250 4107 455 4189 τείχεα
514 4111 649 4177 ἐπέ
669 4113 747 4190 ρθ
769 4135 798 4176 ε
817 4136 867 4176 ε.
950 4111 1393 4179 Necessarium
1459 4112 1523 4182 Ν
1526 4114 1714 4179 abero
1778 4114 2035 4180 videtur
2091 4133 2391 4200 reponere
2438 4114 2608 4178 έπο·

254 4224 317 4278 λι
334 4214 407 4293 ὀρ
423 4239 500 4281 κε
516 4242 564 4283 ε.
638 4216 875 4299 Quidni
923 4222 1168 4285 vertere
1213 4218 1365 4286 licet
1411 4228 1650 4286 vastare
1696 4218 2202 4303 aqyrediebacm?

331 4414 391 4481 11
448 4419 525 4485 56
586 4420 825 4486 ἔπειτεν
888 4420 1258 4488 δουλεύουσα
1321 4422 1530 4489 αὐτόθι
1597 4420 1954 4503 &parmam
2003 4422 2144 4487 ὑπὸ
2191 4424 2426 4502 Φηγῷ
2476 4444 2608 4485 τε·
2725 4428 2733 4437 ’
