3150 5000
1039 1105 1135 1214 L.
1204 1107 1624 1247 APULEI
1687 1105 2274 1212 APOLOGIA.

1455 1384 1868 1434 w-

1734 1614 1883 1664 edidit
1916 1615 1974 1664 G.
2011 1615 2241 1680 Krucger.
2273 1613 2493 1664 Berolini
2528 1615 2657 1682 apud
2692 1612 2843 1662 weid-

1810 1711 2009 1747 mannos
2044 1697 2189 1747 1864.

555 1846 608 1891 c.
671 1826 724 1892 I.
785 1826 944 1891 Nam
966 1873 982 1905 ‚
1046 1837 1116 1890 ut
1173 1826 1524 1904 meministi,
1593 1828 1720 1890 dies
1782 1829 1993 1892 abhinc
2051 1828 2295 1912 quintus
2355 1849 2433 1890 an
2481 1834 2685 1892 sextus
2730 1835 2846 1908 est,

463 1953 589 1995 cum
653 1955 740 1996 me
795 1955 1032 1997 causam
1067 1955 1183 2016 pro
1230 1955 1413 1997 uxore
1455 1956 1582 1997 mea
1628 1934 1987 1997 Pudentilla
2034 1935 2319 1996 adversus
2375 1933 2641 1997 Granios
2686 1950 2847 2012 aqere

463 2061 797 2120 aqqressum
855 2041 929 2103 de
988 2045 1292 2122 composito
1341 2062 1445 2103 nec
1491 2041 1828 2122 opinantem
1864 2039 2116 2123 patroni
2163 2041 2291 2102 eius
2338 2044 2628 2102 incessere
2673 2037 2845 2100 male-

467 2145 648 2208 dictis
705 2156 764 2208 et
825 2145 1175 2210 insimulare
1218 2146 1572 2226 maqicorum
1620 2146 2037 2234 maleficiorum
2086 2169 2156 2209 ac
2201 2147 2449 2230 den-ique
2496 2145 2663 2208 necis
2707 2145 2846 2208 Pon-

467 2250 628 2320 tiani
681 2251 951 2333 priviqni
1013 2251 1127 2314 mei
1187 2272 1438 2333 coepere.
1525 2249 1895 2330 Quaeritur:
1966 2254 2149 2316 cuius
2213 2247 2504 2336 patroni?
2559 2249 2849 2330 „Scilicet

468 2351 899 2421 Graniorum”
965 2353 1374 2438 Gasaubonus
1434 2356 1771 2442 respondet
1827 2369 1891 2421 et
1951 2356 2147 2444 leg-it:
2197 2357 2444 2440 patroni
2494 2379 2710 2422 eorum.
2782 2352 2847 2417 In

466 2463 778 2549 proximis
841 2481 988 2530 vero
1050 2467 1259 2529 orator
1303 2467 1548 2541 narrat,
1593 2483 1659 2527 se
1700 2461 1870 2528 ultro
1917 2463 2083 2541 „eos”
2124 2462 2201 2529 ad
2244 2462 2673 2529 accusandum
2713 2479 2847 2546 pro-

467 2589 763 2654 vocasse,
830 2570 957 2648 „n'bi
1003 2568 1181 2635 vero”
1230 2570 1635 2634 Aemilianum
1682 2574 1864 2657 terga
1908 2570 2150 2635 dedisse
2197 2574 2261 2635 et
2307 2590 2457 2635 suae
2506 2566 2851 2635 temeritati

467 2676 742 2741 latebras
802 2678 1137 2761 quaesisse.
1223 2674 1434 2763 Igitur
1494 2683 1558 2741 et
1620 2674 2018 2741 Aemilianus
2080 2695 2298 2740 eorum
2366 2675 2527 2757 fuit,
2588 2678 2699 2761 qui
2744 2672 2850 2737 illa

467 2780 811 2849 maledicta
859 2789 923 2847 et
967 2780 1237 2847 crimina
1281 2782 1639 2859 iactabant,
1688 2784 1733 2846 i.
1784 2803 1838 2846 e.
1888 2783 2012 2846 fuit
2061 2803 2224 2847 unus
2268 2802 2346 2848 ex
2392 2782 2510 2859 iis,
2565 2782 2677 2867 qui
2716 2800 2850 2847 cau·

467 2909 606 2955 sam
656 2887 1043 2955 Graniorum
1089 2887 1392 2956 adversus
1439 2886 1876 2954 Pudentillam
1927 2884 2219 2973 agebant.
2294 2886 2365 2952 In
2406 2890 2656 2971 optimo
2697 2885 2851 2950 libro

468 3031 667 3077 manu
725 3013 959 3096 scripto
1019 3010 1071 3075 F
1134 3011 1356 3097 (codex
1401 3010 1866 3077 Laurentianus
1914 3004 2019 3073 68.
2072 3008 2166 3093 2.)
2212 3006 2452 3095 legitur
2486 2990 2850 3120 *fum'qu

467 3144 768 3231 Suspicor
827 3146 1080 3211 eosdem
1101 3193 1117 3225 ‚
1181 3147 1290 3231 qui
1353 3149 1421 3210 in·
1477 3166 1667 3211 causa
1729 3144 2085 3229 Apuleiana
2148 3143 2513 3211 Aemiliano·
2588 3145 2850 3220 adsunt,

467 3272 594 3317 una
652 3271 802 3317 cum
864 3252 1002 3337 ipso
1064 3255 1261 3318 etiam
1324 3273 1578 3319 causam
1644 3249 2030 3317 Graniorum
2098 3252 2308 3337 egisse
2376 3257 2443 3315 et
2508 3251 2854 3317 Aemiliani

466 3380 700 3425 nomen
746 3379 780 3423 s
826 3357 964 3424 loco
1009 3363 1226 3425 nostro
1273 3358 1615 3442 excidisse,
1657 3362 1732 3422 ut
1770 3358 1996 3422 fuerit:
2040 3378 2167 3419 cum
2207 3378 2295 3420 me
2332 3392 2419 3405 —-
2460 3380 2567 3422 nec
2608 3358 2854 3441 opinan-

466 3473 580 3531 tem
617 3466 1026 3531 Aflmmfflus
1059 3469 1427 3547 patronique
1467 3465 1595 3528 eius
1630 3466 1919 3529 incessere
1956 3463 2288 3527 maledictis
2313 3472 2371 3525 et
2394 3464 2747 3528 insimulare
2772 3496 2848 3510 -

467 3595 719 3657 coepere.
767 3572 868 3637 Ita
907 3571 1172 3638 demum
1215 3572 1456 3655 optime
1503 3592 1652 3636 mox
1700 3576 2036 3655 sequetur:
2086 3569 2187 3632 Ibi
2210 3591 2345 3633 vero
2371 3570 2746 3633 Aemilianus
2770 3604 2849 3616 —

464 3701 746 3765 quaerere
790 3679 1012 3763 occepit
1057 3700 1130 3743 ex
1175 3676 1511 3760 diffidentia
1558 3678 1872 3741 latibulum
1918 3674 2167 3760 aliquod
2188 3676 2529 3739 temeritati.
2552 3674 2853 3753 „Patroni

465 3784 854 3875 Aemiliani”
905 3790 1342 3851 memorantur
1386 3804 1440 3849 c.
1490 3781 1564 3847 V.

561 4019 614 4063 c.
679 3996 761 4062 ΙΙ.
827 3998 986 4084 quod
1039 4004 1104 4061 tu
1159 3994 1286 4060 cum
1335 3996 1745 4060 sollertissime
1790 3994 2308 4059 animadvertisses
2355 4000 2414 4058 et
2458 3993 2681 4059 idcirco
2730 4013 2853 4056 cum

467 4106 662 4171 denuo
707 4103 979 4167 iussisses
1015 4108 1261 4185 proprio
1305 4103 1541 4167 nomine
1587 4102 2012 4165 accinctionem
2063 4101 2322 4165 delatam
2362 4099 2687 4181 sustinere,
2727 4096 2852 4180 pol·

469 4210 674 4277 licitus
732 4209 824 4273 ita
862 4209 1219 4292 facturum,
1287 4230 1361 4271 ne
1414 4193 1500 4271 sic
1545 4208 1777 4293 quidem
1824 4212 2022 4289 quitus
2069 4213 2192 4285 est,
2244 4213 2312 4269 ut
2356 4205 2616 4269 cominus
2660 4210 2852 4286 afferet

465 4318 740 4402 percelli,
795 4316 901 4379 sed
943 4314 1061 4378 iam
1108 4322 1165 4377 et
1213 4316 1495 4379 adversus
1531 4322 1590 4379 te
1628 4313 2049 4377 contumaciter
2088 4314 2315 4377 eminus
2356 4312 2672 4376 calumniis
2710 4308 2851 4375 oeli·

467 4432 654 4491 tatur.
725 4423 936 4510 Lego:
986 4431 1045 4487 et
1089 4422 1376 4486 adversus
1425 4431 1483 4485 te
1530 4428 1860 4485 contumace.
