3150 5000
1276 245 1513 297 mosao.
1757 244 1900 319 j·
2509 227 2600 295 69

188 416 491 501 impetus
536 413 715 501 volgi
761 412 1049 481 cohibere
1093 431 1216 478 non
1260 411 1495 498 possit’'
1543 418 1640 479 est
1663 432 1702 481 a
1723 432 1845 479 sec.
1886 433 2098 479 manu.
2151 410 2329 479 Idem
2353 414 2589 479 vitium

188 524 457 609 primae
499 541 727 587 manus
770 516 941 604 §65.
994 518 1179 595 „Non
1220 517 1430 584 solum
1479 543 1598 585 non
1645 517 1855 585 facta”
1905 539 2052 585 vere
2090 520 2358 606 corrigit
2389 516 2594 583 Halm

188 628 281 694 11.
332 625 450 693 28.
525 626 663 691 Non
722 624 1081 691 addendum
1124 626 1176 710 ,ς
1224 622 1309 689 29
1360 626 1435 690 cf.
1488 622 1638 691 ΧΠ.
1685 645 1750 710 p.
1802 621 1953 691 403.
2025 622 2312 709 Denique
2358 626 2424 689 in
2471 620 2596 689 fine

188 734 351 800 libri
400 732 460 797 V
506 732 739 824 factam
789 750 825 796 a
863 730 1182 817 Lennepio
1236 731 1743 799 emendationem
1771 729 1940 795 Bibl.
1964 728 2122 795 Crit.
2151 729 2232 795 N.
2260 728 2342 794 V.
2369 751 2434 815 p.
2459 728 2592 799 280

188 842 317 905 etsi
368 839 462 905 ad
505 836 989 925 palimpsestum
1036 858 1160 904 non
1187 841 1485 930 *pertinet
1524 845 1739 904 tamen
1776 837 1882 903 hie
1918 836 2108 911 addo,
2145 837 2446 922 quoniam
2469 856 2594 903 non

192 946 651 1013 animadversa
698 946 973 1012 videtur.
1036 944 1247 1023 „Mihi
1296 945 1553 1031 quidem
1605 945 1724 1023 hoc
1769 943 1914 1030 plus
1959 943 2118 1011 mali
2163 943 2368 1011 facere
2409 943 2594 1011 vide-

188 1058 301 1119 tur
366 1054 487 1138 qui
548 1054 855 1119 oratione·
891 1070 1082 1136 quam
1150 1054 1259 1136 qui
1305 1053 1511 1138 pretio
1559 1051 1868 1145 [iudicem
1887 1047 1944 1137 ἵ]
1994 1052 2376 1136 corrumpit,
2426 1050 2596 1134 quod
2663 1104 2676 1128 .

186 1160 477 1245 pecnnia
522 1176 921 1243 corrumpere
967 1158 1439 1242 imprudentem
1485 1176 1674 1223 nemo
1719 1162 1961 1242 potest,
2011 1156 2274 1222 dicendo
2319 1154 2594 1241 potest.’'

190 1265 478 1353 Legitur
521 1262 723 1351 vulgo
762 1265 1129 1347 prudentem.
1172 1263 1395 1329 Minus
1440 1268 1609 1329 recte
1647 1261 2052 1339 Hirschfeld,
2093 1260 2366 1329 Hermes
2404 1260 2484 1325 V.
2527 1283 2591 1348 p.

192 1370 331 1436 300
366 1372 715 1453 pudentem.

282 1476 471 1543 Inter
518 1477 758 1542 similia
803 1483 916 1543 aut
963 1396 1239 1562 propter
1264 1473 1507 1541 similia
1540 1473 1828 1561 syllabae
1866 1481 1932 1540 et
1971 1473 2284 1541 vocabula
2307 1475 2594 1561 frequen-

188 1586 455 1649 tissime
505 1585 930 1662 omittuntur,
976 1583 1187 1649 velut.
1238 1582 1614 1648 defendo—
1642 1580 2026 1647 defendendo
2061 1580 2275 1647 Scaur.
2307 1580 2426 1659 19,
2453 1602 2596 1649 con-

192 1693 379 1775 quire
406 1726 499 1739 ·-—
525 1692 885 1774 conquirere
934 1689 984 1754 1.
1039 1688 1121 1754 17
1140 1738 1159 1771 ,
1210 1693 1465 1774 repente
1492 1724 1577 1739 -—
1603 1690 1914 1772 repetente
1954 1685 2003 1751 1.
2031 1686 2117 1751 25
2139 1734 2156 1765 ,
2194 1689 2482 1755 contione
2511 1724 2595 1739 —-

195 1798 601 1861 contentione
658 1802 723 1861 et
785 1794 991 1861 multa
1038 1794 1186 1860 alia.
1256 1793 1415 1879 Rep.
1466 1792 1547 1858 ΙΙ.
1597 1790 1641 1857 8
1690 1800 1748 1859 et
1788 1799 1933 1878 post
1971 1792 2198 1869 ,habec’
2247 1796 2594 1860 omissumt

200 1910 443 1986 „atque
508 1901 693 1969 habet
736 1902 867 1965 iam
917 1903 1267 1967 amoenitas
1313 1902 1453 1985 ipsa
1488 1936 1571 1949 -
1615 1898 1944 1965 illecebras
1991 1898 2232 1966 multas
2277 1901 2596 1986 cupidita·
2667 1948 2674 1957 -

196 2007 411 2084 tnm’'‚
456 2009 572 2073 ubi
621 2007 799 2073 etiam
846 2008 925 2073 ab
970 2005 1238 2075 Halmio
1288 2012 1355 2073 et
1397 2006 1653 2073 Baitero
1698 2007 1934 2073 iniuria
1977 2011 2286 2091 spretum.
2355 2005 2464 2073 Sic
2507 2029 2598 2072 me

196 2114 444 2181 indicio
510 2112 612 2179 2oe
659 2134 830 2181 man.
885 2118 1146 2199 apparet
1197 2114 1592 2181 intercidisse
1638 2115 1806 2179 inter
1853 2111 2088 2191 ‚dicam'
2139 2118 2230 2205 et,
2253 2112 2594 2191 „hercule”

200 2219 466 2304 (ercule)
515 2218 566 2283 Ι.
613 2218 737 2304 31;
788 2220 1053 2295 „residet
1086 2219 1319 2285 etiam”
1360 2222 1427 2284 in
1470 2218 1895 2297 ‚residetiam’.
1912 2218 2303 2296 ,resitetiam’
2343 2221 2414 2285 in
2436 2222 2594 2285 Am-

200 2327 501 2391 brosiano
545 2324 963 2409 depravatum
1012 2324 1231 2390 Scaur.
1285 2325 1399 2403 14,
1448 2332 1524 2390 ut
1568 2325 1983 2392 Heinrichius
2022 2326 2217 2407 vidit,
2261 2347 2452 2411 quem
2477 2329 2599 2392 mi-

202 2451 338 2497 rere
383 2452 517 2498 non
560 2432 637 2496 ab
686 2432 983 2496 omnibus
1032 2433 1404 2517 probatum3
1456 2430 1759 2497 Halmius
1805 2438 1978 2497 tenet
2023 2434 2090 2496 in
2128 2438 2428 2500 contextu
2453 2434 2596 2500 iam.

206 2537 762 2623 „Principiamus”
792 2577 869 2588 -
901 2537 1620 2623 „principiampiamus”
1667 2537 1718 2604 Ι.
1770 2537 1876 2603 56.
1913 2575 1990 2588 -
2026 2538 2386 2605 Verborum
2426 2543 2597 2607 inter

206 2643 449 2710 similia
486 2645 867 2709 omissorum
906 2649 1039 2708 tam
1078 2642 1435 2728 frequentia
1473 2649 1623 2708 sunt
1660 2643 1954 2729 exempla
1989 2651 2057 2708 et
2079 2646 2378 2712 omnibus
2401 2649 2595 2733 scrip-

206 2749 455 2814 toribus
504 2750 903 2826 oommunia‚
952 2755 1026 2813 ut
1070 2748 1345 2814 sufficiat
1390 2749 1674 2836 digitum
1723 2751 2070 2816 intendisse
2117 2751 2196 2816 ad
2242 2750 2297 2816 Ι.
2350 2749 2426 2828 3,
2474 2752 2596 2830 10,

208 2851 327 2930 23,
380 2854 511 2938 27,
560 2853 668 2920 31.
738 2853 834 2919 De
880 2852 1212 2920 Tullianae
1258 2875 1311 2920 c.
1364 2841 1452 2918 34
1498 2860 1562 2919 et
1610 2852 1697 2920 29
1737 2855 1814 2920 cf.
1865 2853 2005 2920 XII.
2057 2877 2120 2941 p.
2170 2855 2292 2938 59,
2339 2877 2433 2941 sq.
2502 2857 2599 2924 De

207 2959 455 3026 duabus
516 2958 761 3026 lacu-nis
819 2959 1209 3043 maioribus,
1272 2966 1348 3025 ut
1410 2959 1700 3044 videtur,
1756 2980 1881 3026 non
1927 2965 2164 3027 notatis
2209 2961 2258 3028 1.
2313 2964 2346 3028 1
2397 2968 2459 3028 et
2513 2962 2598 3029 13

208 3065 285 3130 cf.
332 3063 459 3132 x11
508 3085 569 3152 p.
621 3063 790 3144 394,
858 3063 1009 3132 397.
1080 3064 1442 3151 Repetitam
1505 3067 1804 3132 mendose
1849 3066 2129 3134 litteram
2176 3089 2303 3135 nou
2347 3089 2597 3135 memo-

208 3189 411 3236 rarem
462 3171 591 3237 nisi
632 3171 782 3238 inde
829 3174 993 3237 mira
1039 3171 1459 3257 discrepantia
1508 3171 1588 3238 II.
1637 3170 1674 3238 7
1719 3172 2021 3259 explicari
2069 3181 2280 3261 posset
2320 3176 2595 3261 „mihi'’‚

211 3295 376 3344 man.
426 3278 495 3346 2.
548 3277 719 3361 ,hic’,
767 3278 876 3342 sed
926 3280 1263 3363 praecessit
1306 3296 1401 3342 m:
1453 3299 1688 3363 „quam
1736 3280 1844 3345 hic
1889 3279 2100 3346 error'’
2150 3284 2332 3347 cuius
2376 3282 2595 3368 depra-

215 3384 383 3450 vatio
431 3384 538 3451 his
586 3387 763 3468 quasi
812 3383 1117 3472 gradibus
1162 3386 1465 3469 processit
1512 3407 1683 3469 quam
1720 3387 1908 3463 mllio,
1952 3409 2124 3472 quam
2169 3388 2330 3452 mihi.

228 3547 235 3553 .
300 3487 619 3558 Contrarii
682 3490 864 3568 vitii,
927 3496 1003 3554 ut
1062 3489 1471 3577 neglegentia
1524 3489 1769 3556 librarii
1818 3492 2128 3558 vocabula
2174 3493 2274 3558 bis
2319 3494 2598 3561 scriban-

216 3596 351 3678 tur,
398 3616 527 3662 non
572 3597 785 3662 minus
833 3597 1156 3662 abundant
1204 3599 1586 3681 specimina,
1637 3617 1799 3682 quae
1847 3607 2064 3664 tamen
2110 3599 2410 3686 colligere
2458 3601 2600 3667 nul-

216 3696 353 3764 lum
397 3722 589 3767 usum
634 3702 843 3768 habet.
917 3700 1101 3768 Nihil
1148 3708 1243 3766 est
1294 3705 1362 3766 in
1407 3704 1551 3767 istis
1597 3703 1866 3768 dubium
1915 3705 2039 3768 nisi
2083 3705 2331 3790 „vide0‚
2373 3705 2598 3773 video”

220 3801 296 3868 IL
346 3805 470 3885 69,
532 3807 697 3894 quod
755 3809 1021 3873 retinuit
1069 3805 1381 3886 Orellius,
1432 3808 1539 3874 sed
1586 3810 1724 3875 iure
1772 3808 2046 3875 alterum
2093 3810 2262 3876 video
2309 3805 2597 3897 spretum

223 3915 347 3994 est,
390 3915 585 3980 etiam
638 3915 851 3996 codice
897 3912 1206 3977 indicium
1249 3914 1604 3999 praebente.
1657 3911 1958 3980 Ceterum
1997 3935 2074 3981 ex
2099 3917 2348 3982 ambitu
2372 3937 2594 3984 eorum

224 4033 377 4098 quae
436 4022 825 4086 omittuntur
886 4017 931 4082 I.
987 4016 1072 4082 60
1130 4016 1385 4087 ΙπΔΝῦΒ
1432 4019 1720 4086 Mumm-
1765 4019 1992 4104 efficit,
2039 4021 2330 4109 singulos
2375 4044 2598 4090 versus

225 4121 541 4211 archetypi
588 4125 884 4190 habuisse
908 4121 995 4188 36
1024 4124 1272 4189 litteras
1295 4125 1622 4206 <Bul-siens
1645 4123 1996 4192 Jahresber.
2027 4127 2300 4193 XXVII.
2335 4127 2485 4206 141,
2513 4131 2593 4196 cf.

226 4221 445 4295 Pfaffl.
470 4229 511 4296 1.
546 4252 607 4316 p.
636 4230 675 4296 5
700 4237 894 4316 uota).
923 4229 1331 4296 Taurinensis
1354 4230 1547 4297 habet
1576 4229 1876 4316 16-23,
1901 4234 2360 4300 Ambrosianus
2383 4237 2597 4299 minus

230 4333 411 4398 etiam
430 4381 460 4416 ,,
494 4338 630 4422 ipse
668 4335 1023 4404 Vaticanus
1071 4335 1277 4424 Reip.‚
1318 4339 1525 4421 pictus
1548 4337 1764 4424 potius
1786 4357 1978 4426 quam
2003 4342 2308 4428 scriptus,
2335 4340 2421 4406 10
2446 4341 2594 4408 fere.
