3150 5000
555 213 687 284 392
1446 207 1453 216 ’
1540 235 1951 286 Ani-nomeu

632 539 639 557 ·
736 505 824 592 Γῇ
870 509 987 588 μὲν
1032 508 1139 592 ἔαρ
1186 509 1408 588 κόσμος
1460 511 2096 595 πολυδένδρεος,
2149 509 2333 591 αἰθέρι
2381 509 2436 576 δ’
2486 507 2716 592 ἄστρα,

823 615 1086 683 Ἑλλάδι
1136 616 1187 682 δ’
1234 617 1338 695 ἥδε
1384 617 1584 700 χθών,
1632 615 1762 685 οἵδε
1807 618 1868 684 δὲ
1916 630 2006 702 τῇ
2055 615 2314 684 πθλεῖ.

554 721 721 790 Cum
792 743 904 809 per
972 743 1037 789 se
1104 744 1331 810 parum
1393 730 1616 810 aptum
1682 732 1778 792 eet
1837 723 2066 804 κόσμος
2123 723 2542 806 πολυδένδρεος
2564 770 2581 802 ,
2645 729 2782 788 tum
2835 723 2934 786 nic

552 830 745 896 scribi
803 835 1022 895 vetant
1084 831 1275 896 verba
1340 834 1697 917 sequentia,
1771 834 1885 898 ubi
1944 838 2145 910 aetra,
2194 834 2373 921 regio
2420 826 2777 919 (Attiani),
2821 827 2938 893 ho·

553 939 759 1003 mines
802 934 1023 1012 κόσμος
1074 935 1402 1016 dicuntur,
1454 939 1561 1004 sed
1610 959 1736 1005 non
1782 939 2234 1024 πολυδένδρεος,
2261 943 2336 1003 ut
2359 937 2656 1002 arbitror.
2700 933 2936 1020 Recep-

554 1049 688 1110 tam
751 1046 1032 1129 oportuit
1088 1042 1482 1111 Planudeam
1547 1045 1888 1112 lectionem
1950 1043 2376 1126 πολυδένδρεον
2395 1093 2413 1128 ,
2460 1041 2616 1108 licet
2661 1039 2938 1106 multum

550 1169 795 1226 verear.
846 1171 924 1216 ne
970 1152 1270 1216 carminis
1318 1155 1538 1217 auctor
1588 1173 1947 1239 anonymus
1984 1173 2097 1220 ver
2135 1172 2260 1218 non
2300 1147 2733 1228 πολυδένδρεον
2769 1147 2936 1233 (nam

430 1255 435 1264 ’
550 1263 649 1324 tot
690 1258 904 1323 hieme
950 1257 1200 1323 arbores
1248 1263 1395 1323 sunt
1442 1265 1598 1342 quot
1642 1279 1837 1325 verno
1880 1263 2192 1346 tempore)
2216 1257 2326 1324 sed
2366 1265 2421 1336 φ
2438 1279 2456 1322 ι
2476 1269 2516 1319 λ
2538 1279 2565 1319 ο
2581 1255 2714 1318 δέν
2732 1254 2766 1319 δ
2778 1279 2809 1335 ρ
2825 1279 2852 1318 ε
2867 1276 2942 1318 ον

551 1365 803 1430 dixerit.
875 1363 1297 1451 Epigramma
1343 1367 1871 1431 venustissimum
1925 1373 2022 1431 est
2045 1414 2062 1445 ‚
2107 1367 2371 1450 antiqua
2417 1360 2838 1448 simplicitate
2879 1367 2942 1428 et

554 1471 977 1538 concinnitate
1045 1473 1457 1557 conspicuum
1476 1519 1492 1548 ‚
1566 1471 1890 1539 Simonide
1947 1472 2208 1559 dignius
2270 1491 2466 1556 quam
2528 1466 2748 1534 multa
2791 1486 2946 1554 quae

556 1581 615 1644 ei
659 1577 1049 1644 tribuuntur.
1096 1575 1170 1642 In
1216 1578 1415 1644 altero
1458 1598 1649 1645 versu
1698 1578 1962 1645 malim:
2009 1575 2137 1644 οἵδε
2182 1577 2246 1643 δὲ
2293 1603 2332 1642 τ
2350 1586 2385 1660 ᾔ
2404 1576 2485 1642 δε
2531 1573 2630 1640 πό
2644 1589 2687 1641 λ
2707 1597 2750 1638 ι.

924 1895 1239 1969 Μητρυιῆς
1286 1887 1579 1967 δύσμηνις
1627 1887 1724 1954 ἀεὶ
1772 1885 1962 1971 χόλος
1990 1939 2005 1966 ,
2055 1887 2178 1954 οὐδ’
2228 1888 2288 1952 ἐν
2339 1885 2507 1968 ἔρωτι

1016 1994 1223 2070 ἤπιος·
1270 1991 1441 2060 οἶδα
1490 1994 1656 2071 ποὶθη
1703 1997 1999 2076 σώφρονος
2047 1995 2441 2062 Ἱππολύτου.

559 2101 633 2168 ln
679 2100 798 2167 tali
844 2121 911 2166 re
950 2103 1155 2187 aptior
1200 2101 1363 2167 foret
1411 2107 1475 2168 et
1522 2105 1820 2168 usitatior
1866 2103 2142 2168 secunda
2189 2121 2457 2188 persona
2494 2095 2706 2176 οἶσθα,
2749 2103 2828 2162 ut
2867 2101 2964 2162 est

558 2227 748 2295 supra
794 2227 892 2292 cp.
944 2205 1029 2272 68
1074 2210 1143 2272 in
1189 2207 1395 2273 simili
1443 2208 1582 2274 loco
1632 2210 1896 2290 Φαίδρην
1941 2210 2175 2286 γνῶθι
2226 2208 2332 2273 καὶ
2382 2206 2775 2272 Ἱππόλυτον.

650 2313 793 2379 Non
840 2313 1059 2378 eadem
1106 2319 1203 2379 ost
1246 2317 1411 2380 ratio
1450 2317 1651 2402 epigr.
1697 2313 1818 2401 43,
1849 2318 1890 2378 4
1935 2311 2072 2380 οἶδ’
2117 2315 2330 2392 ὀλίγης
2358 2313 2567 2385 δαιτὸς
2595 2311 2956 2391 ἐλευθερίην,

560 2422 675 2487 ubi
719 2420 1011 2507 ineptum
1058 2421 1219 2486 foret
1266 2417 1433 2501 οἷσθ’,
1483 2428 1558 2485 ut
1605 2422 1969 2510 inspicienti
2016 2421 2231 2488 locum
2279 2419 2628 2508 apparebit.

834 2730 1103 2814 Τραυλδι
1150 2730 1549 2817 μινυρομένα,
1603 2732 1880 2798 Πανδιονὶ
1935 2732 2229 2814 παρθένε,
2276 2737 2494 2816 φωνᾷ,

914 2837 1140 2921 Τηρέος
1188 2839 1255 2903 ού
1300 2840 1556 2916 θεμιτῶν
1607 2839 1999 2918 ἁψαμένα
2047 2839 2320 2921 λεχέων,

832 2945 1019 3011 τίπτε
1066 2942 1443 3022 παναμέριος
1494 2944 1707 3022 γοοίεις
1760 2944 1880 3010 ἀνα
1931 2946 2144 3024 δῶμα,
2194 2942 2481 3026 χελιδόνς

926 3049 1173 3129 παύε’,
1224 3052 1360 3117 ἐπεί
1405 3076 1477 3117 σε
1523 3051 1691 3127 μένει
1742 3052 1844 3117 καὶ
1892 3052 2158 3119 κατόπιν
2207 3051 2459 3133 δάκρυα.

563 3156 798 3223 Parum
844 3160 1157 3223 usitatum
1208 3164 1305 3223 est
1352 3160 1548 3224 etiam
1599 3158 1767 3244 apud
1815 3162 2134 3245 nequiores
2182 3159 2421 3244 παύου,
2471 3158 2580 3223 sed
2629 3163 2746 3223 aut
2793 3161 2960 3221 παῦε

564 3260 792 3330 Graeci
832 3264 1125 3329 dicebant
1160 3271 1274 3329 ant
1321 3269 1604 3348 παῦσαι,
1656 3286 1848 3350 quare
1895 3270 2105 3332 nescio
2152 3286 2230 3333 an
2277 3264 2600 3332 Planudee
2644 3261 2962 3329 Mneu-

564 3388 683 3438 on
728 3392 991 3437 manum
1042 3374 1311 3437 servarit
1356 3372 1721 3438 scribendo:

1346 3483 1712 3562 Παῦσαι,
1765 3480 1902 3543 ἐπεί
1947 3502 2018 3543 σε
2069 3478 2197 3543 κτὲ.

562 3582 679 3653 Vs.
726 3582 769 3651 2
816 3586 1025 3650 nescio
1064 3605 1145 3650 an
1182 3588 1460 3669 praestet
1498 3586 1613 3665 οὶψ
1633 3610 1676 3649 α
1693 3609 1743 3662 μ
1763 3584 1791 3650 ἐ
1809 3610 1881 3650 νο
1901 3608 1934 3651 υ
1953 3633 1970 3664 ,
2013 3587 2165 3672 quia
2199 3583 2384 3651 Terei
2407 3604 2533 3649 non
2556 3580 2966 3649 Philomelae

562 3696 820 3756 notatur
863 3689 1209 3778 flagitium.

656 3908 778 3996 Ep.
828 3908 938 3995 89,
989 3911 1029 3975 5

796 4018 904 4092 Μὴ
956 4018 1220 4097 νεμέσα,
1273 4018 1607 4101 Δήμητερ,
1665 4016 1789 4081 ἀπὸ
1835 4016 2048 4095 χθονὸς
2099 4016 2149 4079 εἴ
2197 4014 2416 4096 βροτὸν
2467 4008 2652 4078 οὖσαν

885 4130 1088 4205 κοῦραι
1134 4132 1261 4197 τοῖς
1308 4123 1501 4204 γαίης
1550 4124 1902 4203 σπέρμασιν
1953 4123 2394 4205 ἦμΦΙεσαν.

562 4230 723 4299 Nico
770 4238 1004 4309 mater,
1058 4252 1207 4297 cum
1256 4234 1459 4317 spicas
1506 4232 1571 4293 in
1622 4250 1776 4316 agro
1824 4229 2042 4315 legens
2090 4231 2332 4295 aestivo
2381 4225 2588 4292 calore
2629 4228 2974 4295 occubuis-

562 4345 691 4416 set,
758 4359 794 4403 a
854 4338 1104 4404 filiabus
1166 4358 1320 4423 rogo
1368 4338 1433 4401 ἐκ
1481 4336 1777 4409 καλάμης
1831 4334 2170 4412 ἀσταχύων
2219 4336 2384 4399 facto
2435 4335 2741 4419 imposita
2786 4355 2970 4401 com-
