3150 5000
1242 228 1664 283 moremus.
1858 221 1861 229 '
2548 208 2631 281 81

238 400 416 486 apud
465 398 944 488 Thucydidem,
991 400 1158 487 apud
1207 400 1697 487 Xenophontem
1742 404 1813 465 in
1860 399 2211 467 Helleniois
2261 400 2371 466 111.
2421 400 2484 465 2.
2512 400 2633 481 25,

235 508 414 592 apud
460 506 856 574 Herodotum
907 506 1012 574 IV.
1066 506 1194 573 155
1215 556 1234 592 ,
1285 508 1470 585 alibi3
1521 528 1637 573 nec
1664 510 1839 597 ‚satis
1886 527 2109 573 causae
2158 511 2289 585 est,
2340 526 2455 572 cur
2493 527 2635 573 eam

231 614 602 680 breviorem
646 614 918 681 formam
969 615 1359 700 abjiciamus.
1425 613 1504 680 Id
1549 616 1761 703 magis
1808 613 2141 679 dubitatur
2184 614 2341 699 quid
2374 612 2635 694 περιόντι
2704 662 2710 667 ·

233 723 326 800 τῷ
375 718 527 801 θέρει
579 719 909 807 significet.

329 932 480 999 Non
541 937 698 999 satis
760 937 1038 1021 comperi
1100 936 1314 1000 iamne
1381 932 1536 999 olim
1608 933 1687 999 ab
1750 932 1893 999 aliis
1949 932 2357 999 observatum
2405 933 2599 1000 fuerit
2616 980 2633 1013 ‚

235 1040 565 1124 quomodo
627 1039 1035 1127 Thucydides
1092 1042 1583 1125 praepositiones
1622 1041 1875 1105 variare
1921 1038 2136 1105 soleat.
2208 1039 2392 1105 Nihil
2436 1040 2639 1124 impe·

237 1148 338 1211 dit
403 1149 750 1232 quominus
815 1146 1117 1232 pusillam
1164 1167 1302 1211 rem
1354 1145 1809 1231 complusculis
1858 1145 2168 1232 exemplis
2212 1146 2491 1211 breviter
2536 1165 2639 1211 os-

235 1252 528 1319 tendam.
597 1248 860 1319 Invenio
909 1250 958 1317 I.
1009 1250 1130 1318 32:
1193 1251 1508 1333 τετύχηκε
1556 1253 1618 1317 δὲ
1667 1251 1861 1317 ταύτὸ
1908 1252 2101 1330 πρός
2150 1276 2219 1316 τε
2272 1252 2435 1328 ὑμᾶς
2483 1249 2637 1316 ἄλο-

234 1382 348 1437 γον
398 1360 510 1423 καὶ
563 1360 635 1433 ἐς
687 1360 772 1423 τα
823 1357 1072 1439 ἡμέτερ’
1120 1360 1322 1425 αὐτῶν
1367 1356 1761 1439 ἀξύμφορον·
1812 1358 1860 1425 Ι.
1909 1356 2030 1423 38:
2081 1356 2220 1423 οὔτε
2269 1358 2456 1437 πρὸς
2495 1358 2636 1431 τοὺς

235 1464 476 1538 ἄλλους
525 1464 652 1530 οὔτ’
703 1468 780 1537 ἐς
831 1469 999 1541 ἡμᾶς
1048 1466 1262 1532 τοιοίδε
1309 1467 1493 1530 εἰσιν·
1547 1464 1633 1530 11.
1663 1463 1784 1530 37:
1836 1459 2151 1544 ἐλευθέρως
2202 1464 2287 1529 τοὶ
2333 1488 2407 1529 τε
2454 1464 2637 1545 πρὸς

154 1641 162 1649 ,
239 1575 312 1638 τὸ
361 1575 554 1638 κοινὸν
604 1573 1010 1648 πολιτεύομεν
1058 1574 1162 1638 καὶ
1213 1573 1288 1645 ἐς
1346 1574 1453 1647 τὴν
1500 1572 1645 1652 πρὸς
1686 1573 2001 1647 ἀλλήλους
2044 1572 2350 1649 ὑποψίαν·
2378 1569 2492 1637 ΠΙ.
2519 1570 2638 1637 3¹7:

236 1680 435 1757 πρός
501 1680 814 1753 ἀλλήλους
878 1682 980 1745 καὶ
1031 1680 1106 1749 ἐς
1170 1680 1307 1750 τοὺς
1358 1676 1741 1758 ξυμμάχους
1788 1677 2017 1743 ταύτὸν
2064 1675 2282 1758 ἔχετε·
2335 1677 2461 1743 111.
2512 1676 2636 1744 542

237 1786 460 1850 δίκαια
507 1785 693 1865 πρὸς
741 1808 812 1851 τε
858 1786 946 1851 τοὶ
997 1786 1290 1862 Θηβαίων
1337 1784 1605 1865 διάφορα
1656 1784 1760 1849 καὶ
1812 1786 1889 1848 ἔα
1939 1785 2139 1861 ὑμᾶς·
2179 1782 2265 1848 V.
2290 1780 2413 1847 26:
2458 1782 2635 1861 πρὸς

245 1894 348 1955 τὸν
397 1891 786 1972 Ἐπιδαύριον
835 1892 1106 1970 πόλεμον
1153 1892 1258 1956 καὶ
1306 1894 1386 1963 ἐς
1433 1892 1646 1957 ἄλλα·
1694 1890 1842 1957 VII.
1893 1889 2012 1957 33:
2078 1888 2161 1955 ἔκ
2210 1914 2281 1954 τε
2326 1898 2439 1965 τῆς
2488 1898 2637 1969 Κερ-

245 2000 436 2080 κύρας
502 1998 607 2063 καὶ
671 1999 827 2063 ἀπὸ
891 2007 1001 2073 τῆς
1061 2001 1324 2077 ἠπείρου.
1393 1997 1557 2065 Rem
1607 1999 1661 2063 si
1708 1996 1989 2063 nondum
2037 1996 2199 2063 forte
2246 1998 2637 2084 investigata

240 2105 406 2184 fuit,
460 2106 737 2171 aliorum
785 2108 1066 2171 acumini
1111 2105 1503 2171 commendo.

371 2210 388 2235 0

329 2322 410 2385 In
459 2321 742 2387 oratione
789 2320 867 2385 ad
908 2320 1332 2386 Athenienses.
1365 2326 1635 2385 utuntur
1680 2317 2179 2407 Corcyraeorum
2215 2319 2415 2407 legati
2442 2298 2635 2384 nimis

237 2427 540 2513 perplexa
589 2429 902 2492 sententia
947 2426 1001 2492 Ι.
1053 2424 1170 2493 36:
1221 2430 1591 2493 societatem
1640 2435 1921 2493 nostram
1942 2477 1960 2512 ,
2008 2430 2309 2514 inquiunt
2331 2473 2347 2506 ‚
2396 2428 2451 2491 si
2491 2428 2636 2512 quis

237 2537 527 2620 reiiciat,
589 2535 800 2612 γνώτω
861 2536 932 2598 τὸ
993 2535 1107 2610 μὲν
1167 2535 1353 2605 δεδιὸς
1419 2536 1609 2598 αὐτοῦ
1675 2535 1863 2616 ἔσχὺν
1926 2534 2070 2616 ἔχον
2126 2534 2269 2604 τοὺς
2318 2534 2628 2610 ἐναντίους

239 2646 488 2718 μᾶλλον
551 2643 864 2723 φοβῆσον,
926 2643 994 2703 τὸ
1058 2640 1123 2704 δὲ
1189 2644 1438 2720 θαρσοῦν
1498 2641 1745 2712 ἀσθενὲς
1794 2639 1858 2704 ὂν
1908 2639 2048 2718 πρὸς
2100 2639 2439 2720 ἰσχύοντας
2490 2641 2627 2710 τοὺς

241 2748 490 2830 ἐχθροὺς
541 2747 968 2827 ἀδεές-ερον
1018 2746 1338 2830 ἐσόμενον,
1404 2766 1554 2811 nam
1604 2746 2023 2833 expungenda
2070 2755 2219 2812 sunt·
2262 2745 2455 2812 verba
2496 2745 2645 2826 oap-

243 2859 378 2918 σοῦν
429 2857 552 2938 [μὴ
600 2853 960 2938 δεξαμένου]
983 2902 1002 2936 ,
1050 2853 1214 2937 quod
1263 2849 1540 2919 Cobetus
1584 2859 1753 2918 recte
1801 2853 2331 2918 demonstravisse
2377 2854 2633 2918 videtur

247 2961 469 3025 Mnem.
520 2959 638 3025 XI.
691 2959 841 3024 361.
913 2959 1033 3024 Sed
1097 2960 1248 3042 quid
1297 2959 1415 3024 hoc
1457 2965 1554 3024 est
1598 2961 1867 3024 nimiam
1918 2957 2367 3024 confidentiam
2413 2979 2633 3025 eorum

247 3069 354 3150 qui
414 3074 665 3152 praeter
711 3085 826 3130 sua
869 3064 1033 3130 nihil
1081 3067 1408 3150 requirunt
1428 3115 1445 3148 ,
1493 3065 1663 3150 apud
1712 3065 1923 3130 hostes
1969 3065 2215 3130 viribus
2264 3065 2456 3130 fretos
2502 3065 2633 3130 fore

247 3169 614 3249 ἀδεεςέρανῗ
661 3171 897 3236 Scribit
943 3169 1406 3238 Herwerdenus
1453 3170 1612 3237 alios
1656 3181 1911 3236 secutus
1956 3170 2349 3237 adiectivum
2394 3170 2631 3238 ἀδεές-ε-

248 3300 334 3354 ρον
394 3279 503 3345 hic
565 3276 921 3366 significare
980 3283 1173 3341 minus
1208 3278 1665 3364 formidolosum
1686 3325 1702 3354 ,
1753 3275 1918 3362 quod
1964 3297 2169 3361 neque
2217 3279 2461 3361 optime
2501 3275 2629 3342 huc

153 3446 164 3461 ,
249 3385 516 3466 quadrat
577 3393 640 3450 et
701 3392 1022 3469 praeterea
1085 3382 1431 3472 singularis
1492 3385 1647 3449 haec
1710 3392 1808 3449 est
1870 3383 2168 3468 adjectivi
2225 3381 2630 3470 significatio.

251 3489 536 3556 Multum
585 3497 898 3576 praestare
945 3490 1238 3574 equidem
1286 3489 1554 3554 arbitror
1601 3489 2080 3568 ἐνδεές-ερον.
2153 3487 2259 3556 Sic
2311 3491 2379 3553 in
2425 3489 2631 3555 civili-

251 3594 366 3661 bus
428 3598 632 3662 turbis
693 3601 909 3662 tutum
971 3604 1065 3661 est
1112 3597 1180 3660 τὸ
1229 3595 1481 3660 δεδιέναι
1532 3595 1603 3661 τό
1649 3619 1717 3660 τε
1767 3597 1965 3660 αὐτῶν
2014 3595 2204 3665 ἐνδεὲς
2254 3595 2359 3659 καὶ
2403 3597 2472 3659 τὸ
2513 3602 2631 3659 τῶν

253 3700 528 3767 ἐναντίων
589 3700 867 3786 ξυνετόν,
931 3700 1042 3767 ΠΙ.
1094 3701 1216 3780 83;
1286 3702 1395 3767 sed
1441 3701 1566 3768 ΙΙΙ.
1621 3702 1705 3769 37
1770 3704 2099 3768 incusatur
2144 3701 2631 3768 Atheniensium

253 3805 318 3868 τὸ
345 3790 519 3874 ’καθ’
585 3808 815 3886 ἡμέραν
877 3808 1046 3878 ἀδεὲς
1115 3809 1218 3871 καὶ
1277 3808 1793 3886 ἀνεπιβούλευτον
1858 3810 2003 3888 πρὸς
2052 3809 2363 3883 ἀλλήλους
2414 3809 2519 3872 καὶ
2570 3809 2630 3882 ἐς

257 3915 388 3986 τοὺς
438 3913 837 3994 ξυμμάχους.

345 4093 676 4185 Corcyraei
739 4099 818 4164 ab
880 4094 1356 4165 Corinthiorum
1419 4097 1652 4188 leg-atis
1708 4099 2147 4166 describuntur
2196 4097 2245 4167 Ι.
2298 4098 2419 4178 37,
2468 4099 2629 4178 ξύμ·

263 4223 464 4282 μαχον
540 4206 750 4271 οὐδένα
819 4205 1178 4284 βουλόμενοι
1243 4206 1385 4286 πρὸς
1454 4209 1857 4284 τάδικήματα
1920 4207 2052 4272 οὐδὲ
2114 4209 2400 4286 μάρτυρα
2462 4206 2635 4288 ἔχειν

265 4305 388 4372 οὐδὲ
434 4319 1118 4408 παρακαλοῦντες
1169 4313 1600 4393 αἰσχύνεσθαι.
1666 4312 1906 4401 Operae
1949 4317 2228 4406 pretium
2276 4320 2373 4379 est
2419 4316 2635 4384 videre

2310 4435 2340 4488 6
