3150 5000
783 1149 1478 1226 OBSERVA'I'IONES
1537 1149 1945 1227 ORITICAE

1330 1395 1392 1435 m

752 1603 1274 1712 FLAVIUM
1376 1605 1432 1710 J
1437 1602 1997 1710 OSEPHUM.

1231 1881 1514 1934 somrsn·

1085 2097 1156 2167 S.
1201 2101 1276 2166 A.
1326 2099 1639 2168 NABER.

1199 2387 1544 2425 —w—

275 2640 524 2709 Flavius
569 2640 609 2707 J
613 2641 920 2726 osephus,
969 2643 1026 2706 si
1069 2641 1222 2727 quid
1269 2642 1656 2707 testimoniis
1702 2640 2022 2707 credimus
2042 2686 2059 2717 ‚
2107 2660 2269 2725 quae
2312 2638 2557 2707 Havet-

205 2749 459 2833 campius
521 2768 770 2812 morem
834 2747 1072 2813 saeculi
1131 2753 1424 2831 secutus,
1486 2746 1831 2834 diligenter
1892 2745 2226 2832 descripsit
2282 2746 2433 2812 inde
2479 2748 2559 2813 ab

205 2848 424 2919 Justino
467 2852 766 2941 Martyre
809 2874 1010 2939 usque
1055 2854 1136 2919 ad
1180 2860 1431 2919 renatas
1469 2852 1688 2918 literas
1707 2900 1723 2930 ,
1764 2851 2323 2919 celeberrimorum
2365 2855 2558 2938 scrip-

207 2959 384 3023 torum
447 2959 677 3026 laudes
739 2960 795 3025 si
854 2980 980 3026 non
1041 2961 1398 3044 superavit,
1447 2965 1616 3025 certe
1662 2960 1979 3043 aequavit.
2050 2957 2267 3024 Bonus
2314 2960 2440 3025 fuit
2486 2980 2559 3026 ac

207 3060 362 3144 plane
420 3068 763 3153 egregium
835 3065 1390 3151 eloquentissimus
1459 3084 1532 3131 ac
1602 3062 1885 3131 Graecus
1950 3063 2195 3132 Livius.
2288 3064 2561 3131 Summa

207 3162 332 3233 fides
375 3178 506 3249 est,
559 3191 816 3236 summa
861 3174 1222 3260 integritas.
1291 3170 1430 3237 Nec
1477 3171 1831 3237 mediocres
1876 3172 2000 3257 ipsi
2044 3176 2226 3255 sunt,
2268 3172 2379 3257 qui
2425 3179 2560 3239 tam

207 3272 597 3343 immoderate
657 3276 942 3343 laudant.
1029 3276 1257 3343 Veluti
1316 3279 1454 3363 ipse
1525 3276 1813 3364 Scaliger
1880 3277 2179 3343 audacter
2245 3278 2557 3364 affirmat,

207 3396 306 3442 non
349 3380 554 3446 solum
603 3382 671 3446 in
719 3382 906 3447 rebus
953 3379 986 3445 J
997 3382 1276 3460 udaieis,
1328 3382 1438 3447 sed
1485 3382 1680 3447 etiam
1728 3384 1799 3447 in
1847 3385 2160 3467 externis,
2208 3384 2415 3449 tutius
2461 3383 2561 3449 illi

208 3484 350 3549 credi
408 3508 604 3573 quam
665 3489 962 3553 omnibus
1019 3485 1281 3554 Graecis
1344 3493 1409 3553 et
1455 3486 1722 3553 Latinis.
1796 3486 2154 3554 Secundum
2212 3487 2557 3576 Hngonem

86 3608 88 3613 ·
210 3584 476 3657 Grotinm
540 3591 817 3678 Josepho
880 3612 1117 3680 magna
1183 3591 1335 3658 fides
1397 3592 1619 3659 haberi
1682 3593 1869 3659 debet
1930 3596 1997 3658 in
2043 3594 2232 3659 rebus
2287 3593 2565 3659 Herodis

211 3692 408 3783 Magni
467 3706 532 3765 et
595 3699 918 3785 deinceps3
988 3702 1146 3765 item
1211 3700 1325 3763 ubi
1389 3710 1680 3765 externos
1740 3704 2064 3777 auctores,
2114 3719 2240 3765 non
2287 3700 2398 3764 ubi
2442 3698 2481 3765 J
2488 3722 2563 3764 u-

211 3796 368 3869 daeos
411 3804 624 3871 multa
668 3808 737 3869 in
783 3805 1050 3871 historia
1096 3810 1312 3870 contra
1357 3826 1583 3870 verum
1634 3806 2021 3870 somniantes
2067 3807 2369 3890 sequitur.
2438 3805 2564 3887 Qui

211 3901 526 3993 Josephum
551 3957 568 3988 ,
632 3912 883 3995 inquit,
949 3916 1083 3975 tam
1150 3909 1528 3998 diligentem
1577 3930 1787 3977 rerum
1834 3909 2245 3976 Judaicarum
2291 3912 2564 3999 inquisi-

213 4014 385 4079 torem
450 4026 514 4082 et
573 4019 680 4083 cui
739 4016 1028 4082 Romana
1095 4036 1344 4102 quoque
1412 4014 1699 4083 Archiva
1767 4021 2113 4102 patuerunt
2136 4067 2151 4093 ,
2227 4019 2562 4104 deceptum

215 4124 450 4201 putant,
508 4144 613 4189 eos
676 4126 846 4208 ipsos
909 4122 1096 4189 valde
1159 4122 1364 4208 decipi
1427 4124 1719 4187 arbitror.
1805 4121 1982 4188 Idem
2045 4121 2156 4189 ille
2206 4122 2522 4211 Josephus
2544 4174 2560 4203 ,

215 4242 318 4305 qno
360 4228 546 4294 altius
593 4232 660 4295 in
708 4228 961 4295 coelum
1008 4235 1266 4295 evectus
1313 4229 1473 4314 fuit,
1521 4248 1594 4295 eo
1642 4232 1881 4315 majore
1928 4232 2113 4295 ruina
2156 4238 2376 4315 postea
2414 4252 2563 4296 con-

215 4330 366 4396 cidit.
434 4332 706 4401 Mendax
764 4335 969 4400 factus
1033 4341 1128 4400 est
1191 4340 1255 4400 et
1315 4334 1608 4419 adulator
1654 4341 1720 4399 et
1766 4334 2020 4402 aniliter
2064 4336 2299 4422 loquax
2347 4342 2409 4403 et
2458 4358 2564 4402 ne-

217 4432 473 4524 gligens:
537 4447 616 4507 ut
675 4442 869 4509 verbo
917 4442 1160 4529 dicam,
1201 4444 1389 4529 juxta
1435 4461 1585 4508 cnm
1632 4439 1873 4509 infimis
1920 4444 2132 4510 sordet
2176 4450 2241 4509 et
2288 4451 2565 4513 contem-
