3150 5000
528 255 659 320 124
1443 276 1531 326 an
1576 274 1978 324 monronis.

522 445 771 508 virtutis
831 467 1027 508 nonna
1074 444 1269 508 multo
1314 443 1625 529 multoque
1670 442 1942 528 amplius
1987 438 2293 526 diligam?
2376 438 2437 504 T
2427 463 2536 503 um
2579 460 2684 522 eqo
2727 437 2900 502 stoli·

520 550 811 613 dissimus
857 549 1085 614 habear
1127 550 1464 632 ayrestium
1510 551 1786 614 omnium
1827 549 2216 634 omniumque
2255 558 2585 611 aratorum
2603 590 2621 622 ,
2655 545 2714 608 εἰ
2749 541 2903 608 mihi

522 656 767 719 cariora
812 657 939 718 sint
971 667 1110 720 sata
1148 657 1441 720 messibus
1465 702 1482 720 .
1512 702 1527 718 .
1554 701 1569 719 .
1601 700 1619 718 .
1670 653 1870 720 Assae
1909 655 2175 718 nutricis
2213 657 2310 717 est
2347 649 2658 716 infantem
2695 648 2902 734 magis

522 757 791 846 diligere
847 780 1037 844 quam
1103 761 1432 837 adultum
1483 782 1816 825 suscensere
1859 761 2047 824 etiam
2088 747 2410 846 pubertati
2451 755 2646 822 stulta
2690 755 2899 821 nutrix

520 864 669 929 solet
688 911 704 942 ,
758 888 1030 953 puerum
1092 869 1166 932 dc
1215 869 1449 952 qremio
1494 867 1615 932 sibi
1657 867 1984 931 abductum
2031 877 2090 930 et
2133 887 2353 952 campo
2399 887 2498 928 au
2514 875 2540 928 t
2576 863 2731 949 foro
2774 872 2896 926 tra-

518 973 742 1037 ditum.
826 971 1238 1038 Litteratom
1294 975 1484 1038 etiam
1542 975 1571 1037 i
1584 997 1615 1037 s
1634 975 1700 1036 ti
1754 972 2085 1058 discipulos
2145 994 2287 1038 suos
2307 1016 2326 1049 ‚
2387 971 2601 1058 quoad
2632 966 2896 1056 puerilia

518 1079 761 1143 discunt
806 1091 865 1143 et
908 1081 1237 1143 mercedem
1279 1081 1561 1165 pendunt
1577 1128 1596 1163 ,
1645 1079 1845 1164 mayis
1892 1077 2180 1164 dilv'qunt.

609 1182 1149 1269 Elegantissimus
1195 1183 1301 1250 hic
1343 1183 1522 1250 locus
1569 1187 1737 1269 turpi
1781 1183 2187 1249 dedecoratur
2226 1181 2632 1248 emblemate.
2676 1181 2896 1247 Fronto

518 1293 594 1354 ut
654 1287 917 1355 stolidos
980 1295 1291 1374 aratores,
1345 1292 1439 1356 ita
1501 1289 1733 1356 stultas
1793 1287 2148 1354 nutriculas
2215 1288 2646 1374 reprehendit.
2739 1286 2898 1352 Ludi

518 1396 830 1481 magister
891 1401 1106 1461 autem
1169 1397 1378 1462 nescio
1439 1394 1583 1480 quis
1639 1400 1712 1460 ut
1775 1395 2129 1460 doctrinam
2189 1414 2374 1460 suam
2439 1399 2784 1461 ostentaret
2833 1393 2898 1456 in

518 1520 692 1565 vocc.
756 1524 897 1565 assa
943 1504 1196 1578 nutrix,
1247 1501 1581 1588 adscripsit
1622 1500 1738 1566 illa
1783 1524 1956 1567 assae
1983 1547 1998 1564 .
2027 1548 2043 1566 .
2072 1549 2088 1565 .
2117 1551 2134 1568 .
2183 1502 2474 1566 adultum
2494 1547 2510 1578 ,
2561 1499 2800 1587 frigida
2841 1503 2900 1563 et

519 1625 1001 1690 supervacanea.
1072 1604 1145 1671 In
1208 1626 1380 1692 seqq.
1442 1627 1553 1692 pro
1615 1630 1832 1695 campo
1892 1620 2004 1673 aut
2038 1609 2194 1693 foro
2238 1605 2512 1693 legerim
2562 1627 2778 1693 campo
2820 1627 2900 1667 ac

526 1710 698 1786 foro,-
749 1730 861 1794 pro
907 1714 1016 1775 isti
1060 1713 1387 1787 insciti,·
1428 1710 1812 1778 litteratores
1850 1714 2022 1777 enim
2063 1714 2280 1778 insciti
2319 1711 2574 1778 stolidis
2611 1708 2898 1800 agricolis

518 1813 858 1899 stultisque
904 1817 1261 1882 nutricibus
1305 1823 1474 1884 recte
1522 1817 1921 1904 respondent.

611 2023 776 2088 Ilm).
824 2025 1055 2090 lucebat
1098 2029 1165 2091 in
1200 2031 1481 2115 pucritia
1526 2041 1637 2094 tua
1681 2031 1879 2095 virtus
1925 2033 2118 2096 insita
2131 2078 2149 2108 ,
2197 2032 2434 2098 lucebat
2477 2034 2672 2098 etiam
2709 2031 2898 2115 ,παρὰ

522 2131 589 2192 in
648 2129 1053 2196 adulescentia
1066 2157 1086 2196 .·
1152 2135 1259 2197 sed
1313 2137 1405 2198 ita
1468 2146 1537 2197 ut
1597 2159 1730 2200 cum
1791 2159 2034 2201 serenus
2079 2141 2207 2202 dies
2253 2139 2642 2204 inluculascit
2689 2137 2902 2202 lumine

521 2233 820 2301 incohato,
906 2235 1096 2302 Nunc
1156 2239 1286 2300 iam
1342 2240 1538 2302 virtus
1599 2242 1926 2326 inteqra
1989 2243 2130 2308 orbe
2193 2244 2634 2330 splendido
2699 2254 2901 2310 exorta

522 2349 611 2424 est
655 2350 714 2402 et
759 2342 957 2404 radiis
1002 2341 1548 2408 disseminata
1601 2358 1707 2410 est.
2207 2405 2213 2410 .

615 2439 1024 2528 Corruptelae
1084 2448 1504 2532 suspicionem
1562 2459 1778 2517 movet
1838 2454 2271 2537 disseminata,
2347 2455 2518 2540 quod
2581 2473 2800 2542 sparsa
2855 2473 2904 2518 s.

523 2547 857 2633 divulgata
902 2550 1222 2636 significat
1266 2556 1480 2639 itaque
1526 2555 1607 2620 ab
1651 2556 1772 2621 hoc
1817 2556 1956 2623 loco
2005 2558 2288 2625 alienum
2338 2566 2457 2627 est.
2523 2560 2744 2649 Magis
2784 2559 2906 2645 pla-

522 2657 689 2717 ceret
742 2655 1374 2735 discriminata,
1436 2679 1548 2743 pro
1613 2680 1722 2744 eo,
1786 2663 1951 2746 quod
2016 2666 2322 2730 usitatius
2393 2672 2526 2743 est,
2600 2668 2904 2731 distincta.

521 2754 765 2823 Corona
809 2758 1003 2824 radiis
1049 2761 1347 2826 distincta
1396 2761 1636 2849 legitur
1683 2766 1851 2851 apud
1899 2767 2161 2834 Florum
2187 2817 2204 2849 ‚
2253 2769 2361 2835 IV.
2413 2770 2480 2837 2.
2532 2770 2648 2836 91.
2721 2771 2906 2837 Prae·

520 2859 807 2927 cedentia
872 2865 965 2928 ita
1034 2866 1341 2929 mutanda
1412 2874 1596 2951 sunt,
1665 2878 1740 2935 ut
1806 2870 2062 2958 legatur
2121 2878 2322 2945 virtus
2381 2879 2718 2963 inteyro
2779 2877 2910 2943 orbe

520 2966 953 3051 splendide
988 2982 1204 3035 exorta
1248 2983 1306 3035 et
1350 2974 1548 3035 radiis
1595 2960 2023 3043 discriminata
2070 2992 2177 3045 est.
2251 2981 2328 3045 In
2379 2984 2680 3068 margine
2731 2981 2911 3049 Codi-

522 3071 613 3133 cis
656 3069 898 3155 legitur
942 3094 1045 3157 eyo
1097 3085 1151 3137 te
1196 3076 1282 3139 ad
1323 3078 1642 3141 meridiem
1691 3080 2018 3169 [provoco]
2046 3131 2064 3165 ,
2119 3086 2222 3149 ubi
2266 3087 2368 3150 ille
2402 3089 2486 3152 in
2506 3098 2744 3171 teyro
2781 3086 2912 3152 orbo

520 3172 689 3237 calor
734 3173 898 3238 altus
942 3190 1049 3239 est.

610 3380 813 3447 LIBER
870 3383 956 3448 II.
1024 3382 1136 3451 ΕΡ.
1199 3389 1258 3471 1,
1318 3406 1376 3453 P.
1446 3388 1576 3453 104
1629 3394 1926 3478 parvolae
1980 3410 2229 3465 nostrae
2272 3424 2436 3467 nunc
2484 3406 2666 3491 apud
2715 3402 2910 3467 Mati-

518 3488 692 3550 diam
748 3490 827 3551 in
887 3493 1191 3575 oppido
1250 3492 1681 3579 hospitantur.-
1739 3501 1934 3583 iqitur
1989 3525 2240 3590 vespera
2304 3508 2394 3571 ad
2453 3530 2552 3573 me
2601 3511 2912 3575 ventitare

517 3612 641 3655 non
676 3605 958 3676 possunt.

606 3692 714 3759 Ad
758 3698 825 3759 in
869 3697 1157 3763 Naberus
1204 3706 1495 3770 annotat:
1546 3704 1714 3782 „duo
1759 3708 1953 3774 verba
1995 3713 2288 3779 evanida.
2339 3716 2642 3783 Multum
2691 3718 2908 3784 dubito

519 3818 599 3863 an
657 3796 870 3864 Maius
916 3807 1081 3867 recte
1127 3803 1422 3891 legerit”.
1476 3844 1557 3855 -
1608 3808 1718 3875 Me
1763 3812 2022 3878 offendit
2067 3818 2498 3905 hospitantur,
2549 3845 2678 3909 quo
2726 3826 2910 3890 verbo

514 3908 849 3989 argenteae
910 3909 1134 3971 aetatis
1196 3911 1526 3994 scriptores
1592 3914 1896 3981 translata
1963 3925 2218 3987 tantum
2289 3926 2766 4013 significatione
2816 3929 2911 3996 usi

515 4006 833 4073 videntur.
896 4008 1069 4073 Olim
1108 4014 1414 4097 scriptum
1449 4036 1582 4081 esse
1619 4023 1900 4104 suspicor
1936 4028 2112 4109 apud
2149 4026 2502 4097 Matidiam
2545 4036 2910 4124 hospitio

516 4122 779 4175 utuntur
826 4111 932 4178 vel
978 4116 1045 4178 in
1091 4116 1355 4203 hospitio
1400 4122 1818 4187 decer-santum.

599 4320 806 4385 Proba
865 4326 929 4386 et
988 4326 1264 4409 genuina
1324 4327 1526 4393 forma
1592 4334 1869 4398 nominis
1932 4343 2207 4426 proprii,
2273 4348 2448 4430 quod
2500 4350 2756 4439 legitur
2804 4374 2898 4440 pp.
