3150 5000
550 240 682 307 412
706 223 722 236 ’
1573 258 1893 310 nonanus.

637 423 806 491 Satis
867 445 1179 510 superque
1238 428 1369 490 iam
1433 425 1942 492 demonstratum
2010 430 2107 493 est
2164 432 2240 491 ut
2286 445 2465 513 spero
2487 473 2504 503 ‚
2552 424 2759 491 dualis
2800 442 2899 487 nu-

543 533 705 597 meri
749 530 984 599 formas
1032 552 1166 597 esse
1212 528 1391 609 ἄμμε
1413 580 1428 609 ,
1481 530 1687 609 ὔμμε,
1737 538 1899 613 σφε,
1952 538 2017 597 et
2060 532 2231 599 locos
2257 531 2630 597 Homericos
2651 578 2667 608 ,
2691 529 2902 617 quibus

544 638 622 703 de
685 636 976 723 pluribus
1033 644 1422 723 usurpantur
1448 636 1498 725 1)
1518 686 1534 715 ,
1593 645 1706 704 aut
1752 657 2077 725 corruptos
2126 659 2260 705 esse
2306 644 2419 704 aut
2464 658 2601 703 sero
2647 641 2821 701 natos
2840 632 2903 718 ²).

542 744 853 811 Transire‘
877 746 1084 833 igitur
1126 743 1281 810 licet
1328 744 1406 810 ad
1453 747 1587 829 νῶϊ,
1636 747 1805 827 σφῶΐ
1828 794 1846 821 ,
1895 745 2089 823 σφωέ.

631 851 728 917 Ex
773 853 877 917 his
922 854 1027 916 νῶΐ
1067 857 1131 916 et
1178 852 1245 915 in
1289 854 1687 919 nominativo
1735 859 1799 917 et
1846 854 1913 917 in
1962 840 2323 919 accusatiffo
2363 852 2636 934 dicitur,
2674 850 2790 915 hoc
2824 850 2905 913 ta·

539 980 690 1024 men
734 960 958 1024 rarius.
1031 958 1300 1045 Legitur
1342 955 1498 1024 locis
1545 956 1633 1023 48
1653 1006 1671 1037 ,
1720 979 1875 1045 quos
1924 959 2203 1024 indicare
2250 958 2479 1023 inutile
2526 956 2796 1023 videtur.
2838 952 2905 1018 In

540 1065 642 1130 his
688 1071 902 1131 tamen
947 1070 1096 1129 sunt
1141 1064 1256 1128 ubi
1299 1064 1613 1148 praeferas
1659 1063 1838 1142 ἄμμε
1888 1065 1965 1150 (e.
1995 1087 2061 1152 g.
2114 1076 2167 1130 Θ
2212 1063 2378 1142 428,
2425 1084 2615 1149 quem
2663 1080 2901 1128 versum

539 1191 729 1256 supra
769 1169 1156 1258 tetigimus),
1203 1170 1313 1235 sed
1358 1172 1658 1256 quoniam
1702 1169 2137 1256 compluribus
2178 1171 2324 1237 aliis
2365 1170 2542 1236 nullo
2566 1177 2750 1257 pacto
2775 1170 2904 1234 snb-

534 1276 721 1342 stitui
782 1283 989 1362 potest
1049 1274 1262 1354 ἄμμε,
1330 1296 1454 1341 non
1516 1277 1940 1344 dubitandum
1994 1284 2091 1343 est
2139 1280 2291 1364 quin
2338 1279 2531 1363 probe
2580 1276 2907 1344 Homerica

537 1385 624 1448 sit
668 1382 872 1448 forma
918 1384 1040 1447 νῶΐ.

629 1488 894 1554 Prorsus
955 1488 1128 1553 idem
1175 1487 1253 1553 de
1297 1478 1468 1566 σφῶΐ
1509 1489 1757 1555 dictum
1807 1495 1977 1567 esto,
2027 1492 2151 1556 nisi
2200 1491 2367 1575 quod
2411 1491 2568 1556 haec
2616 1510 2742 1556 vox
2784 1508 2904 1555 sae·

537 1596 684 1679 pius
741 1597 810 1661 in
869 1596 1230 1660 accusativo
1293 1616 1484 1680 quam
1549 1599 1618 1661 in
1664 1598 2061 1662 nominativo
2108 1596 2481 1681 adhibetur,
2530 1596 2699 1682 quod
2748 1615 2907 1661 mero

539 1710 752 1767 tamen
801 1702 977 1766 casui
1023 1700 1431 1766 tribuendum
1484 1722 1619 1768 esse
1666 1710 1858 1788 patet.
1934 1702 2204 1789 Legitur
2249 1701 2406 1769 locis
2456 1704 2563 1768 ll.

486 1794 488 1797 ’
629 1806 911 1873 Tertiam
960 1826 1106 1873 vero
1153 1807 1425 1873 formam
1473 1808 1646 1891 σφωέ
1695 1810 1859 1873 mihi
1908 1816 2265 1894 suspectam
2314 1830 2448 1875 esse
2494 1810 2727 1894 fateor,
2776 1808 2909 1896 quia

537 1920 603 1980 et
646 1916 968 1979 rarissime
1012 1916 1285 1978 occurrit
1331 1920 1396 1978 et
1441 1912 1598 1980 locis
1643 1918 1771 1980 fere
1818 1916 2131 2000 corruptis
2178 1921 2291 1980 aut
2336 1917 2733 1981 recentibus:

627 2033 679 2089 A
727 2018 804 2086 8:
959 2021 1059 2092 τίς
1101 2022 1160 2084 τ’
1207 2018 1284 2100 ἄρ
1330 2026 1504 2102 σφωε
1550 2021 1874 2107 (Zenodot.
1922 2022 2113 2107 σφῶι)
2161 2023 2302 2087 θεῶν
2343 2021 2479 2101 ἔριδι
2522 2020 2778 2099 ξυνέηκε
2802 2020 2908 2101 μά·

1052 2129 1303 2208 χεσθαιι.

629 2244 681 2300 Κ
731 2232 896 2300 546:
965 2232 999 2309 ἥ
1047 2234 1143 2304 τίς
1190 2237 1365 2314 σφωε
1416 2234 1742 2320 (Zenodot.
1786 2237 1979 2321 σφῶι)
2044 2234 2242 2315 ’πόρεν
2298 2236 2423 2308 θεὸς
2472 2237 2910 2314 ἀντιβολήσας.

1057 2338 1263 2405 Verba
1306 2340 1463 2406 haec
1507 2361 1632 2406 non
1680 2361 1834 2407 sana
1880 2362 2017 2407 esse
2062 2341 2410 2407 verisimile
2455 2340 2527 2406 fit
2574 2346 2631 2407 si
2670 2350 2909 2409 contex-

1057 2452 1200 2512 tum
1259 2447 1667 2532 inspicimus3
1735 2469 1845 2534 pro
1909 2447 2135 2515 vocula
2184 2451 2356 2514 enim
2402 2457 2574 2524 σφωε
2626 2457 2911 2536 expecta-

1055 2556 1224 2620 veris
1269 2553 1563 2620 dativum
1582 2602 1599 2632 ‚
1650 2565 1714 2620 et
1759 2555 2038 2641 pedestri
2084 2575 2372 2622 sermone
2417 2555 2763 2622 dicendum
2790 2559 2911 2624 erat

1056 2661 1089 2737 ἢ
1156 2659 1283 2733 θεός
1345 2685 1439 2732 τις
1501 2661 1668 2726 αὐτὼ
1729 2661 1984 2747 (nempe
2031 2660 2228 2727 Rhesi
2274 2661 2491 2747 equos)
2540 2662 2735 2736 ὑμῖν
2781 2662 2909 2730 §rd-

1051 2767 1176 2850 ριζε
1196 2816 1213 2847 ,
1261 2768 1429 2855 quod
1477 2772 1720 2854 poetice
1766 2772 1856 2834 sic
1904 2774 2110 2854 potest
2155 2771 2512 2834 enunciari:

962 2875 996 2951 ἥ
1044 2877 1139 2950 τίς
1187 2874 1302 2955 σφ’
1350 2873 1515 2953 ὔμμι
1563 2872 1761 2954 ’πόρεν
1812 2873 1936 2947 θεὸς
1985 2875 2424 2952 ἀντιβολήσας.
2509 2875 2653 2943 Hoc
2718 2880 2910 2966 igitur

1050 2981 1225 3047 haud
1271 2981 1399 3047 scio
1447 3001 1524 3046 an
1563 2981 2029 3047 restituendum
2056 2983 2171 3066 sit,
2199 2981 2745 3067 quemadmodum
2770 3002 2909 3048 mox

1051 3090 1340 3173 sequitur
1384 3108 1478 3154 ve.
1531 3085 1699 3152 551:

959 3193 1136 3259 ἀλλά
1184 3194 1302 3258 τιν’
1349 3191 1540 3272 ὔμμ’
1588 3192 1684 3258 δΐω
1732 3191 1983 3272 δόμεναι
2033 3195 2160 3258 θεὸν
2207 3195 2620 3262 ἀντιάσαντα.

621 3313 682 3368 Λ
728 3299 895 3369 ¹751:
958 3299 1011 3364 εἶ
1061 3299 1150 3374 μή
1200 3303 1374 3378 σφωε
1421 3303 1627 3378 πατὴρ
1676 3301 1815 3380 εὐρὺ
1864 3300 2066 3379 κρείων
2115 3301 2455 3380 ἐνοσίχθων.

619 3405 854 3473 0317:
948 3401 1175 3484 εὕδειν,
1239 3407 1417 3471 ἀλλά
1480 3415 1657 3486 σφωε
1718 3413 1859 3483 etc„
1924 3411 2129 3472 metro
2188 3409 2413 3474 invito.
2484 3408 2562 3473 In
2608 3415 2902 3495 promptu

1049 3519 1268 3576 autem
1315 3517 1412 3576 est
1455 3514 1760 3577 correctio
1804 3511 2156 3598 εὑδέμεναι,
2208 3513 2385 3578 ἀλλά
2424 3521 2551 3593 σφε
2592 3519 2709 3580 etc.
2758 3515 2903 3590 Par·

1049 3626 1184 3682 tem
1247 3618 1695 3683 tantummodo
1715 3664 1732 3693 ,
1790 3624 1866 3681 ut
1914 3619 2219 3704 arbitror,
2266 3621 2415 3685 vitii
2461 3619 2724 3685 sustulit
2772 3640 2899 3685 cor-

1047 3726 1244 3789 rectio
1304 3743 1465 3809 quae
1524 3723 1591 3788 in
1654 3723 1715 3789 Ν
1718 3723 2103 3789 auckianum
2173 3730 2426 3790 textum
2480 3731 2577 3791 est
2621 3731 2897 3811 recepta:

1047 3828 1330 3909 εὑδέμεν·
1380 3829 1556 3895 ἀλλά
1602 3834 1777 3914 σφωε
1804 3830 1875 3917 ³).

596 4063 649 4124 1)
687 4067 732 4110 Α
766 4063 828 4111 59
848 4058 949 4128 (1’),
983 4063 1019 4109 Σ
1051 4059 1179 4120 268,
1214 4077 1230 4106 ι
1265 4059 1393 4118 404,
1432 4077 1462 4108 κ
1495 4059 1621 4118 209,
1656 4075 1697 4119 μ
1729 4060 1854 4120 221,
1890 4077 1913 4110 ν
1948 4059 2074 4124 357,
2110 4078 2144 4110 σ
2176 4061 2299 4124 407,
2333 4080 2379 4126 χ
2412 4061 2504 4123 78,
2540 4081 2577 4114 οι
2612 4062 2724 4116 109.

595 4144 652 4209 2)
687 4144 799 4209 Ipso
843 4158 938 4208 quo
983 4141 1189 4191 vivimus
1232 4141 1417 4192 saeculo
1465 4141 1741 4207 importuno
1786 4141 1889 4192 loco
1936 4145 2132 4210 irrepsit
2177 4143 2341 4206 ἄμμε,
2388 4162 2557 4212 nempe
2588 4164 2629 4195 π
2664 4146 2785 4205 372,
2818 4139 2891 4194 ubi

527 4227 573 4278 N
577 4225 774 4275 auckius
816 4224 867 4273 id
912 4222 1160 4273 substituit
1209 4239 1298 4288 pro
1345 4223 1500 4273 forma
1543 4221 1661 4272 bene
1705 4223 1946 4274 homerica
1990 4243 2135 4291 quam
2179 4226 2293 4277 libri
2326 4227 2550 4278 exhibent
2585 4223 2741 4289 ἥμαςς
2776 4223 2890 4276 conf.

519 4310 648 4360 int'ra
675 4324 783 4374 pag.
815 4306 933 4357 419.

591 4396 640 4456 3)
674 4394 858 4444 lterum
892 4390 1179 4441 tractabitur
1210 4390 1291 4440 hic
1320 4391 1451 4440 locus
1483 4391 1611 4441 infra
1642 4406 1748 4458 pag.
1784 4393 1900 4444 421.
