3150 5000
480 319 612 388 180
1429 337 1517 386 AD
1563 335 1911 386 'manuum

475 505 705 572 affectu
766 521 1004 571 vacuus
1061 507 1127 569 et
1189 502 1446 570 sedatus
1507 501 1911 570 contenderet
1970 521 2094 567 non
2154 502 2488 568 convenire
2545 504 2731 568 inter
2784 523 2867 569 se
2886 553 2903 581 ,

474 631 591 676 nec
653 612 868 676 tamen
917 609 1148 675 desinit
1196 629 1330 675 esse
1375 614 1594 694 poeta:
1650 608 1841 674 modo
1886 613 2071 693 vota,
2118 610 2467 675 sententiae
2488 657 2503 684 ,
2552 607 2917 676 exclama-

475 717 682 782 tiones
699 764 716 794 ‚
765 717 1024 782 omnino
1069 715 1378 801 quidquid
1428 714 1665 780 dicitur
1712 734 1790 781 ex
1836 734 1963 780 uno
2010 713 2360 800 eodemque
2400 715 2599 780 animi
2642 715 2917 782 affectu

473 822 972 908 proficiscantur.
1036 822 1170 888 Nec
1213 821 1334 887 hoc
1381 821 1675 907 prohibet
1690 868 1707 893 .
1756 821 2099 905 quominus
2136 841 2263 886 una
2300 827 2515 887 tamen
2552 823 2919 887 sententia

470 931 537 994 in
601 933 736 994 toto
797 929 1078 994 carmine
1137 925 1518 992 dominetur.
1600 924 1887 992 Dubium
1950 946 2058 991 me
2102 926 2313 992 iudice
2358 947 2483 993 non
2528 931 2629 992 est
2646 975 2669 1011 ‚
2702 927 2917 1013 ‘quin

478 1033 745 1102 17-34
790 1034 1183 1100 cohaereant.
1257 1031 1472 1118 Siquis
1512 1053 1577 1098 v.
1620 1030 1705 1096 35
1744 1042 1813 1095 at
1854 1033 2238 1117 pertinacius
2286 1031 2635 1098 defenderit
2654 1079 2675 1110 ,
2730 1032 2915 1098 huie

474 1147 695 1210 auctor
743 1161 890 1206 sum
907 1189 926 1225 ,
993 1144 1067 1205 ut
1130 1160 1196 1205 v.
1267 1135 1541 1204 35—40
1610 1144 1943 1223 tamquam
2014 1137 2449 1226 fragmentum
2520 1142 2913 1224 separatim

475 1267 514 1312 a
561 1245 647 1311 34
709 1251 776 1312 et
838 1243 919 1310 41
997 1243 1483 1330 exprimendum
1550 1248 1770 1322 curet,
1832 1243 1943 1310 sed
2004 1243 2265 1309 habebit
2327 1246 2420 1310 sic
2481 1243 2913 1329 particulam

475 1358 714 1418 temere
772 1349 1066 1416 alicunde
1125 1351 1464 1416 abscissam
1487 1399 1505 1434 ,
1567 1370 1731 1436 quae
1775 1350 1903 1415 huc
1948 1349 2110 1415 forte
2155 1349 2411 1416 fortuna
2456 1350 2909 1416 aberraverit.

474 1459 601 1525 Illa
647 1459 724 1524 de
769 1455 1016 1522 Venere
1053 1459 1234 1542 quae'
1255 1456 1556 1522 dicuntur
1597 1457 1917 1541 pertinent
1956 1455 2034 1520 ad
2076 1455 2430 1522 Adonidem
2451 1505 2469 1540 ,
2510 1460 2627 1522 aut
2670 1455 2913 1524 alium

477 1564 794 1651 quendam
855 1581 1124 1649 puerum
1145 1608 1162 1639 ,
1224 1563 1335 1647 qui
1399 1569 1578 1628 metu
1642 1561 1867 1646 plenus
1926 1563 1993 1626 in
2041 1563 2254 1626 sinum
2299 1559 2567 1627 Veneris
2592 1561 2915 1652 ’fugerat

477 1677 542 1738 et
587 1672 667 1738 ab
712 1670 830 1736 hac
875 1670 1149 1736 fovetur.
1218 1667 1446 1753 Itaque
1489 1667 1756 1734 defendo
1800 1668 1967 1732 timet
2007 1671 2073 1734 et
2108 1667 2363 1734 conserit
2399 1689 2462 1734 v.
2503 1665 2589 1732 :35
2618 1666 2914 1754 (Venus

475 1778 722 1844 invenit
765 1795 962 1862 puero
1009 1773 1452 1859 concumbere)

842 1880 1000 1946 dum
1047 1881 1238 1945 timet
1283 1885 1348 1945 et
1395 1885 1642 1945 teneros
1688 1881 1963 1945 conserit
2009 1899 2209 1966 usque
2254 1881 2431 1946 sinus
2450 1925 2465 1954 ,

479 1988 594 2054 alii
641 1994 858 2072 tuomet,
903 2009 1234 2063 conserere,
1280 1984 1395 2051 alii
1435 1987 1679 2052 maiora
1718 1987 1917 2051 etiam
1962 1985 2320 2052 moliuntur
2335 2005 2354 2064 3
2402 1989 2623 2052 contra
2670 2008 2745 2053 v.
2804 1988 2909 2054 39

411 2139 419 2150 ·
476 2093 778 2180 perplexa
821 2093 1134 2158 sententia
1176 2096 1272 2158 est
1292 2141 1310 2166 ‚
1361 2088 1593 2156 melior
1638 2090 1793 2157 haec
1829 2098 1992 2157 esset
2032 2093 2447 2158 conformatio
2485 2092 2905 2164 verborum:

475 2219 601 2266 non
658 2198 824 2283 lapis
842 2243 859 2276 ‚
921 2217 1044 2263 non
1106 2215 1368 2284 gemma
1425 2195 1736 2262 Venerem
1799 2197 2025 2264 iuvant
2077 2220 2223 2274 „nec
2262 2200 2495 2285 frigore
2540 2196 2683 2264 sola
2736 2201 2909 2266 dor-

479 2307 646 2370 miat
688 2309 754 2369 et
789 2301 956 2367 nulli
991 2303 1077 2367 sit
1115 2302 1426 2388 cupienda
1464 2301 1656 2378 viro’'‚
1696 2303 1765 2367 in
1810 2304 2044 2389 quibus
2082 2325 2190 2370 nec
2226 2304 2345 2368 ulli
2381 2323 2503 2370 non
2532 2309 2633 2369 est
2656 2327 2909 2374 neces-

479 2411 753 2476 sarium:
822 2405 997 2486 „sola
1057 2406 1294 2490 dormit
1351 2413 1414 2474 et
1459 2407 1627 2474 nulli
1675 2413 1771 2473 est
1814 2409 2122 2494 cupienda
2169 2409 2348 2475 viro”
2400 2407 2471 2476 fit
2515 2430 2628 2496 per
2674 2434 2909 2503 nega-

479 2518 757 2581 tionem:
820 2534 986 2592 „non
1046 2512 1162 2579 illa
1224 2514 1358 2580 sola
1417 2514 1694 2580 dormiat
1757 2520 1821 2580 et
1880 2513 2047 2580 nulli
2108 2518 2194 2580 sit
2254 2514 2355 2581 0.”
2438 2516 2523 2581 Et
2584 2554 2677 2567 -
2755 2524 2907 2587 viro

476 2620 798 2706 explicant
843 2620 1130 2706 proxime
1171 2615 1493 2706 superiora
1511 2670 1530 2696 ,
1573 2640 1698 2686 uon
1740 2620 2162 2706 adaequatum
2205 2623 2515 2707 superiori
2536 2626 2909 2694 continent

474 2726 860 2793 membrum.
924 2725 982 2790 A
1041 2746 1147 2788 nec
1163 2772 1180 2803 ‚
1245 2746 1431 2810 neque
1493 2728 1801 2791 transitur
1860 2726 2047 2792 facile
2108 2728 2451 2793 omissione
2496 2726 2907 2798 litterarum

475 2833 553 2899 ad
602 2854 713 2917 que
757 2852 927 2916 quae.
997 2828 1122 2896 Sed
1171 2829 1248 2895 (10
1294 2830 1413 2896 hoc
1459 2830 1771 2917 quidquid
1816 2831 2142 2898 videbitur
2162 2880 2179 2910 ,
2226 2832 2393 2899 illud
2438 2854 2629 2899 nemo
2678 2858 2909 2927 neg-a-

473 2939 573 3005 bit
609 2939 916 3003 iniuriam
960 2934 1206 3001 nullam
1258 2932 1394 3000 fieri
1435 2942 1656 3020 poetae
1696 2942 1761 3003 et
1800 2936 2310 3003 emolumentum
2351 2941 2559 3024 parari
2578 2938 2865 3028 legenti
2886 2994 2907 3025 ,

475 3046 530 3109 si
567 3043 806 3121 editor,
847 3042 962 3107 ubi
1008 3040 1327 3107 defectum
1369 3042 1805 3108 cohaerentiae
1844 3042 2349 3129 animadvertat,
2396 3047 2533 3111 eius
2578 3045 2911 3117 defectus

471 3149 785 3215 indicium
831 3146 1088 3233 aliquod
1133 3146 1261 3213 det.
1333 3145 1653 3213 Similiter
1698 3148 1780 3214 el.
1832 3152 1873 3214 4
1922 3154 2064 3235 post
2108 3171 2171 3216 v.
2225 3150 2312 3215 14
2350 3150 2646 3217 lacunam
2689 3166 2911 3224 nota-

473 3273 609 3319 rem
632 3299 649 3332 ,
697 3254 755 3317 si
799 3251 966 3317 mihi
1013 3250 1308 3318 Tibullus
1345 3258 1509 3318 esset
1557 3253 1855 3320 edendus.
1922 3252 2387 3341 Complectitur
2426 3256 2703 3323 subinde
2754 3282 2908 3330 una

473 3359 681 3447 elegia
735 3359 804 3423 in
863 3357 1184 3424 codicibus
1245 3357 1370 3424 duo
1433 3365 1546 3425 aut
1592 3362 1717 3424 tria
1764 3363 2049 3427 carmina
2094 3367 2207 3428 aut
2252 3364 2615 3451 fragmenta
2636 3412 2653 3433 .
2704 3386 2909 3452 quae

469 3466 550 3532 ad
612 3462 878 3530 eandem
937 3482 1075 3528 rem
1139 3463 1454 3548 pertinent
1514 3470 1589 3530 st·
1638 3470 1966 3551 propterea
2030 3467 2216 3534 iuxta
2262 3471 2468 3553 posita
2514 3469 2773 3535 iniuria.
2830 3478 2909 3541 in

468 3591 672 3637 unum
718 3568 986 3635 conflata
1029 3573 1215 3652 sunt,
1265 3574 1340 3634 ut
1387 3570 1630 3635 factum
1681 3570 1938 3637 videtur
1981 3570 2045 3635 II
2095 3570 2155 3636 3.
2222 3574 2413 3659 Apud
2446 3574 2907 3659 Propertium

469 3698 654 3767 saepe
691 3676 974 3741 alienum
1021 3695 1059 3742 8
1091 3673 1229 3740 1000
1277 3676 1713 3763 fragmentum
1764 3678 1831 3740 in
1880 3676 2161 3744 mediam
2213 3679 2531 3765 quandam
2579 3679 2905 3769 elegiam

470 3783 787 3849 aberravit
832 3786 948 3847 aut
993 3781 1071 3845 ab
1117 3782 1306 3845 initio
1349 3784 1633 3869 positum
1674 3788 1771 3849 est
1788 3828 1807 3860 ,
1852 3788 1964 3849 aut
2003 3784 2130 3849 duo
2170 3785 2450 3852 carmina
2490 3789 2909 3861 continuan-

469 3892 578 3952 tur
595 3936 614 3972 ‚
676 3907 835 3972 quae
897 3885 1240 3971 separanda
1300 3893 1512 3966 erant;
1577 3890 1647 3952 in
1705 3908 1779 3953 eo
1823 3894 2009 3973 poeta
2055 3889 2211 3957 haec
2264 3896 2599 3977 notantur,
2650 3900 2725 3959 et
2784 3900 2907 3965 di-

470 3995 890 4080 stinguuntur
947 3992 1173 4075 spatiis
1233 3992 1404 4059 male
1467 3993 1867 4059 cohaerentia
1886 4042 1905 4073 ,
1955 3996 2121 4080 quod
2172 4004 2479 4081 quantum
2528 4001 2751 4084 prosit
2810 4009 2907 4074 ad

467 4096 868 4164 intellectum
929 4102 1241 4164 noverunt
1296 4099 1405 4183 qui
1455 4098 1853 4165 Bnmumsu
1907 4100 2251 4167 sditionem
2298 4104 2709 4191 pervolvunt.
2802 4112 2907 4181 Et

470 4204 732 4269 fortasse
776 4202 1026 4287 saepius
1073 4206 1269 4270 etiam
1319 4204 1587 4270 conflata
1625 4212 1721 4271 est
1767 4206 1935 4291 apud
1972 4205 2379 4293 Propertium
2416 4210 2627 4298 elegia
2664 4233 2903 4299 quam

467 4314 755 4387 notatur;
805 4314 975 4373 certe
1021 4306 1091 4373 11
1140 4307 1223 4374 18
1272 4314 1542 4395 quatuor
1589 4331 1812 4377 versus
1858 4314 2051 4397 primi
2098 4315 2427 4400 separandi
2472 4316 2801 4389 videntur
2856 4348 2905 4395 a

465 4415 728 4503 reliquis
744 4464 762 4501 ‚
818 4414 1200 4500 quibuscum
1245 4435 1416 4483 nunc
1462 4416 1833 4484 cohaerent:
