3150 5000
1229 303 1370 351 mn
1379 301 1709 352 unumve.
2328 259 2333 266 ¹
2538 281 2670 349 24¹7

369 469 474 536 12.
526 469 633 538 18.
685 467 989 550 „Cunctis
1033 466 1242 557 igitur
1285 472 1562 536 summis
1611 467 1979 554 infimisque
2024 467 2521 553 adprobantibus
2556 513 2575 530 .
2599 514 2616 531 .
2647 513 2667 533 .

257 597 384 643 nec
433 577 512 643 de
557 579 848 665 rigore
891 578 1256 643 animorum
1309 578 1655 661 quicquam
1703 573 2221 641 remittentibus’'
2264 579 2415 641 cett.

357 683 583 750 Potius
656 685 894 750 sc'ribas
963 685 1165 771 uigo
1186 705 1270 748 re
1338 681 1482 747 coll.
1540 683 1578 767 ξ
1648 683 1726 747 11
1796 700 1963 766 „quo
2026 684 2251 769 uigore
2295 677 2506 748 inedia
2552 680 2669 745 siti

253 789 610 876 laboreque
657 790 966 856 membris
1010 788 1443 858 marcentibus
1490 783 1981 882 occurramus?

364 1005 468 1072 12.
517 1005 628 1072 29.
693 1007 1028 1086 „Iulianus
1089 1030 1124 1074 c
1147 1027 1186 1074 a
1209 1027 1256 1072 u
1279 1011 1308 1072 t
1334 1009 1355 1072 i
1383 1027 1420 1073 o
1442 1029 1476 1072 r
1537 1010 1641 1073 sui
1685 1007 1969 1075 hostium
2014 1009 2147 1076 tela
2190 1006 2667 1095 praeteruolans

255 1114 372 1180 his
438 1120 501 1179 et
563 1113 887 1180 similibus
949 1120 1129 1180 notos
1186 1115 1425 1199 pariter
1469 1120 1534 1179 et
1579 1115 1836 1201 ignotos
1880 1115 1957 1182 ad
2004 1115 2367 1182 faciendum
2416 1113 2669 1180 fortiter

259 1217 726 1286 accendebat.”

357 1325 512 1391 Loci
561 1328 870 1392 sententia
920 1325 1174 1414 flagitat
1221 1328 1534 1391 nimirum
1588 1328 1651 1404 „i
1674 1349 1716 1391 n
1741 1347 1775 1393 c
1800 1349 1837 1392 a
1860 1347 1906 1393 u
1930 1333 1959 1393 t
1983 1330 2008 1392 i
2032 1349 2069 1394 ο
2092 1350 2125 1393 r
2173 1327 2340 1393 sui.”
2384 1326 2465 1393 cf.
2502 1327 2665 1398 Stat.

256 1430 471 1498 'Pheb-
519 1430 625 1498 VI.
683 1431 814 1499 766
866 1438 975 1511 „at
1021 1432 1137 1498 ille
1184 1432 1448 1498 nocendi
1487 1421 1806 1522 Prodigus
1846 1436 2265 1520 incautusque
2302 1437 2431 1512 sui,
2475 1434 2665 1500 ruit.”

370 1649 472 1714 12.
527 1647 636 1716 30.
689 1651 1014 1729 „Aduenit
1033 1701 1051 1733 ,
1099 1672 1136 1718 o
1184 1655 1373 1731 socii,
1420 1655 1669 1723 iustum
1709 1655 2039 1741 pugnandi
2062 1656 2196 1720 iam
2222 1661 2479 1743 tempus
2506 1657 2666 1723 olim

266 1762 645 1843 exoptatum
698 1759 864 1823 mihi
911 1759 1268 1844 uobiscum,
1317 1760 1485 1846 quod
1533 1760 1801 1826 antehac
1847 1769 2387 1829 arcessentes
2446 1785 2671 1830 arma

275 1863 586 1948 inquietis
631 1860 917 1931 motibus
959 1863 1380 1950 poscebatis.”

368 1967 544 2035 Haec
604 1989 860 2056 prorsus
919 1991 1043 2038 non
1099 1971 1408 2059 intellego
1471 1972 1598 2037 nisi
1646 1973 1961 2038 scribatur
2011 1994 2091 2051 „a
2114 1993 2148 2039 r
2168 1995 2236 2039 m
2263 1994 2301 2042 o
2325 1995 2358 2040 r
2382 1996 2425 2040 u
2448 1995 2515 2040 m
2564 1976 2668 2040 in-

270 2077 514 2162 quietis
582 2077 936 2143 motibus.”
1007 2077 1316 2163 Respexit
1377 2075 1456 2144 ad
1501 2100 1576 2145 ea
1622 2098 1783 2163 quae
1829 2077 2138 2166 leguntur
2183 2082 2220 2166 ξ
2270 2080 2391 2148 13:
2444 2080 2673 2159 „ardo-

267 2200 410 2246 rem
459 2183 790 2269 pugnandi
835 2185 1038 2250 hastis
1088 2182 1410 2250 inlidendo
1457 2192 1640 2250 scuta
1686 2189 2111 2251 monstrantes
2131 2234 2148 2264 ‚
2198 2189 2267 2252 in
2316 2188 2566 2254 hostem
2606 2207 2673 2253 se

269 2287 426 2353 duci
470 2289 602 2353 iam
652 2293 1066 2375 conspicuum
1114 2290 1525 2356 exorabant.”
1577 2329 1659 2340 —
1708 2288 1871 2356 Vide
1921 2311 2002 2356 an
2049 2311 2175 2357 non
2223 2311 2336 2378 pro
2385 2313 2422 2358 a
2443 2314 2476 2357 r
2499 2314 2532 2358 c
2558 2313 2593 2358 e
2614 2310 2674 2359 s-

267 2398 597 2458 sentes
645 2397 878 2462 rectius
925 2397 1250 2481 scripseris
1298 2395 1939 2466 ardescentes.

371 2614 476 2681 12.
550 2614 658 2680 32.
741 2614 1225 2704 „Exsurgamus
1297 2620 1425 2683 uiri
1495 2620 1723 2686 fortes:
1793 2618 2228 2705 propellemus
2298 2620 2670 2686 fortitudine

265 2740 556 2808 congrua
600 2724 692 2785 in
717 2716 742 2786 l
767 2724 790 2786 i
813 2744 844 2787 s
868 2743 906 2788 a
950 2725 1182 2788 nostris
1229 2725 1519 2809 partibus
1565 2725 1813 2811 probra.

367 2824 551 2892 Nihil
609 2832 706 2893 est
747 2826 960 2893 hercle
1009 2826 1245 2907 „alicui
1294 2831 1597 2916 probrum
1641 2829 1935 2896 illidere”
1952 2850 1972 2910 3
2026 2830 2282 2898 macula
2301 2876 2317 2909 ‚
2366 2830 2672 2928 probrum

270 2931 512 3011 alicui,
563 2937 820 3020 opinor,
869 2932 1172 3001 illinitur.
1223 2933 1478 3002 Scribas
1524 2956 1676 3025 ergo
1724 2937 2025 3005 inlita
2070 2936 2215 3004 coll.
2264 2936 2383 3002 Sil.
2433 2935 2511 3001 It.
2558 2935 2671 3002 XI.

269 3036 398 3105 43:
460 3042 638 3124 „uita
682 3040 872 3107 inlita
917 3040 1237 3108 macula.”
2300 3030 2305 3033 ’

374 3242 478 3310 12.
529 3244 638 3312 37.
711 3245 921 3325 „Cum
968 3266 1162 3312 cornu
1209 3250 1543 3314 sinistrum
1592 3249 1900 3317 altius
1951 3250 2249 3339 gradiens
2294 3252 2670 3337 urgentium

265 3356 376 3417 tot
422 3353 686 3437 agmina
732 3350 1199 3419 Germanorum
1247 3355 1317 3418 ui
1361 3357 1567 3420 nimia
1613 3355 2011 3441 pepulisset”
2062 3363 2211 3422 cett.

373 3452 583 3522 Immo
633 3460 848 3543 potius
899 3455 1373 3536 „ulterius
1419 3460 1785 3549 gradiens.'’

376 3658 477 3725 12.
543 3658 651 3725 38.
723 3657 1172 3746 „Gataphracti
1233 3664 1478 3748 equites
1540 3665 1681 3730 uiso
1730 3712 1746 3730 .
1776 3712 1792 3731 .
1823 3714 1841 3732 .
1890 3672 2174 3733 consorte
2239 3670 2515 3753 quodam
2562 3691 2677 3755 per

269 3768 593 3835 ceruicem
643 3768 790 3852 equi
838 3764 975 3832 lab
993 3787 1085 3833 eu
1103 3770 1212 3833 tis
1255 3769 1530 3854 pondere
1575 3790 1900 3837 armorum
1949 3792 2245 3859 oppresso
2293 3774 2525 3861 dilapsi
2550 3796 2677 3860 qua

267 3874 545 3960 quisque
597 3872 882 3959 poterat”
929 3882 1048 3939 cet.

367 3976 546 4044 Haec
595 3977 904 4067 intellego
951 3982 1009 4045 si
1049 4000 1165 4065 pro
1212 3979 1596 4047 labentis
1641 3983 1945 4049 scribitur
1989 3984 2354 4053 labente.

375 4176 478 4245 12.
530 4176 640 4244 39.
693 4174 879 4257 „Quo
929 4181 1150 4267 agnito
1196 4200 1308 4266 per
1353 4201 1747 4278 purpureum
1794 4186 2055 4272 sig-num
2104 4186 2433 4266 Draconis,
2504 4210 2679 4255 sum-

267 4286 496 4353 mitati
561 4284 785 4351 hastae
853 4284 1160 4373 longioris
1222 4293 1514 4374 aptatum
1577 4288 1760 4356 uelut
1824 4295 2169 4360 senectutis
2228 4315 2271 4379 p
2290 4295 2680 4362 audentis

271 4394 548 4460 exuuias
564 4438 584 4469 ,
637 4394 821 4457 stetit
864 4394 1056 4459 unius
1102 4400 1356 4461 turmae
1400 4395 1764 4463 tribunus.”
