3150 5000
551 256 686 324 314
1521 278 1785 328 osssms
1826 280 1955 328 mo.

641 440 864 524 Neque
920 445 1136 506 tamen
1201 443 1534 527 quisquam
1592 463 1783 508 sanus
1826 444 2094 530 negabit
2136 442 2407 508 Dionem
2457 461 2701 528 quoque
2740 461 2913 526 saepe

551 546 822 612 humani
883 547 1124 632 aliquid
1185 569 1442 634 passum
1505 569 1675 628 esse,
1737 555 1805 614 et
1860 548 1981 615 hoc
2043 555 2227 637 aget,
2288 550 2404 634 qui
2465 550 2620 614 artis
2672 549 2913 613 criticae

551 653 816 739 ignarus
875 673 1002 718 non
1064 659 1192 728 est,
1261 658 1336 719 ut
1393 652 1621 719 Dionis
1682 655 1879 720 verba
1922 675 2071 720 cum
2118 655 2507 720 testimoniis
2550 653 2811 719 aliorum
2854 657 2915 718 et

551 759 934 844 scriptorum
981 765 1048 824 et
1093 765 1653 825 monumentorum
1702 759 1924 826 sedulo
1970 766 2337 846 componat,
2390 765 2495 837 et,
2538 759 2651 824 nbi
2695 759 2915 824 discre-

552 869 734 949 pent,
775 887 855 930 ex
895 867 1155 931 testium
1200 868 1579 931 auctoritate
1610 871 1676 931 et
1700 887 1913 932 rerum
1938 868 2302 953 cognitione
2332 886 2560 932 verum
2582 866 2907 953 dignoscat.

645 968 787 1036 Hoc
836 991 986 1037 vero
1041 971 1395 1037 cavendum
1459 977 1558 1037 est
1573 1020 1593 1055 ,
1640 992 1723 1037 ne
1770 975 1915 1056 quis
1952 971 2143 1039 Dioni
2182 975 2345 1039 vitio
2384 978 2593 1038 vertat
2637 971 2795 1057 quod
2837 969 2913 1034 li-

553 1075 904 1141 brariorum
969 1075 1075 1142 vel
1135 1081 1560 1142 correctorum
1577 1125 1595 1154 ,
1660 1077 1977 1144 editorum
2041 1078 2313 1164 denique
2368 1077 2557 1164 culpa
2601 1083 2909 1163 peccatum

553 1185 668 1246 est.
719 1179 812 1245 Ut
870 1180 1034 1246 libro
1095 1180 1217 1258 54,
1283 1181 1324 1246 9
1371 1185 1817 1248 Armeniorum
1869 1204 1979 1250 rex
1998 1229 2016 1262 ‚
2066 1186 2178 1269 qui
2224 1204 2265 1249 a
2310 1183 2719 1270 popularibus
2761 1179 2911 1266 apud

552 1288 923 1374 Augustum
989 1293 1320 1354 accusat-us
1383 1293 1448 1352 et
1515 1295 1735 1373 postea
1789 1292 2160 1356 interfectus
2224 1297 2321 1355 cst
2343 1337 2363 1367 ,
2434 1291 2794 1356 etiamnunc
2856 1289 2913 1350 in

551 1395 904 1458 novissima
958 1392 1234 1459 editione
1282 1391 1689 1460 Dindorfiana
1732 1394 2135 1476 Ἀρταβάζης
2184 1399 2485 1479 vocatur,
2534 1415 2681 1460 cum
2716 1400 2914 1459 tamen

558 1498 834 1565 Venetus
871 1510 925 1565 A
973 1497 1276 1580 ’Λρτοὶζου
1315 1499 1589 1565 secundo
1627 1520 1777 1565 casu
1817 1500 2150 1586 exhibeat,
2192 1521 2271 1566 ex
2308 1520 2433 1585 quo
2468 1499 2647 1566 nullo
2678 1499 2917 1586 negotio

554 1623 778 1670 verum
841 1625 1074 1670 nomen
1135 1604 1442 1684 ’Λρτάξης
1501 1607 1758 1671 restitui
1817 1611 2029 1692 potest
2094 1608 2271 1693 (nam
2338 1615 2383 1675 Ξ
2429 1613 2495 1672 et
2542 1615 2591 1672 Z
2640 1625 2819 1690 saepe
2858 1605 2917 1666 in

555 1710 881 1776 codicibus
943 1709 1154 1776 locum
1219 1717 1498 1776 mutasse
1557 1717 1785 1777 notum
1834 1717 1958 1792 est)
1974 1760 1991 1790 ‚
2038 1717 2115 1778 nt
2159 1717 2423 1778 vocatur
2468 1731 2507 1777 a
2552 1711 2753 1777 Dione
2794 1713 2915 1794 ipso

555 1821 778 1900 quater
837 1815 987 1900 (49,
1051 1815 1160 1883 39.
1222 1817 1330 1882 40.
1393 1816 1520 1902 443
1586 1817 1699 1902 51,
1774 1818 1879 1898 16)
1942 1823 2007 1884 et
2062 1819 2141 1883 ab
2187 1820 2485 1906 Aug-usto
2528 1817 2731 1904 (Mon.
2778 1820 2912 1882 Anc.

559 1921 600 1986 5
619 1969 636 1998 ,
686 1920 818 2008 24).
891 1922 1068 1988 Idem
1117 1924 1415 1989 Artaxias
1458 1925 1643 1989 audit
1687 1922 1856 2009 apud
1902 1923 2197 1990 Tacitum
2250 1926 2443 2004 (Ann.
2482 1924 2561 2002 2,
2608 1923 2673 2003 3)
2706 1929 2773 1989 et
2790 1919 2914 1988 Fla-

556 2030 738 2094 vium
786 2027 1134 2114 Josephum
1194 2028 1314 2113 15,
1365 2028 1443 2113 4,
1494 2027 1556 2093 3.

646 2133 716 2199 L.
785 2131 874 2198 58
896 2180 913 2211 ‚
982 2132 1064 2199 19
1083 2183 1101 2218 ,
1169 2138 1204 2201 1
1267 2135 1350 2201 ad
1407 2155 1647 2200 annum
1712 2133 1801 2201 32
1857 2137 1925 2199 in
1986 2136 2285 2202 omnibus
2346 2135 2731 2202 editionibus
2774 2132 2915 2218 legi-

559 2247 699 2306 tur:
765 2238 906 2304 τότε
955 2239 1018 2304 δὲ
1069 2240 1368 2320 ἐφείσατο
1418 2240 1533 2316 μὲν
1588 2238 1927 2319 (Tiberius)
1974 2242 2079 2306 καὶ
2128 2239 2339 2306 ἄλλων
2386 2246 2559 2306 τινῶν
2607 2239 2800 2305 καίτοι
2840 2237 2911 2310 τῦ

560 2347 800 2426 Σηιανῷ
859 2344 1240 2425 ᾧιιειωμέναν
1261 2393 1280 2424 ,
1342 2346 1643 2426 ἐφείσατο
1693 2345 1755 2411 δὲ
1805 2346 1912 2410 καὶ
1964 2346 2225 2413 Λουκίου
2272 2351 2535 2421 Σηιανοῦ
2582 2345 2912 2425 στρατηγοῦ

557 2451 815 2531 Μάρκου
877 2477 947 2517 τε
995 2453 1320 2529 Τερεντίου
1365 2452 1631 2537 ἱππέως,
1692 2451 1915 2517 ἐκείνου
1963 2453 2077 2530 μὲν
2126 2452 2587 2535 ὑπερφρονήσας
2623 2489 2686 2501 -—
2721 2448 2911 2518 πάντα

561 2558 662 2625 διὰ
724 2565 1068 2640 φαλακρῶν
1129 2560 1190 2623 ἐν
1238 2568 1364 2629 τοῖς
1415 2560 1787 2639 Φλωραλίοις
1827 2596 1893 2605 -
1930 2560 2028 2623 ἐπὶ
2080 2566 2159 2641 τῇ
2207 2564 2314 2625 τοῦ
2364 2559 2656 2640 Τιβερίου
2702 2550 2915 2640 χλευα-

559 2666 666 2749 σίᾳ
686 2714 703 2744 ,
744 2662 834 2731 ὅτι
883 2669 1145 2738 τοιοῦτος
1195 2662 1262 2739 ἦν
1282 2714 1300 2749 ,
1350 2665 1713 2740 ποιήσαντος
1744 2687 1851 2714 -·
1875 2671 2162 2731 τοσοῦτον
2208 2665 2336 2746 γὰρ
2381 2664 2589 2739 ἐδέησε
2636 2665 2711 2731 δι’
2756 2666 2913 2745 ὀργῆς

557 2773 726 2853 αὐτῷ
792 2771 1078 2849 γενέσθαι
1140 2766 1286 2835 ὥστ’
1345 2771 1480 2836 οὐδὲ
1542 2770 2027 2851 προσεποιήσατο
2096 2772 2297 2853 ἀρχὴν
2366 2767 2461 2835 ὅ’τι
2531 2770 2668 2851 περ)
2738 2768 2914 2835 αὐτῶν

558 2878 837 2961 ἠκηκόει,
885 2875 1108 2953 καίπερ
1156 2876 1263 2941 καὶ
1313 2882 1588 2951 Σηιανῶν
1636 2874 1706 2952 ἐξ
1754 2875 1976 2941 ἐκείνου
2026 2876 2274 2942 πάντων
2318 2883 2437 2942 τῶν
2458 2884 2798 2957 φαλακρῶν
2818 2874 2913 2937 ὀνο·

561 2983 955 3062 μασθέντων·
1017 2987 1124 3047 τοῦ
1187 2982 1250 3047 δὲ
1310 2982 1381 3057 δὴ
1442 2984 1762 3060 Τερεντίου
1822 3007 1881 3048 κ.
1907 3007 1963 3047 τ.
1992 2998 2055 3049 λ.
2142 2981 2443 3051 Credisne
2506 3004 2670 3050 anno
2732 2982 2811 3049 32
2862 2998 2911 3062 p·

562 3088 711 3157 Chr.
753 3112 816 3153 n.
859 3088 1134 3153 Lucium
1174 3089 1489 3173 quendam
1533 3086 1837 3154 Seianum
1878 3092 2093 3154 virum
2134 3089 2371 3155 ordinis
2410 3092 2713 3155 senatorii
2748 3088 2916 3153 fuisse

560 3200 751 3278 atque
799 3193 954 3259 adeo
1003 3199 1354 3279 praetorem
1375 3243 1395 3277 ‚
1443 3214 1719 3279 eumque
1756 3194 1863 3259 vel
1907 3195 2222 3260 urbanum
2262 3194 2367 3260 vel
2390 3188 2829 3282 peregrinum?
2852 3192 2913 3268 ¹)-

562 3302 650 3367 At
707 3299 981 3365 Venetus
1041 3302 1167 3366 sic:
1231 3300 1530 3380 ἐφείσατο
1592 3299 1654 3365 δὲ
1700 3300 1804 3365 καὶ
1852 3300 2093 3365 λουκίου
2142 3300 2245 3365 καὶ
2298 3304 2507 3365 σιανοῦ
2534 3300 2603 3383 ²).
2677 3299 2916 3365 Induxe-

561 3410 714 3473 runt
759 3405 1028 3471 editores
1074 3404 1348 3471 alterum
1398 3406 1504 3470 καὶ
1525 3454 1540 3481 .
1584 3406 1751 3491 quod
1792 3427 1940 3471 cum
1982 3406 2271 3491 sequenti
2308 3410 2519 3471 σιανοῦ
2560 3409 2912 3489 coniungen-

563 3514 714 3579 dum
768 3532 900 3578 esse
946 3532 1072 3577 non
1118 3511 1432 3576 viderant.
1493 3510 1675 3591 Quod
1712 3512 1823 3576 ubi
1855 3510 2078 3578 feceris
2116 3532 2342 3578 verum
2383 3514 2693 3596 praetoris
2713 3522 2917 3574 nomen

437 3693 446 3699 ,
565 3618 637 3683 L.
702 3616 1080 3684 Cassianum
1145 3615 1427 3679 habebis.
1513 3614 1574 3680 N
1577 3636 1613 3680 e
1673 3616 1813 3701 quis
1876 3616 1953 3681 de
2011 3615 2131 3682 hac
2176 3636 2245 3681 re
2292 3616 2574 3694 dubitet,
2624 3605 2917 3700 Xiphilini

564 3724 759 3789 verba
816 3741 1124 3807 apponam
1148 3768 1166 3805 ‚
1241 3740 1305 3804 p.
1372 3718 1539 3798 152,
1604 3719 1709 3785 26.
1782 3719 1973 3785 Dind.
2044 3724 2120 3793 ὡς
2186 3719 2243 3787 δ’
2310 3722 2408 3786 οὖν
2472 3716 2535 3785 ἐν
2600 3712 2917 3799 τηλικαύτῃ

635 3982 688 4046 1)
735 3980 1000 4030 Floralium
1031 3982 1158 4032 enim
1191 3996 1306 4030 cura
1339 3982 1448 4039 τοῖς
1481 3980 1792 4043 στρατηγοῖς
1827 3980 1936 4037 τοῖς
1972 3976 2101 4028 πάνυ
2137 3978 2356 4041 obvenit,
2392 3981 2514 4029 teate
2548 3980 2703 4029 Dione
2734 3978 2827 4044 ipo
2854 3983 2913 4033 ΟΡ·

566 4062 660 4123 78,
690 4062 781 4121 22,
819 4062 848 4111 1
886 4060 946 4110 τὸ
983 4059 1297 4111 διαδίδοσθαί
1324 4079 1439 4111 τινα
1473 4057 1523 4112 ἓν
1559 4064 1677 4120 ταῖς
1714 4065 1813 4110 τῶν
1850 4065 2151 4124 στρατηγῶν
2184 4064 2285 4111 τᾶν
2320 4058 2451 4110 πάνυ
2486 4058 2647 4119 θέαις,
2682 4058 2804 4116 πλὴν
2832 4052 2914 4101 ‘70'

567 4148 633 4209 τῇ
681 4139 858 4211 Φλύρᾳ
891 4142 1202 4205 τελουμένων
1234 4161 1277 4193 κ.
1298 4161 1346 4191 τ.
1369 4154 1445 4201 a„
1479 4160 1575 4208 quo
1612 4144 1715 4193 loco
1748 4146 2018 4209 praetorem
2050 4143 2135 4208 qui
2168 4144 2245 4193 ius
2278 4144 2395 4193 dicit
2428 4144 2557 4193 inter
2590 4142 2847 4210 peregrino·
2872 4131 2912 4178 Β*

567 4228 838 4293 praetorem
882 4223 1116 4276 urbanum
1160 4226 1504 4290 intellegendos
1549 4241 1672 4285 cese,
1710 4225 1970 4276 verisimile
2004 4226 2209 4276 videtur.
2244 4226 2303 4275 ct.
2343 4226 2571 4277 Momma.
2604 4228 2805 4277 Staaw.
2839 4211 2909 4266 11¹

565 4324 612 4375 p.
653 4309 749 4358 ise
785 4311 840 4357 A.
879 4310 924 4357 ⁶.

637 4390 694 4456 2)
727 4390 806 4439 Sic
838 4405 1023 4455 semper
1053 4404 1142 4455 pro
1169 4391 1386 4447 Σηιανοῦ.
