3150 5000
471 271 573 340 ,38
1477 297 1875 347 nunonows.

489 466 700 532 διότι
759 469 1072 549 χρήματα
1142 469 1380 550 οὐδαμῇ
1443 466 1585 538 τοὺς
1646 463 1869 537 αὐτούς
1932 469 2061 530 ἐστι
2125 467 2262 544 δρᾶν
2318 464 2603 549 ἔχοντας.
2674 465 2876 556 Apud

487 577 782 660 antiquos
839 580 904 641 et
964 576 1193 661 probos
1263 575 1599 658 scriptores
1660 570 1867 637 διότι
1934 593 2187 658 semper
2230 577 2295 639 et
2337 575 2576 660 ubique
2618 571 2877 663 signifi-

488 687 591 748 cat
637 687 954 766 propterea
1000 683 1176 768 quod.
1247 679 1378 746 Hic
1423 679 1677 746 litterae
1725 687 1813 744 ΔΙ
1864 679 2295 767 dittographia
2340 687 2525 747 natae
2568 682 2881 748 videntur

487 808 523 854 e
570 808 935 875 praegressa
979 787 1209 855 vocula
1255 795 1416 864 ιιΛΙ,
1467 785 1767 870 idemque
1810 784 2042 851 accidit
2087 784 2151 850 11
2196 782 2315 863 43,
2370 785 2413 851 2
2460 792 2525 853 et
2570 787 2666 854 IX
2706 787 2747 855 '7
2772 787 2831 854 B
2854 839 2873 866 ,

487 893 602 958 ubi
648 896 716 960 in
765 894 978 961 codice
1025 893 1331 960 Vaticano
1382 896 1551 958 recte
1598 894 1910 977 scriptum
1959 896 2055 957 est
2100 893 2205 957 καὶ
2244 886 2355 957 ὅτι.
2439 893 2709 961 Restant
2744 895 2879 962 loci

487 999 551 1066 II
609 1000 694 1066 50
754 1003 938 1080 init.,
1003 1002 1119 1066 ubi
1177 998 1499 1085 praecedit
1556 995 1886 1064 ἘλλαὶΔΛ
1940 1003 2005 1063 et
2049 996 2143 1064 VI
2192 997 2277 1066 75
2323 1020 2518 1085 prope
2563 999 2709 1078 fin„
2758 1003 2880 1066 ubi

485 1127 927 1195 praegressum
993 1115 1089 1174 est
1151 1106 1449 1184 λέγουΣΙ.
1537 1103 1769 1170 Nescio
1832 1105 2038 1192 igitur
2098 1125 2177 1171 an
2240 1104 2563 1173 Herodoto
2624 1128 2881 1194 quoque

489 1213 594 1278 hic
641 1202 794 1278 usus
840 1215 928 1278 sit
976 1211 1450 1278 abiudicandus.
1526 1209 1725 1276 Recte
1768 1210 1963 1276 habet
2008 1209 2153 1277 διότι
2204 1209 2299 1276 VI
2350 1210 2477 1277 105
2514 1213 2685 1280 med.
2720 1216 2881 1300 quia

483 1321 579 1385 ibi
623 1341 845 1387 revera
894 1319 1064 1385 valet
1111 1316 1188 1384 δι’
1240 1313 1330 1384 ὅτι
1383 1323 1458 1382 ut
1503 1317 1767 1384 fortasse
1812 1318 2049 1382 rectius
2094 1317 2295 1384 edidit
2336 1316 2535 1384 Stein.

578 1424 655 1490 In
696 1426 888 1491 huius
925 1427 1153 1510 capitis
1199 1425 1387 1490 initio
1431 1425 1546 1509 (α’)
1598 1425 1734 1488 sine
1781 1426 2203 1490 controversia
2248 1425 2694 1512 corrigendum
2739 1431 2875 1492 est:

491 1529 666 1610 ἔλεξέ
734 1541 852 1614 σφι
917 1532 1304 1612 Λευτυχίδης
1367 1529 1519 1596 τάδε
1549 1551 1564 1569 ·
1616 1528 1724 1594 Ὠ
1784 1531 2126 1615 Ἀθηναῖοι,
2174 1530 2411 1597 ποιέετε
2460 1531 2575 1608 μὶν
2620 1531 2877 1614 ὄκότερα

492 1638 792 1718 βούλεσθε
853 1639 1032 1705 αὐτοί
1056 1661 1072 1678 ·
1138 1638 1242 1702 καὶ
1308 1639 1435 1720 γὰρ
1502 1636 1892 1710 αποδιδόντες
1955 1639 2341 1715 ποιήσετε
2410 1639 2548 1724 (pro
2594 1638 2875 1715 ποιέετε,

492 1745 660 1831 quod
721 1745 1079 1831 corruptela
1137 1750 1362 1810 natum
1421 1765 1456 1809 e
1515 1763 1881 1830 praegresso
1940 1744 2347 1834 imperativo)
2396 1740 2535 1812 ὅσια
2557 1795 2575 1824 ,
2626 1745 2735 1812 καὶ
2783 1747 2874 1824 μὴ

493 1850 881 1923 ἀποδιδόντες
930 1852 1015 1918 τὰ
1064 1851 1311 1917 ἐναντία
1357 1851 1606 1916 τούτων.

587 2097 696 2163 VI.
763 2097 852 2163 94
912 2099 1056 2163 init.
1115 2097 1144 2162 ό
1194 2095 1256 2160 δὲ
1319 2095 1550 2176 Πέρσης
1600 2097 1667 2160 τὸ
1718 2095 1936 2160 ἑωυτοῦ
1987 2093 2182 2160 ἐποίεε
2232 2097 2365 2162 κτὲ.
2440 2093 2605 2177 Quia
2650 2095 2679 2160 ὃ
2726 2095 2878 2178 Πέρ-

500 2230 611 2279 σης
673 2211 768 2270 est
827 2225 938 2270 rex
999 2203 1336 2270 Persarum
1402 2201 1672 2280 Dar-ine,
1722 2223 1872 2268 mox
1918 2202 2086 2267 male
2133 2202 2413 2269 abundat
2455 2221 2689 2268 nomen
2735 2223 2878 2290 pro-

497 2315 711 2399 prium
771 2312 800 2376 ὅ
863 2320 1120 2390 Δαρεῖος
1183 2311 1250 2375 in
1310 2309 1521 2378 verbis
1585 2305 1727 2389 ἅμα
1791 2309 1856 2375 δὲ
1916 2308 2286 2389 βουλόμενος
2344 2307 2401 2397 [ό
2448 2310 2737 2396 Δαρεῖος]
2790 2347 2875 2360 --

504 2417 1048 2503 καταστρέφεσθαι
1097 2417 1228 2482 κτὲ.
2816 2415 2820 2420 ’

590 2664 697 2732 VI.
758 2664 845 2731 95
911 2663 1322 2742 ἐσβαλόμενοι
1386 2664 1450 2729 δὲ
1497 2663 1638 2735 τοὺς
1682 2659 1904 2734 ἵππους
1954 2663 2013 2737 ἐς
2064 2664 2342 2742 ταύτας,
2391 2665 2496 2730 καὶ
2544 2664 2647 2731 τὸν
2695 2665 2879 2748 πεζὸν

494 2774 714 2853 ςρατὸν
777 2771 1240 2849 ἐσβιβάσαντες
1305 2770 1397 2853 [ἐς
1445 2768 1565 2840 τας
1615 2767 1784 2853 νέας]
1834 2765 2065 2833 ἔπλωον
2112 2770 2457 2854 ἑξακοσίῃσι
2506 2772 2765 2853 τριήρεσι
2814 2774 2874 2845 ές

491 2880 600 2953 τήν
653 2876 903 2943 Ἰωνίαν.
973 2875 1186 2941 Verba
1241 2877 1302 2949 ἐς
1345 2876 1464 2946 τὰς
1506 2874 1643 2947 νέας
1688 2875 1831 2939 boni
1872 2874 2023 2940 libri
2068 2875 2144 2941 B·
2175 2876 2235 2941 R,
2276 2878 2627 2963 omittunt,
2666 2882 2878 2947 nescio

493 3005 572 3050 an
618 2988 802 3049 recte.
893 2982 1060 3048 Nam
1110 3003 1254 3047 cum
1308 2984 1367 3054 ἐς
1418 2981 1662 3052 ταύτας
1712 2982 2021 3046 referatur
2066 2982 2145 3047 ad
2185 2984 2253 3047 αί
2294 2984 2661 3062 ἱππαγωγοὶ
2706 2985 2875 3057 νέες

494 3092 562 3156 in
623 3090 1008 3175 praegressis
1028 3137 1045 3172 ,
1098 3090 1156 3152 si
1199 3088 1467 3172 scriptor
1513 3089 1939 3153 necessarium
1987 3088 2271 3155 duxisset
2316 3087 2565 3175 aliquid
2612 3090 2838 3157 addere
2856 3138 2873 3169 ,

497 3196 879 3277 addidisset,
946 3196 1194 3278 opinor,
1263 3193 1324 3263 ἐς
1387 3192 1506 3262 τὰς
1555 3192 1849 3274 τριήρεας.
1925 3191 2355 3265 Veruntamen
2401 3198 2551 3281 quia
2595 3198 2735 3281 ipsa
2777 3217 2875 3261 res

493 3300 870 3386 loquebatur
887 3347 903 3377 ,
968 3318 1091 3363 non
1155 3301 1224 3363 in
1287 3298 1664 3384 hippagines
1718 3299 2075 3383 pedestrem
2121 3304 2471 3367 exercitum
2518 3305 2874 3369 coniectum

495 3427 629 3473 esse
690 3412 755 3474 et
819 3405 1242 3490 sequebantur
1307 3403 1502 3469 verba
1564 3402 1797 3469 ἔπλωον
1858 3405 2201 3489 ἑξακοσίῃσι
2226 3456 2241 3483 ,
2307 3408 2385 3472 de
2446 3407 2760 3477 industria
2803 3426 2875 3473 ea

495 3514 734 3579 omisit.

588 3758 705 3825 Vl.
776 3755 897 3835 97,
955 3755 998 3821 2
1052 3755 1112 3821 ἐν
1158 3765 1235 3837 τῇ
1285 3754 1450 3839 χώρῃ
1497 3757 1549 3821 οί
1599 3754 1699 3821 δύο
1746 3756 1860 3821 θεοὶ
1910 3756 2223 3835 ἐγένοντο,
2272 3756 2509 3832 ταύτην
2554 3758 2743 3837 μηδὲν
2786 3760 2874 3825 σί-

493 3867 701 3933 νεσθαι
743 3865 906 3944 μήτε
957 3863 1150 3937 αὐτὴν
1198 3862 1340 3935 τὴν
1387 3862 1649 3943 χώρην
1698 3865 1859 3939 μήτε
1906 3864 2045 3935 τοὺς
2092 3865 2406 3945 οἰκήτορας
2446 3866 2723 3940 αὐτῆς.
2771 3865 2873 3933 Sic

498 3972 583 4039 IV
653 3970 784 4037 184
847 3970 1070 4041 αὐτούς
1130 3992 1202 4033 τε
1247 3969 1386 4043 τοὺς
1439 3970 1776 4048 ἀνθρώπους
1831 3969 1933 4035 καὶ
1983 3972 2091 4045 τὴν
2138 3972 2339 4051 χώρην
2386 3972 2587 4037 αὐτῶν
2633 3978 2697 4039 et
2743 3970 2873 4039 VII

501 4080 579 4145 ll
641 4084 799 4143 extr.
851 4075 1029 4141 αὐτοί
1074 4099 1146 4140 τε
1191 4072 1477 4155 ὥνθρωποι
1526 4076 1633 4141 καὶ
1686 4078 1720 4151 ή
1767 4084 1855 4153 γῆ
1905 4080 2121 4142 αὐτῶν.
2176 4114 2259 4127 —-
2310 4075 2613 4143 Ceterum
2660 4099 2740 4145 ex
2782 4081 2871 4144 in-

499 4186 838 4269 scriptione
889 4181 1150 4248 Deliaca
1195 4184 1262 4246 in
1312 4182 1641 4259 „Bulletin
1690 4181 1767 4247 de
1818 4203 1973 4248 corr.
2024 4182 2237 4249 Hell.”
2283 4182 2372 4249 VI
2422 4183 2595 4249 1-3
2639 4206 2703 4271 p.
2748 4183 2871 4251 152

495 4303 754 4375 apparet
805 4288 1104 4355 Datidem
1165 4309 1290 4354 non
1356 4294 1610 4354 tantum
1672 4287 1913 4373 templo
1976 4287 2231 4355 Deliaco
2306 4293 2688 4375 pepercisse,
2766 4290 2872 4355 sed

489 4398 682 4463 etiam
725 4394 1047 4461 dedicasse
1087 4395 1180 4460 ibi
1221 4394 1498 4461 donaria.
1549 4393 1856 4461 Recenset
1894 4397 2069 4461 enim
2108 4398 2163 4463 is
2190 4396 2423 4463 titulus
2451 4396 2618 4463 inter
2646 4396 2871 4484 templi
