3150 5000
538 253 670 319 216
1569 269 1913 333 mensus.-

625 436 774 523 Gap.
829 435 886 501 6.
938 437 1044 501 καὶ
1087 437 1247 518 ῥοθίῳ
1295 439 1376 517 τῶ
1431 443 1544 502 τῶν
1594 438 1897 518 ε’λατῆρων
1942 439 2157 516 μετὰ
2204 440 2413 518 μικρὸν
2463 439 2591 504 ἀπὸ
2642 443 2751 512 τῆς
2802 446 2925 515 γῆς

533 543 949 624 ἀναχθέντες,
1017 544 1222 618 ἐπειδὴ
1284 543 1516 620 μάλα
1579 546 1713 610 καὶ
1780 545 2043 610 κατόπιν
2092 548 2261 622 ἡμᾶς
2312 545 2662 620 ἑποίμαινον
2716 539 2925 622 αὖραι.

533 652 704 718 Dum
770 651 1093 717 recondita
1149 670 1494 730 venamur,
1562 654 1844 717 maxime
1906 653 2097 718 obvia
2156 651 2483 718 interdum
2542 650 2763 716 fallere
2810 670 2925 717 nos

535 759 772 836 solent3
840 764 914 823 ut
973 779 1036 824 v.
1086 779 1136 822 c.
1203 757 1371 822 hunc
1419 757 1631 823 locum
1682 765 1748 823 et
1792 779 1911 846 ego
1958 764 2023 824 et
2070 759 2390 824 innumeri
2439 765 2587 823 ante
2633 777 2740 823 me
2788 777 2925 822 sae·

534 867 796 951 pissime
858 864 1206 951 relegimus
1270 884 1472 948 neque
1523 871 1737 932 tamen
1784 865 2263 930 observavimus
2284 915 2301 950 ,
2351 865 2519 950 quod
2567 862 2767 929 semel
2814 864 2921 928 ob·

533 979 859 1038 servatum
923 970 1026 1034 καὶ
1086 971 1306 1050 τυφλῷ
1353 971 1568 1046 δῆλον,
1621 973 1687 1035 in
1735 971 2005 1036 absurdo
2052 996 2101 1047 μ
2128 970 2295 1035 ὥλα
2344 971 2477 1035 καὶ
2528 967 2695 1034 nihil
2742 967 2919 1035 aliud

535 1078 731 1144 latere
799 1097 994 1163 quam
1064 1101 1174 1154 μα
1193 1091 1232 1141 λ
1252 1101 1294 1139 α
1313 1077 1465 1142 καί.
1536 1075 1888 1154 Similiter,
1960 1098 2106 1142 cum
2178 1077 2526 1144 sexcenties
2594 1075 2921 1158 Niqn'mm

537 1205 792 1250 summa
851 1205 1012 1252 cum.
1057 1205 1207 1248 cura
1252 1183 1702 1270 perlegissem,
1750 1205 1951 1270 nuper
1996 1184 2260 1250 demum
2308 1205 2412 1249 me
2460 1183 2739 1250 advertit
2786 1185 2915 1249 iam

523 1292 728 1375 prima
774 1289 1015 1377 dialogi
1061 1291 1235 1354 verba
1283 1290 1442 1358 vitio
1490 1292 1889 1376 apertissimo
1929 1289 2215 1356 laborare
2230 1311 2247 1368 ;
2286 1291 2573 1354 soloen-um
2612 1290 2783 1354 enim
2824 1293 2919 1352 est

423 1438 430 1452 ·
535 1397 700 1483 quod
749 1397 986 1462 editur:
1026 1396 1108 1461 οὖ
1157 1395 1352 1461 τοίνυν
1399 1395 1813 1476 προσβλέπειν
1861 1398 2028 1474 ἡμᾶς
2078 1393 2167 1460 ἔτι
2216 1393 2408 1471 ὥξιοῒς
2460 1395 2545 1460 οὗ
2560 1393 2615 1459 θ’
2664 1393 2913 1470 ὁμιλίας

535 1503 878 1582 μεταδίδως
949 1501 1030 1567 οὔ
1046 1527 1129 1567 τε
1179 1509 1469 1573 κοινωνεῖς
1519 1509 1635 1568 τῶν
1682 1503 1897 1579 ὁμοίων
1942 1499 2183 1580 Adoro-1⁹3
2233 1523 2385 1568 nam
2433 1507 2549 1567 aut
2596 1499 2683 1566 οὔ
2698 1524 2782 1564 τε
2832 1536 2911 1550 -

535 1609 721 1676 οὔτε
783 1611 906 1675 sibi
968 1610 1384 1695 respondeant
1441 1629 1692 1676 necesse
1753 1614 1849 1675 est
1912 1613 2024 1674 aut
2082 1611 2163 1674 οὖ
2213 1646 2289 1658 -
2347 1609 2510 1674 οὐδὲ
2562 1645 2649 1657 -
2698 1606 2877 1674 οὐδέ
2894 1658 2913 1681 ,

534 1721 608 1780 ut
675 1714 855 1780 nulla
923 1737 1044 1781 non
1119 1717 1354 1803 pagina
1415 1716 1615 1781 docet.
1686 1714 1759 1780 In
1814 1719 2026 1782 nostro
2088 1713 2225 1781 loco
2290 1721 2612 1801 praeterea
2652 1713 2913 1780 malim:

535 1823 749 1886 κατὰ
800 1821 1117 1901 μικρόν,
1163 1823 1506 1904 paullatim.

625 1926 778 2014 Cap.
828 1925 893 1992 8.
953 1925 1395 2013 Supplendum
1455 1928 1751 1992 videtur:
1802 1927 1932 1992 ἔστι
1982 1929 2109 2022 γαρ
2156 1927 2337 2001 ὅντως
2389 1932 2422 2006 ἢ
2474 1927 2653 2002 πόλις
2703 1928 2913 1994 Ἡλίου

537 2032 784 2120 (ἀξία)
836 2033 1059 2114 πρέπον
1107 2033 1342 2113 ἔχουσα
1389 2035 1473 2112 τῷ
1521 2035 1629 2114 θεῷ
1677 2034 1744 2098 τὸ
1794 2035 2049 2107 κάλλος.
2098 2035 2257 2100 Mox
2302 2035 2441 2102 dele
2475 2039 2914 2121 importunam

535 2139 829 2226 copulam
900 2143 967 2205 in
1039 2140 1140 2205 δύο
1209 2141 1242 2216 ἢ
1314 2140 1452 2204 καὶ
1521 2149 1679 2219 τρεῖς
1750 2139 2354 2220 προσερρύησαν
2426 2148 2491 2208 et
2554 2162 2683 2207 una
2729 2161 2917 2227 opera

535 2247 836 2312 emenda:
901 2240 1643 2327 προσερρυῆκεσαν,
1690 2266 1841 2311 nam
1890 2248 2263 2327 περιηγηταί
2309 2247 2412 2313 illi
2461 2253 2592 2313 iam
2640 2247 2719 2313 ad
2768 2269 2915 2313 eum

534 2360 916 2417 uocauerant.

625 2451 778 2544 Gap.
829 2457 889 2524 9.
940 2457 1252 2548 Expunge
1300 2483 1429 2535 μοι
1479 2464 1621 2546 post
1666 2459 2239 2541 διανοουμένῳ,
2289 2482 2366 2528 ex
2412 2460 2732 2536 ἀπήντησέ
2780 2483 2913 2537 μοι

532 2568 872 2651 repetitum
924 2580 990 2632 et
1035 2567 1270 2632 scribe:
1318 2567 1386 2630 τὸ
1435 2564 1670 2641 ἥδιστον
1722 2566 1917 2651 (τῶν)
1964 2566 2063 2630 ἐπὶ
2112 2564 2282 2643 ξένης
2332 2566 2573 2653 (κερδῶν
2624 2567 2810 2652 soih).

623 2669 772 2757 Gap.
829 2671 934 2736 12.
982 2668 1049 2747 ἦν
1095 2672 1146 2737 δ’
1195 2672 1310 2739 ὑπὸ
1361 2680 1502 2745 ταῖς
1549 2668 1721 2750 ἄγαν
1764 2673 2141 2745 παλινσκίοις
2184 2669 2363 2745 ὕλαις
2415 2673 2703 2754 ἱλαραὶ
2754 2686 2917 2737 κλι·

534 2779 738 2857 σιαί,
805 2779 888 2851 εἰς
937 2775 980 2843 ἃ
1031 2786 1147 2843 τῶν
1191 2779 1304 2857 μὲν
1353 2780 1619 2843 ἀστικῶν
1668 2779 2031 2851 σπανίως
2082 2778 2423 2860 ἐπεφοίτων
2468 2780 2661 2858 τινές,
2709 2778 2915 2859 ἀθρόος

533 2886 586 2950 δ’
636 2885 662 2949 ὅ
711 2885 1135 2957 πολιτικὸς
1175 2884 1362 2967 ὄχλος
1405 2885 1870 2965 ε’πανηγύριζεν.
1918 2884 2045 2951 Hic
2083 2888 2292 2953 nescio
2328 2887 2484 2971 quid
2528 2886 2605 2953 de
2640 2908 2923 2967 ,qo-uerum

531 2992 786 3077 quadam
826 2992 1098 3073 maccaqe
1133 2994 1455 3057 somniant
1477 2992 1733 3077 quidam
1760 2994 2164 3077 interpretes,
2193 3013 2316 3078 qua
2341 2994 2570 3059 armati
2596 2990 2921 3059 soloeeum

529 3096 695 3162 illud
741 3097 849 3169 εἰς
900 3088 943 3161 ἃ.
989 3096 1322 3163 defendere
1366 3097 1647 3162 student.
1696 3094 2071 3182 Simplicius
2116 3106 2181 3163 et
2221 3101 2438 3165 verius
2472 3101 2627 3164 erit:
2677 3096 2923 3181 ἱλαροὶ

533 3202 748 3268 κλισί
762 3227 806 3267 α
868 3222 1182 3289 reponere.
1253 3202 1588 3269 Praeterea
1650 3204 1957 3267 σπάνιοι
2005 3206 2354 3317 requiritur
2398 3224 2510 3289 pro
2557 3204 2921 3282 σπανίως,

532 3310 700 3396 quod
769 3308 875 3375 vel
944 3311 1305 3395 oppositum
1367 3309 1541 3389 &apd
1553 3333 1627 3381 ος
1689 3310 1908 3376 dooere
1977 3316 2241 3395 poterat.
2318 3309 2605 3376 Tertium
2684 3316 2923 3393 restat,

532 3416 699 3503 quod
748 3418 943 3482 etiam
990 3418 1205 3481 minus
1251 3422 1345 3482 est
1390 3416 1757 3494 ferendum;
1807 3434 1957 3482 nam
2007 3437 2168 3503 quae
2187 3467 2204 3502 ,
2254 3418 2545 3501 obsecre,
2594 3418 2746 3483 haec
2786 3418 2921 3483 mi-

531 3521 709 3589 rifica
753 3528 850 3589 est
895 3525 1206 3610 oppositio
1255 3525 1422 3589 inter
1467 3523 1854 3589 πολιτικά
1870 3550 1899 3596 ς
1950 3529 2014 3590 et
2053 3520 2434 3597 ὥστικόςῖ
2481 3520 2739 3588 ‘omnia
2784 3524 2919 3589 iam

531 3628 722 3707 fient',
771 3632 826 3695 si
873 3630 1119 3695 Ξσοδύν
1140 3652 1300 3707 αμα
1348 3631 1414 3694 in
1465 3630 1771 3694 contraria
1808 3637 2066 3716 repente
2102 3634 2456 3696 mutantur.
2502 3628 2799 3717 Cogitavi
2842 3630 2925 3697 de

532 3733 964 3816 χωριτικός,
1012 3736 1297 3811 rusticus,
1357 3743 1431 3800 ut
1478 3736 1645 3822 apud
1693 3734 1871 3801 Plut.
1922 3734 2146 3802 Pericl.
2200 3733 2275 3802 O.
2326 3734 2451 3801 34:
2500 3738 2923 3819 χωριτικόν

533 3843 760 3915 πλῆθος
811 3846 874 3907 et
921 3841 1081 3907 Xen.
1132 3840 1282 3928 Cyr.
1332 3840 1438 3907 IV.
1491 3842 1550 3907 5.
1604 3840 1726 3909 54:
1778 3845 1958 3919 ἡμεῖς
2004 3843 2109 3907 οὐκ
2158 3842 2218 3907 έν
2257 3841 2451 3926 χλιδῇ
2494 3842 2922 3924 τεθράμμεθα,

534 3948 712 4014 ἄλλα
759 3954 1200 4028 χωριτικῶς.

626 4053 780 4139 Cap.
835 4052 936 4119 13.
1001 4056 1035 4130 ἦ
1085 4054 1198 4131 μὲν
1246 4050 1340 4121 οὖν
1391 4053 1518 4127 θεὸς
1565 4054 1627 4121 ἐν
1672 4054 1839 4135 μέσῳ
1888 4053 2239 4135 καθίδρυται
2294 4092 2375 4105 -—
2426 4056 2665 4135 Παρίας
2712 4056 2774 4121 δὲ
2822 4056 2927 4122 λί-

533 4167 633 4229 θου
695 4160 1022 4237 δαίδαλμα
1084 4160 1416 4226 κάλλιστον
1467 4198 1551 4210 -
1605 4162 1991 4245 ὑπερήφανον
2048 4162 2153 4226 καὶ
2202 4162 2482 4243 σεσηρότι
2530 4162 2760 4240 γέλωτι
2812 4188 2925 4239 μι-

532 4270 668 4353 κρὸν
705 4266 1134 4347 ὑπομειδιῶσα.
1185 4266 1291 4334 Sic
1325 4267 1366 4333 J
1369 4268 1644 4335 acobitio
1683 4268 1835 4335 haec
1874 4268 2159 4337 dividere
2182 4268 2450 4357 placuit.
2502 4268 2671 4349 Quid
2696 4273 2919 4336 tamen

532 4380 618 4445 sit
673 4375 1147 4459 ὑπερήφανον
1210 4376 1470 4455 μικρὸν
1534 4376 2017 4460 ὑπομειδιῶν,
2084 4376 2207 4442 nisi
2270 4377 2477 4442 inanis
2546 4372 2923 4453 πάταγος
