3150 5000
535 263 669 330 208
1567 278 1887 328 nonnus.

626 459 682 514 n
733 445 900 512 509:
943 445 1143 524 ὦρίνθη
1185 443 1249 510 δέ
1287 467 1366 509 τοι
1410 439 1546 522 ἦτορ
1591 439 1628 507 3
1666 446 1853 516 <r’>
1898 445 1963 509 οὐ
2008 442 2232 510 δύνατο
2270 449 2685 526 προσαμῦναι.
2712 443 2925 531 Vulgo

535 553 572 622 3
613 581 692 620 τ.
765 552 1140 620 Conieratur
1187 563 1227 616 B
1279 549 1432 616 238.

625 671 677 727 Τ
729 658 896 725 466:
946 659 1188 736 νήπιος,
1256 656 1390 722 οὐδὲ
1455 655 1526 720 τὸ
1592 655 1759 721 rel&
1822 652 1860 721 3
1918 656 2035 738 <r’
2039 669 2109 734 >
2176 658 2242 723 οὐ
2292 656 2612 724 πείσεσθαι
2668 654 2924 734 ἔμελλε.

533 767 703 834 Item
749 764 886 831 loco
931 762 1236 851 parallelo
1282 787 1328 840 γ
1383 760 1534 826 146.

627 881 678 938 Φ
729 872 896 937 490:
946 868 1215 951 δεξιτερῇ
1263 867 1326 934 δέ
1376 869 1492 946 <ι·’
1499 877 1566 944 >
1615 869 1732 932 ἀπ’
1768 868 1944 946 ὤμων
1986 867 2193 936 αἴνυτο
2232 869 2409 949 τόξα.
2451 867 2664 958 Vulgo
2703 868 2761 933 δ’
2808 867 2901 950 ἄρ’
2906 914 2921 933 .

623 1003 653 1044 ο
702 977 868 1044 47οι
919 977 1120 1051 αὐτὰρ
1169 975 1290 1052 ἐγώ
1345 971 1461 1053 <r’
1471 989 1534 1052 >
1588 973 1822 1050 ἑπόμην
1869 975 2361 1057 ἀεσιφροσύνῃσι.

621 1110 650 1166 ρ
701 1082 868 1151 568:
919 1083 1058 1148 οὔτε
1107 1105 1167 1146 τι
1214 1079 1603 1160 Τηλέμαχος
1654 1080 1724 1145 τό
1770 1080 1989 1160 <μ’>
2032 1065 2361 1164 ἕπηρκεσεν
2402 1082 2540 1148 οὕτε
2580 1106 2675 1152 τις
2702 1079 2921 1150 ἄλλος.

531 1192 753 1280 Vulgo
816 1187 888 1255 τό
949 1188 1020 1268 γ’
1067 1187 1173 1254 vel
1219 1187 1365 1252 τόδ’.
1448 1185 1730 1252 Verbum
1796 1188 2083 1268 ἐπαρκεῖν
2142 1189 2393 1256 nonnisi
2454 1189 2571 1254 hoc
2616 1209 2818 1254 versu
2864 1193 2924 1252 et

532 1310 576 1364 Β
627 1295 760 1362 873
803 1296 1071 1382 legitur;
1120 1292 1318 1358 altero
1365 1313 1613 1377 quoque
1662 1292 1777 1358 illo
1824 1293 1963 1360 loco
2008 1295 2266 1360 additur
2302 1294 2559 1360 dativus
2596 1313 2921 1380 personae.

623 1428 666 1468 ω
714 1401 848 1469 200
893 1421 1090 1486 paene
1133 1403 1214 1465 iis
1267 1401 1556 1465 versibus
1599 1406 1806 1484 potest
1846 1405 2251 1467 annumerari
2294 1405 2361 1466 in
2402 1401 2633 1486 quibus
2674 1407 2919 1466 certum

533 1516 708 1580 extat
741 1510 1185 1576 testimonium
1229 1507 1430 1571 dativi
1453 1528 1532 1568 roe
1564 1505 1723 1569 elisi.
1772 1503 2123 1572 Contextus
2145 1507 2440 1573 afferatur
2464 1505 2919 1594 (196—202):

1349 1611 1433 1691 τῷ
1480 1609 1556 1676 τοι
1605 1611 1781 1682 κλέος
1828 1611 1900 1676 οὔ
1947 1615 2083 1676 ποτ’
2130 1614 2368 1679 ὀλεῖται

888 1725 987 1794 τῆς
1034 1721 1293 1802 ἀρετῆς,
1344 1717 1621 1793 τεύξουσι
1668 1719 1719 1782 δ’
1769 1718 2193 1798 ἐπιχθονίοισιν
2242 1720 2447 1795 ἀοιδὴν

891 1824 1183 1891 ἀθάνατοι
1232 1825 1581 1905 χαρίεσσαν
1632 1821 1916 1904 ἐχέφρονι
1968 1824 2385 1906 Πηνελοπείῃ,

891 1935 1011 2012 οὐχ
1065 1935 1142 2004 ὡς
1191 1927 1514 2009 Τυνδαρέω
1562 1929 1738 2009 κούρη
1789 1930 1961 1996 κακὰ
2008 1933 2257 2008 μήσατο
2306 1929 2525 2012 ripn,

890 2037 1172 2119 κουρίδιον
1228 2037 1530 2101 κτείνασα
1579 2035 1791 2114 πόσιν,
1842 2039 2111 2117 στυγερὴ
2162 2037 2227 2103 δέ
2279 2037 2470 2116 <r’>
2520 2036 2691 2110 ἀοιδὴ

893 2143 1096 2210 ἔσσετ’
1146 2143 1243 2208 ἐπ’
1291 2143 1665 2222 ἀνθρώπους,
1716 2146 2016 2224 χαλεπην
2063 2142 2127 2208 δέ
2174 2168 2246 2207 τε
2293 2149 2495 2223 Φημιν
2538 2141 2785 2207 ὄπασσε

889 2250 1239 2331 θηλυτέρῃσι
1288 2248 1574 2329 γυναιξί,
1623 2249 1727 2314 καὶ
1779 2277 1813 2326 η
1862 2250 1921 2314 κ’
1968 2249 2243 2331 ἐῦνεργὸς
2292 2247 2440 2330 ἔῃσι.

528 2359 836 2425 Videmus
887 2357 1012 2423 sibi
1059 2357 1378 2441 oppositos
1425 2375 1558 2420 esse
1607 2356 1855 2421 dativos
1901 2355 2283 2437 Πηνελοπείῃ
2330 2362 2395 2420 et
2437 2353 2487 2419 'r'
2534 2355 2680 2442 (οι);
2730 2317 2919 2420 deme

527 2464 798 2533 alterum
846 2469 910 2530 et
953 2463 1120 2550 perit
1165 2461 1289 2527 loci
1332 2463 1743 2528 concinnitas.
1793 2458 2054 2527 Codices
2092 2462 2155 2527 δέ
2197 2459 2259 2527 τ’
2304 2463 2643 2541 exhibent,
2685 2461 2920 2527 Eusta-

525 2573 702 2639 thius
762 2592 911 2637 vero
973 2572 1032 2635 τ’
1098 2571 1361 2635 omittit.
1445 2567 1522 2633 In
1584 2570 1822 2634 vicinia
1880 2570 2117 2635 iterum
2180 2593 2256 2635 roe
2321 2568 2552 2636 elisum
2600 2572 2916 2645 occurrit,

524 2700 617 2746 vs.
659 2676 828 2744 208.
869 2675 1008 2743 ἔνθα
1053 2700 1080 2741 r
1152 2674 1245 2739 ἓεν
1292 2682 1514 2752 εοῖκος,
1565 2674 1642 2739 de
1690 2694 1813 2758 quo
1852 2674 1989 2739 loco
2028 2674 2193 2740 infra
2232 2676 2407 2761 (pag.
2434 2674 2594 2763 212)
2642 2675 2917 2741 dicetur.

615 2812 657 2850 ω
729 2782 889 2848 5202
958 2779 1034 2853 ὦς
1099 2781 1311 2865 <Deir-o,
1375 2780 1483 2844 καί
1550 2783 1660 2849 <r
1672 2792 1732 2851 >
1799 2778 2103 2857 ἔμπνευσε
2165 2780 2344 2859 μένος
2408 2782 2588 2859 μέγα
2635 2783 2913 2855 Παλλας

522 2890 764 2967 Ἀθηνη.
835 2888 1018 2954 Libri
1063 2888 1133 2967 ῥ’.

607 3229 862 3297 Tertius
921 3227 1250 3315 catalogus
1318 3228 1751 3293 instituendus
1820 3234 1915 3295 est
1985 3228 2270 3296 locorum
2346 3230 2581 3314 quibus
2653 3230 2915 3301 dativus

516 3336 908 3424 pronominis
942 3354 1080 3410 μοι,
1123 3357 1256 3411 σοι,
1293 3357 1370 3399 τοι
1393 3384 1410 3407 ,
1449 3354 1561 3419 per
1584 3332 1911 3401 elisionem
1938 3336 2450 3421 pronunciandus
2469 3383 2487 3412 ,
2514 3338 2915 3423 corruptelae

514 3446 733 3511 extitit
779 3462 986 3507 causa.
1048 3440 1226 3505 Haec
1273 3442 1444 3505 enim
1494 3438 1676 3505 elisio
1724 3447 1798 3505 ut
1846 3442 2232 3519 evitaretur,
2273 3442 2445 3507 haud
2488 3462 2631 3509 raro
2670 3445 2911 3510 eiectae

514 3558 664 3617 sunt
710 3568 893 3615 voces
938 3552 1050 3611 aut
1095 3546 1490 3619 decurtatae,
1540 3553 1614 3610 ut
1662 3566 1855 3631 supra
1900 3555 2160 3613 conatus
2206 3570 2349 3613 sum
2388 3548 2753 3629 ostender03
2796 3550 2907 3617 sed

516 3658 765 3743 saepius
812 3654 1003 3718 etiam
1055 3657 1278 3736 poetae
1323 3652 1519 3718 verba
1563 3650 1692 3718 alio
1742 3653 1955 3720 ordine
1995 3654 2300 3739 disposita
2338 3663 2508 3721 sunt.
2550 3654 2907 3723 Verborum

517 3766 730 3826 autem
789 3758 1204 3823 literarumve
1266 3756 1552 3822 ordinem
1617 3758 1723 3823 hic
1783 3758 1921 3825 illic
1986 3761 2430 3844 perturbatum
2488 3782 2625 3829 esse
2670 3765 2739 3827 in
2788 3764 2909 3829 hoc

517 3867 850 3949 scriptore,
893 3870 968 3927 ut
1003 3866 1072 3926 in
1111 3860 1236 3926 alio
1278 3861 1597 3946 quolibet,
1636 3866 1791 3929 satis
1832 3870 2077 3930 constat
2116 3887 2319 3951 neque
2359 3868 2725 3933 mirandum
2771 3880 2906 3954 est3

517 3976 582 4035 et
622 3968 816 4032 multi
853 3988 1070 4033 versus
1109 3987 1146 4031 a
1185 3969 1341 4033 viris
1380 3967 1582 4034 doctis
1606 3970 1814 4034 sanati
1837 3976 1987 4035 sunt
2012 3971 2471 4039 vocabulorum
2500 3976 2906 4053 traiectione,

417 4078 422 4083 “
518 4094 677 4160 quae
733 4073 1028 4157 inprimis
1087 4072 1310 4139 literae
1371 4072 1644 4139 aeolicae
1700 4075 1859 4141 solet
1898 4096 2033 4142 esse
2071 4076 2423 4145 salutifera.
2464 4078 2607 4145 Hoc
2654 4100 2907 4166 quoque

507 4180 652 4253 ,loco
693 4178 882 4244 liceat
928 4180 1052 4242 tria
1097 4178 1390 4262 exempla
1435 4180 1708 4264 proferre
1727 4226 1745 4256 ,
1802 4183 2085 4247 nondum
2134 4184 2299 4267 quod
2352 4187 2550 4249 sciam
2598 4185 2905 4251 indicata.

607 4284 777 4350 Satis
837 4282 1135 4347 festivum
1200 4291 1295 4348 est
1356 4284 1524 4369 quod
1586 4287 1822 4353 eruisse
1882 4288 2049 4353 mihi
2096 4288 2313 4355 videor
2362 4300 2411 4355 x
2464 4288 2615 4354 322.
2690 4290 2911 4357 Meras

519 4390 807 4458 tenebras
853 4386 967 4452 illo
1011 4386 1148 4453 loco
1187 4394 1400 4455 textus
1438 4397 1727 4479 receptus
1770 4392 2135 4479 legentibus
2172 4394 2370 4460 offert.
2424 4395 2707 4463 Achilles
2744 4398 2904 4465 dum
