3150 5000
494 1290 608 1366 DE
661 1290 1252 1367 PRONOMINUM
1310 1290 1927 1368 PERSONALIUM
1984 1290 2305 1367 FORMIS
2362 1292 2876 1371 HOMERIGIS.

1530 1507 1812 1557 SORIPSI'I'

1229 1696 1290 1763 J.
1339 1696 1515 1763 VAN
1561 1694 1985 1763 LEEUWEN
2031 1696 2139 1766 JR.

967 1918 1438 2007 (minuantur
1483 1940 1556 1982 ex
1604 1916 1760 1981 Tom-
1806 1914 1982 1982 XIII.
2017 1942 2163 2002 paq.
2212 1917 2394 2005 221.)

1541 2218 1857 2249 ...Φ-

801 2460 882 2529 ΙΙ.
944 2479 1029 2530 nn
1072 2478 1492 2532 rnonomtm
1536 2478 1985 2533 russonum
2028 2480 2288 2530 numo
2336 2480 2551 2531 num.

946 2617 983 2702 ξ
1033 2616 1092 2683 l.
1162 2615 1259 2682 De
1302 2617 1658 2682 nominativi
1704 2625 1761 2682 et
1806 2619 2133 2684 aemacivi
2160 2618 2413 2704 formis.

581 2786 799 2869 Quum
863 2787 1172 2852 hactenus
1232 2788 1340 2853 via
1403 2789 1555 2852 trita
1616 2787 1798 2852 nobis
1858 2785 2155 2873 progredi
2215 2785 2471 2853 licuerit
2488 2833 2505 2866 ‚
2564 2788 2701 2853 iam
2767 2787 2877 2855 ali·

489 2894 644 2979 quid
683 2895 835 2962 novi
873 2899 970 2960 est
1012 2893 1399 2959 audendum.
1469 2892 1717 2978 Nempe
1762 2896 1829 2958 in
1876 2912 2024 2958 casu
2070 2897 2461 2970 accusative,
2509 2898 2586 2958 ut
2636 2895 2722 2960 ab
2760 2895 2878 2960 hoe

491 3001 736 3080 ordiar,
782 3005 1070 3067 vetustas
1117 2999 1354 3065 formas
1402 2998 1612 3065 dualis
1656 2985 1911 3065 numeri
1956 3000 2123 3086 apud
2174 2997 2529 3065 Homerum
2575 3000 2695 3067 has
2747 3023 2881 3068 esse

491 3105 834 3172 contendo:

583 3214 827 3299 primae
870 3231 1169 3298 personae
1217 3210 1472 3291 ἄμμε,

581 3317 890 3385 secundae
933 3337 1232 3404 personae
1279 3317 1318 3384 ὕ
1328 3342 1381 3397 μ
1396 3342 1447 3397 μ
1466 3343 1493 3383 ε
1509 3365 1526 3396 ,

581 3427 806 3492 tertiae
850 3445 1150 3510 personae
1193 3449 1232 3490 o·
1247 3432 1302 3507 φ
1320 3449 1372 3492 ε.
2417 3491 2427 3500 ,

491 3532 666 3615 Quae
711 3531 950 3598 formae
998 3531 1078 3598 ad
1126 3530 1441 3617 pluralem
1489 3552 1829 3597 numerum
1869 3532 2089 3598 referri
2126 3531 2330 3598 solent
2348 3578 2364 3610 ,
2403 3553 2631 3619 parum
2654 3537 2883 3600 tamen

487 3645 672 3705 reete.
745 3639 966 3724 Neque
1027 3640 1200 3704 enim
1264 3641 1632 3705 terminatio
1695 3663 1760 3703 -ε
1820 3641 1887 3704 in
1936 3636 2207 3710 aliorum
2254 3640 2586 3704 nominum
2634 3641 2882 3725 plurali

488 3765 752 3811 numero
796 3747 1145 3831 reperitur,
1192 3765 1340 3810 cum
1391 3744 1566 3810 duali
1614 3748 1701 3812 sit
1747 3747 1997 3831 propria
2015 3792 2031 3823 ,
2070 3765 2274 3830 neque
2309 3744 2657 3812 formarum
2682 3744 2876 3825 ἄμμε

490 3851 662 3931 ὔμμε
726 3859 854 3933 σφε
915 3858 1196 3939 potestas
1257 3852 1382 3917 fuit
1427 3875 1532 3918 nos
1577 3875 1681 3920 vos
1728 3875 1856 3936 eos,
1908 3851 2015 3918 sed
2062 3875 2168 3916 nos
2217 3853 2447 3936 ambos,
2498 3875 2595 3918 vos
2640 3855 2881 3939 ambos,

488 3983 582 4026 eos
627 3961 840 4025 ambos.
913 3957 1099 4025 Claro
1160 3958 1228 4025 id
1282 3959 1611 4045 apparebit
1656 3961 1714 4025 si
1763 3959 2108 4025 referamus
2153 3956 2323 4024 looos
2370 3959 2483 4024 ubi
2529 3958 2878 4046 leguntur,

486 4068 674 4133 initio
720 4065 888 4133 facto
935 4065 1014 4132 ab
1061 4063 1279 4131 Iliade.

583 4182 636 4238 H
685 4170 819 4236 292

687 4277 819 4346 378

686 4383 817 4452 397

923 4217 1010 4292 εἰς
1059 4213 1096 4281 ὅ
1121 4240 1192 4282 κε
1230 4216 1464 4295 δαίμων
1503 4221 1515 4302 Ι
1557 4215 1783 4293 ἄμμε
1832 4217 2137 4300 διακρίνῃ,
2188 4218 2263 4284 de
2311 4219 2470 4284 binis
2514 4217 2877 4282 exercitibus

1009 4323 1136 4389 sibi
1179 4325 1486 4409 oppositis
1533 4322 1781 4388 dictum
1827 4337 1949 4390 est.
