3150 5000
561 248 694 314 388
1419 264 1695 312 rmvms
1739 263 2074 313 sosnrrms.

559 428 624 496 6.
673 430 716 497 2
777 429 1006 497 Judaei
1067 428 1433 496 Cumanum
1496 434 1796 495 accusant
1852 453 1903 493 π
1919 456 1959 494 α
1977 455 2007 511 ρ
2031 453 2073 494 οι
2092 452 2130 493 σ
2148 452 2167 491 ι
2186 451 2230 492 ω
2248 450 2297 491 π
2314 428 2349 502 ἦ
2368 450 2406 491 σ
2423 450 2467 491 α
2486 451 2571 491 ντ
2587 444 2631 491 α
2678 425 2779 491 τὸν
2820 427 2923 489 τῶν

557 537 936 621 ἀνῃρημένων
986 536 1166 618 Φόνον
1191 560 1206 577 ·
1267 540 1402 603 sine
1451 557 1660 603 sensu.
1722 534 2092 602 Rescribam
2111 558 2128 601 ε
2181 560 2230 601 π
2242 558 2286 599 α
2297 559 2326 616 ρ
2340 558 2367 599 ο
2380 549 2421 599 λ
2434 557 2452 597 ι
2464 559 2511 613 y
2526 559 2569 599 ω
2583 558 2612 615 ρ
2627 533 2713 609 ἧσ
2727 557 2857 600 αντ
2869 556 2927 598 α.

652 750 860 831 Quam
907 749 1143 816 vellem
1191 749 1523 816 Bulwerus
1571 752 1979 837 cognovisset
2024 750 2193 835 quod
2229 747 2545 834 Josephus
2578 747 2772 813 hebet
2806 744 2928 812 An-

557 860 672 942 tiq.
722 856 830 923 20.
884 855 945 921 ’7.
994 854 1036 921 2
1084 857 1162 922 de
1209 856 1505 944 Agrippa
1551 854 1682 921 filio
1728 854 1961 922 Felicis
2007 861 2073 921 et
2118 854 2474 921 Drusillae:
2521 854 2673 919 ἀλλ’
2720 844 2783 917 ὃν
2826 852 2929 931 μὲν

557 963 776 1044 τρόπον
822 962 850 1026 ὁ
900 962 1141 1036 νεανίας
1207 964 1422 1035 ἐκεῖνος
1489 962 1601 1026 σὺν
1654 972 1730 1044 τῇ
1778 961 2025 1041 γυναικὶ
2077 962 2249 1028 κατὰ
2297 962 2407 1036 ritu
2454 959 2786 1040 ἐκπύρωσιν
2830 964 2927 1024 τοῦ

555 1068 820 1147 Βεσβίου
887 1067 1048 1149 ὅρους
1113 1069 1211 1133 ἐπὶ
1275 1072 1392 1134 τῶν
1453 1068 1647 1134 Τίτου
1711 1068 2016 1149 Καίσαρος
2076 1068 2305 1149 χρόνων
2366 1067 2713 1152 ἠφανίσθη,
2775 1066 2931 1144 μετὰ

557 1181 766 1241 ταῦτα
811 1176 1099 1250 δηλώσω.
1173 1176 1458 1262 Denique
1513 1182 1855 1260 antequam
1903 1173 2090 1241 finem
2143 1177 2315 1261 operi
2360 1176 2687 1260 imponat,
2734 1188 2933 1239 narrat

555 1280 594 1347 J
599 1282 870 1368 osephus
931 1281 1154 1367 Antiq.
1205 1280 1310 1345 20.
1367 1280 1430 1347 9.
1491 1280 1530 1349 ’7
1598 1280 1916 1367 templum
1977 1282 2236 1348 tandem
2298 1281 2651 1367 perfectum
2718 1281 2933 1344 fuisse:

559 1387 668 1464 ἤδη
733 1388 796 1452 δὲ
857 1386 999 1453 τότε
1063 1388 1168 1453 καὶ
1235 1387 1303 1453 τὸ
1367 1388 1515 1467 ἱερὸν
1579 1389 1899 1457 ἕτετέλεςο
1963 1390 2219 1473 iamque
2280 1392 2415 1453 erat
2461 1386 2819 1472 periculum
2864 1384 2934 1449 ab

558 1498 797 1581 operis,
859 1515 1130 1580 quorum
1193 1498 1374 1560 erant
1435 1494 1882 1581 duodeviginti
1948 1492 2193 1572 millia,
2256 1515 2335 1560 ne
2398 1493 2617 1559 turbas
2670 1495 2743 1557 in
2790 1492 2936 1556 urbe

559 1603 981 1684 concitarent,
1049 1599 1151 1665 διὰ
1215 1602 1284 1665 τὸ
1348 1603 1457 1675 τὴν
1519 1602 1748 1680 τροφὴν
1813 1600 1881 1664 ἐκ
1944 1605 2055 1672 τῆς
2112 1600 2283 1663 κατὰ
2330 1599 2401 1663 τὸ
2449 1598 2599 1680 ἱερὸν
2644 1596 2935 1677 ἐργασίας

559 1704 924 1787 πορίζεσθαι.
995 1706 1243 1791 Nempe
1299 1705 1420 1771 hoc
1482 1706 1672 1771 modo
1728 1725 2035 1790 pauperes
2078 1705 2411 1771 alebantur
2456 1725 2536 1771 ex
2579 1725 2760 1771 sacro
2804 1704 2936 1769 the-

558 1834 777 1888 sauro,
829 1813 935 1878 καὶ
984 1814 1110 1893 γὰρ
1158 1814 1210 1878 εἶ
1257 1813 1412 1891 μίαν
1457 1836 1548 1884 τις
1598 1809 1748 1892 ὥραν
1793 1820 1905 1887 τῆς
1955 1810 2185 1892 ἡμέρας
2233 1810 2609 1893 ἐργάσαιτο,
2656 1811 2767 1875 τὸν
2810 1832 2939 1888 μισ·

561 1921 656 1985 θὸν
717 1919 861 1997 ὑπὲρ
923 1918 1160 1993 ταύτης
1226 1919 1437 1989 εὐθέως
1502 1918 1884 1997 ἐλάμβανεν.
1957 1918 2163 1984 Miror
2220 1918 2375 1984 haec
2421 1918 2616 1984 verba
2659 1917 2938 1983 nondum

561 2024 848 2091 adhibita
909 2026 1103 2091 fuisse
1162 2025 1240 2091 ad
1301 2027 1889 2111 interpretationem
1951 2023 2285 2109 parabolae
2338 2044 2533 2110 quam
2580 2022 2940 2089 Matthaeus

557 2134 838 2199 servavit
881 2130 990 2197 20.
1045 2130 1285 2198 1—15.

654 2344 855 2411 Venio
915 2345 994 2411 ad
1051 2344 1276 2411 Vitam
1327 2344 1368 2411 3
1387 2395 1405 2429 ,
1469 2346 1538 2410 in
1600 2365 1725 2430 qua
1786 2365 1900 2409 cur
1950 2345 2210 2410 tandem
2256 2344 2527 2411 Neronis
2574 2365 2739 2411 uxor
2783 2356 2941 2412 Ποπ-

563 2452 717 2527 πηΙα
783 2452 1052 2536 dicitur,
1121 2472 1283 2537 quae
1344 2452 1506 2530 fuit,
1570 2453 1825 2537 opinor,
1892 2452 2169 2534 Ποππῄα
2216 2450 2632 2538 appellanda?
2700 2452 2939 2522 Eodem

561 2559 751 2626 modo
795 2559 1140 2645 Pompeius
1187 2558 1352 2624 mihi
1400 2569 1695 2640 Πομπῇος
1745 2561 1869 2625 erit
1914 2564 2103 2644 atque
2150 2561 2243 2625 sic
2289 2562 2356 2624 in
2402 2559 2747 2626 similibus.

649 2773 794 2840 Non
855 2772 1035 2838 lubet
1097 2770 1366 2838 ridiculo
1426 2775 1602 2858 operi
1662 2773 1773 2838 diu
1822 2773 2190 2851 immorari,
2240 2775 2308 2838 in
2356 2794 2481 2859 quo
2527 2775 2640 2841 vix
2688 2774 2941 2841 tandem

439 2867 448 2876 ’
561 2879 884 2966 quaedam·
921 2883 1089 2945 recte
1133 2876 1495 2966 intelligere
1542 2882 1749 2965 coepi,
1802 2885 2143 2964 postquam
2192 2882 2464 2967 cognovi
2510 2899 2671 2965 quae
2720 2877 2943 2945 Grast-

559 2989 694 3050 zius
758 2985 1104 3051 admodum
1170 2985 1351 3050 docte
1397 2984 1683 3070 disputat
1728 2985 1805 3051 de
1858 2985 2243 3051 dissensione
2288 2988 2456 3052 inter
2500 2985 2841 3052 Hillelitas
2884 2991 2944 3051 et

557 3091 1058 3167 Schammaitas,
1109 3111 1269 3177 quae
1317 3098 1468 3157 tunc
1515 3112 1663 3156 cum
1704 3093 1987 3156 maxime
2025 3091 2353 3178 flagrabat.
2401 3091 2627 3159 Veluti
2651 3095 2781 3158 nisi
2806 3096 2945 3178 quis

557 3197 677 3261 hoc
725 3197 920 3279 sciet,
969 3197 1287 3282 quomodo
1333 3217 1641 3282 nmquam
1692 3195 2053 3284 intelligere
2102 3199 2333 3282 poterit
2382 3218 2542 3282 quae
2577 3197 2713 3264 Vit.
2744 3198 2828 3263 13
2870 3199 2944 3263 de

560 3301 698 3368 oleo
741 3308 1110 3379 narrantur,
1163 3303 1329 3388 quod
1374 3301 1413 3368 J
1416 3303 1693 3369 ohannes
1726 3301 2121 3390 Gisgalensis
2161 3310 2296 3369 tam
2319 3306 2539 3370 insano
2563 3306 2770 3390 pretio
2798 3326 2943 3373 ven·

561 3407 798 3475 didisse
861 3408 1116 3473 dicitur.
1188 3407 1312 3474 Sed
1368 3408 1527 3474 illuc
1583 3409 1786 3475 redeo.
1837 3408 1975 3473 Vit.
2024 3408 2113 3473 24
2158 3407 2471 3494 Josephus
2516 3419 2821 3495 provocat
2866 3411 2943 3477 ad

555 3536 840 3604 pugnam
893 3515 1281 3593 Aebutium3
1332 3515 1437 3580 hic
1484 3522 1703 3582 autem
1741 3536 2026 3603 pugnam
2067 3515 2415 3599 detractat,
2453 3515 2938 3592 κατεπέπληκτο

557 3623 683 3701 γὰρ
744 3623 855 3695 τὴν
919 3623 1223 3703 ἡμετέραν
1286 3622 1796 3699 ἑτοιμότητα
1864 3621 1968 3687 καὶ
2022 3619 2091 3686 τὸ
2139 3619 2374 3702 θράσος.
2445 3619 2584 3687 Imo
2628 3619 2941 3708 Josephus

557 3727 879 3813 praedicat
925 3749 1107 3795 suam
1159 3727 1663 3808 ἰταμότητα.

650 3940 1022 4007 Admodum
1087 3941 1434 4008 molestum
1489 3947 1585 4007 est
1630 3944 1697 4006 in
1746 3947 1879 4008 tam
1928 3942 2184 4006 confusa
2233 3942 2587 4007 narratione
2632 3942 2941 4029 gravibus

559 4045 933 4132 corruptelis
981 4068 1232 4112 sensum
1281 4069 1464 4134 saepe
1511 4049 1866 4130 obscurari,
1916 4053 1991 4111 ut
2031 4049 2141 4112 vix
2181 4046 2479 4132 dispicias
2501 4048 2651 4131 quid
2682 4047 2940 4112 tandem

558 4155 826 4237 scriptor
873 4153 1078 4219 dicere
1125 4153 1416 4220 voluerit.
1467 4153 1686 4221 Veluti
1732 4153 1863 4218 vit.
1891 4153 1975 4217 25
2017 4152 2333 4219 Johannes
2374 4151 2771 4240 Gisgalensis
2798 4153 2941 4218 vult

560 4257 871 4325 Galilaeis
917 4260 1290 4344 persuadere
1338 4266 1412 4326 ut
1458 4262 1537 4326 ab
1584 4259 1857 4345 Josepho
1889 4259 2201 4327 deficiant.
2250 4260 2391 4326 Non
2418 4267 2763 4345 paruerunt
2785 4259 2939 4345 Sep-

557 4366 928 4452 phorenses‚
978 4364 1258 4447 οὐδετέρῳ
1303 4367 1430 4447 γαρ
1480 4369 1647 4445 ἡμῶν
1696 4375 2020 4451 προσεῖχον
2071 4367 2172 4433 διὰ
2208 4367 2279 4432 τὸ
2320 4367 2656 4444 Ῥωμαίους
2686 4366 2936 4448 ᾑρῆσθαι
