3150 5000
585 341 718 407 298
1653 361 1896 412 mosao.

579 525 1009 590 iustissimum
1067 530 1220 590 erat.
1309 525 1625 590 Inventum
1684 548 1867 612 saepe
1913 546 1951 592 a
2008 525 2309 593 Cicerone
2358 525 2755 594 substantive
2798 529 2949 612 posi·

584 637 723 694 tum
789 629 1178 697 adiectivum
1233 631 1402 716 apud
1447 631 1641 697 illum
1686 652 1811 698 non
1860 632 2155 698 adsciscit
2173 682 2190 717 ,
2240 633 2348 698 sed
2393 638 2602 719 potest
2645 632 2714 698 id
2761 633 2949 698 faeere

583 733 664 799 ad
709 755 996 800 normam
1045 735 1339 802 vocabuli
1387 737 1611 801 dietum
1654 743 1720 803 et
1765 736 2078 822 aliorum,
2128 739 2207 804 de
2254 738 2488 824 quibus
2532 738 2613 804 cf.
2661 739 2949 826 Naegels-

583 841 779 920 bach,
845 839 1126 907 Stilistik
1189 845 1226 927 ξ
1273 841 1381 908 28.
1469 840 1602 909 Cic.
1666 841 1770 909 Or.
1822 843 1900 909 ΙΙ.
1950 842 2084 910 219
2137 843 2340 923 „illud
2386 845 2665 910 facetum
2718 845 2947 911 dictum

581 949 885 1012 emissum
949 947 1215 1013 haeret”.
1305 947 1484 1014 Fam.
1550 949 1603 1013 Ι.
1664 947 1725 1014 9.
1793 949 1914 1015 21:
1985 949 2279 1028 „nullum
2343 971 2561 1016 meum
2614 951 2947 1015 minimum

583 1051 896 1117 dictum”.
933 1090 1014 1101 -·
1058 1051 1361 1140 „Aliquid
1402 1057 1570 1120 iuste
1609 1055 1938 1120 invenire”
1974 1056 2161 1141 plane
2194 1055 2470 1123 insolens
2504 1062 2619 1122 est.
2694 1055 2791 1122 De
2832 1061 2949 1118 iure

583 1159 853 1244 quodam
899 1163 965 1223 et
1001 1164 1161 1223 iusto
1200 1160 1487 1227 discretis
1535 1181 1608 1226 ac
1658 1153 1925 1228 diversis
1972 1162 2241 1228 subinde
2287 1163 2365 1228 cf.
2416 1161 2529 1228 111.
2574 1161 2700 1241 50,
2744 1162 2947 1229 Halm.

673 1371 711 1455 ᾖ
781 1368 868 1434 33
954 1377 1358 1456 „temporum
1443 1371 1704 1438 illorum
1788 1379 2043 1438 tantum
2130 1373 2259 1440 fere
2342 1394 2570 1462 reg-um
2642 1373 2953 1441 illustrata

581 1483 730 1541 sunt
785 1475 1088 1542 nomina”
1149 1481 1448 1562 perplexa
1509 1477 1926 1545 collocatione
1986 1478 2325 1546 verborum
2382 1480 2637 1544 dicitur.
2718 1479 2950 1544 Tantum

581 1593 724 1668 post
783 1605 983 1664 requm
1045 1582 1418 1662 collocetur,
1484 1583 1526 1648 i.
1555 1604 1613 1649 e.
1669 1605 1851 1672 reges
1912 1589 2272 1670 temporum
2334 1584 2598 1650 illorum
2658 1585 2791 1652 fere
2842 1584 2948 1651 soli

579 1687 1035 1755 inclaruerunt.
1104 1687 1370 1774 Saepius
1414 1687 1793 1754 offendimus
1838 1689 2003 1755 illud
2048 1692 2283 1756 vitium
2326 1689 2395 1754 in
2430 1690 2552 1756 hoo
2591 1689 2842 1775 codice3
2878 1690 2948 1756 of,

581 1795 618 1880 ᾖ
667 1793 754 1860 30
801 1798 865 1861 et
909 1815 1068 1879 quae
1113 1815 1304 1880 supra
1349 1795 1428 1862 ad
1486 1797 1522 1880 ξ
1566 1795 1608 1859 2
1656 1795 1871 1862 attuli.
1940 1797 2187 1860 Tantum
2225 1797 2334 1883 (=
2354 1797 2780 1883 tantummodo)
2818 1817 2949 1861 cum

580 1900 857 1985 pertinet
901 1899 982 1965 ad
1027 1901 1294 1967 verbum
1343 1903 1753 1986 praeponitur
1794 1903 1843 1988 (t
1869 1951 1883 1966 .
1910 1903 2069 1981 dico,
2110 1923 2341 1974 moneo,
2388 1900 2576 1988 alia),
2616 1901 2695 1967 ad
2736 1922 2951 1968 nomen

584 2006 859 2072 relatum
901 2006 1247 2092 utrubique
1282 2004 1665 2085 collocatur,
1706 2007 1815 2074 sed
1854 2008 1973 2074 hoc
2013 2007 2265 2094 quidem
2296 2006 2435 2073 loco
2476 2014 2794 2091 temporam
2829 2007 2951 2070 illo·

581 2135 713 2178 rum
749 2113 945 2178 nimis
993 2132 1031 2178 a
1077 2113 1476 2179 substantivo
1496 2161 1514 2192 ,
1561 2114 1729 2179 unde
1774 2113 2042 2199 pendet,
2090 2115 2436 2180 dirimitur.

678 2325 784 2394 36.
860 2325 1146 2405 „Deinde
1193 2327 1544 2410 equitatum
1592 2325 1671 2392 ad
1708 2326 1879 2391 hunc
1917 2346 2162 2392 morem
2200 2327 2566 2400 constituit.
2608 2329 2721 2410 qui
2766 2345 2951 2411 usque

585 2432 792 2498 adhuc
853 2438 952 2498 est
1013 2437 1297 2496 retentus
1315 2451 1330 2511 ;
1382 2451 1496 2496 nec
1541 2431 1753 2517 potuit
1798 2430 2180 2497 Titiensium
2232 2438 2296 2498 et
2342 2431 2849 2497 Rhamnensium
2892 2435 2951 2496 et

581 2538 902 2605 Lucerum
951 2546 1235 2615 mutare,
1283 2559 1430 2603 cum
1479 2544 1773 2624 cuperet,
1812 2541 2107 2622 nomina,
2149 2538 2318 2623 quod
2356 2544 2577 2604 auctor
2612 2542 2671 2604 ei
2710 2556 2949 2604 summa

580 2667 789 2734 augur
850 2644 1056 2732 gloria
1113 2647 1305 2710 Attus
1366 2645 1613 2710 Navius
1674 2664 1795 2711 non
1844 2652 1997 2710 erat.
2072 2645 2309 2730 [Atque
2354 2648 2552 2709 etiam
2598 2644 2949 2711 Corinthios

579 2752 767 2817 video
826 2750 1102 2837 publicis
1163 2751 1340 2836 equis
1400 2750 1812 2837 adsignandis
1876 2758 1941 2815 et
1998 2750 2237 2815 alendis
2283 2752 2579 2816 orborum
2632 2762 2697 2816 et
2746 2750 2949 2817 vidua-

581 2879 727 2925 rum
791 2858 1050 2922 tributis
1111 2856 1305 2921 fuisse
1365 2855 1682 2939 quondam
1751 2854 2125 2943 diligentia]
2213 2854 2336 2920 Sed
2386 2861 2603 2922 tamen
2650 2858 2949 2942 prioribus

584 2966 872 3050 equitum
933 2964 1221 3048 partibus
1280 2962 1569 3027 secundis
1618 2962 1851 3027 additis
1898 2957 2196 3027 MDCCC
2242 2961 2396 3027 fecit
2441 2966 2689 3047 equites
2735 2982 2948 3030 nume-

581 3090 854 3153 rumque
901 3066 1308 3153 duplicavit”.

673 3176 881 3241 Nemo
941 3173 1199 3239 videtur
1258 3171 1566 3239 vocabula
1623 3172 1887 3238 inducta
1939 3174 2006 3237 in
2069 3174 2484 3258 suspitionem
2550 3192 2812 3253 vocare,
2854 3171 2951 3238 sed

584 3300 732 3347 vere
781 3282 905 3344 iam
957 3278 1308 3343 Franckius
1353 3278 1521 3363 apud
1566 3276 1895 3343 Moser-um
1945 3277 2111 3344 libro
2157 3284 2221 3343 a⁰
2276 3278 2450 3345 1824
2487 3277 2761 3345 Slesvici
2794 3278 2951 3344 edito

583 3387 1025 3473 perturbatum
1091 3383 1303 3450 locum
1369 3384 1567 3469 vidit,
1634 3404 1859 3451 verum
1920 3389 2136 3450 tamen
2199 3385 2486 3479 ordinem
2548 3406 2698 3451 cum
2754 3384 2951 3471 aliqua

582 3490 1033 3578 probabilitate
1098 3493 1430 3555 restituere
1490 3509 1616 3554 non
1679 3492 1738 3555 ei
1796 3492 2098 3555 suecessit
2115 3539 2134 3577 ,
2198 3510 2314 3555 nec
2358 3493 2583 3576 opinor
2628 3490 2779 3557 aliis
2822 3510 2952 3557 con·

584 3602 829 3687 tinget,
892 3617 1038 3662 nam
1104 3598 1490 3661 mutationes
1558 3615 1683 3661 non
1754 3598 2023 3683 exiguae
2090 3615 2206 3661 nee
2276 3616 2513 3681 paucas
2581 3600 2951 3663 necessariae
3072 3594 3074 3599 ’

585 3712 753 3771 sunt.
825 3702 1062 3772 Contra
1121 3708 1379 3788 apparet
1442 3703 1655 3768 verbis
1713 3704 1857 3767 istis
1917 3704 2179 3768 remotis
2239 3705 2482 3788 optime
2536 3702 2787 3789 reliqua
2834 3706 2953 3768 sine

585 3810 721 3878 ulla
756 3812 1112 3877 mutatione
1146 3810 1511 3875 cohaerere:
1557 3829 1722 3887 „non
1762 3810 1974 3894 potuit
2011 3813 2262 3873 mutare
2292 3810 2580 3885 nomina,
2611 3809 2723 3875 sed
2746 3809 2954 3895 priori·

585 3920 705 3982 bus
742 3915 1132 3982 Titiensibus
1171 3916 1544 3999 posteriores
1586 3913 1895 3979 addidit'’.
1946 3912 2134 3979 Nunc
2173 3914 2279 3978 sed
2311 3922 2504 3979 tamen
2543 3912 2733 4001 plane
2765 3914 2955 3980 aliena

587 4028 773 4088 sunt:
815 4019 1110 4086 aluerunt
1149 4022 1427 4105 equites,
1477 4020 1599 4103 sed,
1635 4026 1847 4085 tamen
1898 4023 2077 4085 auxit
2120 4040 2463 4086 numerum
2511 4023 2827 4105 equitum.
2887 4018 2954 4083 In

590 4130 880 4215 margine
939 4129 1066 4192 ista
1124 4127 1440 4211 adscripta
1498 4132 1648 4191 sunt
1709 4146 1746 4193 a
1803 4128 2015 4193 nescio
2058 4146 2204 4213 quo·
2274 4124 2437 4193 Rem
2489 4126 2797 4193 traditam
2842 4146 2955 4191 non

589 4239 685 4299 est
746 4233 912 4318 quod
975 4235 1044 4298 in
1101 4232 1369 4297 dubium
1436 4252 1753 4298 vocemus.
1843 4232 2057 4299 Verba
2120 4220 2369 4318 quoque
2414 4234 2553 4317 ipsa
2596 4254 2725 4298 non
2768 4232 2957 4299 libera

587 4346 738 4406 sunt
798 4338 1174 4416 offension03
1238 4340 1475 4403 mirum
1538 4340 1710 4403 enim
1759 4344 1882 4403 est:
1940 4336 2357 4425 „diligentem
2408 4358 2542 4403 esse
2590 4336 2783 4404 alicui
2827 4334 2956 4403 rei”

587 4466 703 4533 pro
770 4443 1134 4531 „sufficere”
1199 4463 1456 4530 „parem
1519 4442 1708 4521 esse”,
1769 4464 1850 4510 ne
1910 4446 2041 4510 iam
2106 4443 2315 4510 dicam
2368 4464 2599 4530 parum
2646 4444 2953 4533 elegantes
