3150 5000
1269 341 1509 392 menso.
2452 317 2585 387 29¹7

257 505 560 582 habemus,
616 505 888 572 ardentis
949 504 1400 572 consuetudine
1465 511 1530 570 et
1592 503 1941 588 cupiditate
1988 501 2271 567 bellandi
2322 499 2583 588 religio-

253 631 384 675 num
429 613 811 676 caerimoniis
856 609 1253 698 mitigavit”.

323 717 433 782 Hie
483 716 779 782 Halmius
833 716 1124 801 inclusit,
1173 719 1240 780 in
1290 715 1504 782 codiee
1550 719 1715 780 teste
1762 712 2123 780 Detlefseno
2172 718 2393 790 „extra
2439 733 2579 779 ver-

245 844 366 888 sum
408 822 784 888 adiectum”.
855 821 928 888 Si
975 827 1142 888 recte
1189 821 1496 908 intellego
1543 819 1947 886 collationem
1998 820 2065 883 in
2112 816 2375 896 Schedis
2408 817 2587 884 Vati-

241 931 416 1006 canis,
459 929 679 1009 leqibus
721 933 816 992 est
857 935 1252 1012 postremum
1279 949 1498 995 versus
1522 924 1945 1010 vocabulum3
1981 925 2075 989 hie
2098 935 2312 988 autem
2340 943 2463 989 non
2490 929 2587 990 est

240 1039 418 1100 totum
457 1042 631 1100 extra
670 1055 926 1100 versum
966 1035 1276 1118 seriptum
1325 1033 1432 1098 sed
1473 1035 1565 1098 sic
1602 1032 1894 1098 additum
1934 1035 2009 1094 ut
2044 1031 2083 1093 h
2122 1050 2311 1114 supra
2348 1037 2584 1114 postre-

239 1161 384 1206 mam
423 1140 701 1206 litteram
745 1139 1042 1206 vocabuli
1066 1141 1292 1224 legibue
1315 1140 1400 1205 sit
1425 1139 1844 1216 collocatum,
1871 1157 1995 1222 qua
2020 1138 2262 1201 ratione
2286 1134 2586 1202 librarius

239 1248 290 1310 in
330 1247 546 1312 mediis
593 1267 842 1332 quoque
887 1248 1178 1313 versibus
1221 1250 1320 1312 uti
1367 1246 1546 1311 solet.
1621 1245 1793 1311 Mihi
1840 1245 1935 1308 bis
1981 1245 2093 1310 vix
2141 1244 2355 1307 abesse
2400 1263 2585 1326 posse

239 1351 459 1417 videtur
517 1354 624 1439 (=
668 1373 828 1436 quae
877 1355 1072 1418 etiam
1118 1374 1286 1418 nunc
1334 1357 1589 1418 exstant
1605 1373 1623 1429 3
1674 1371 1831 1437 quas
1875 1351 2175 1415 novimus
2222 1348 2301 1413 cf.
2355 1347 2445 1412 ΙΙ.
2502 1347 2585 1412 14

243 1457 340 1534 „P.
397 1458 726 1524 Africanus
784 1458 982 1542 hie”)‚
1033 1479 1181 1523 nam
1228 1461 1482 1540 lapibus,
1531 1459 1989 1543 quas-habemus
2029 1452 2412 1542 significaret
2457 1454 2585 1520 fere

237 1583 338 1627 non
374 1563 522 1630 alias
569 1563 744 1652 leges
791 1566 858 1629 in
905 1567 1338 1630 monumentis
1384 1573 1666 1646 exstare3
1716 1562 1824 1627 sed
1872 1582 2014 1646 pars
2070 1561 2297 1625 harum
2362 1557 2583 1646 legum

234 1669 632 1756 ‚significatum
682 1691 829 1734 nam
879 1669 1056 1758 leges
1103 1673 1314 1757 regiae
1360 1691 1484 1735 non
1533 1668 1739 1736 solum
1793 1668 1871 1733 ad
1920 1689 2054 1732 rem
2106 1686 2347 1732 sacram
2397 1666 2588 1750 perti·

235 1783 380 1839 nent.
445 1775 887 1862 Schweglerus
948 1775 1000 1840 1.
1049 1797 1108 1860 p.
1161 1775 1246 1839 26
1301 1773 1647 1863 significari
1694 1779 1879 1859 putat
1926 1783 1989 1837 et
2038 1772 2157 1837 hoc
2201 1770 2339 1836 loco
2388 1781 2451 1836 et
2499 1770 2583 1836 V.

237 1881 268 1943 3
321 1881 494 1966 („qui
555 1882 774 1968 legum
825 1883 1020 1946 etiam
1069 1884 1336 1966 scriptor
1382 1881 1645 1955 fuisset.
1698 1899 1851 1964 quas
1898 1880 2075 1943 scitis
2126 1884 2340 1942 extare
2366 1924 2382 1940 .
2412 1925 2429 1942 .
2456 1925 2473 1942 .
2500 1875 2595 1963 .'’).

233 1983 402 2052 libros
461 1985 834 2071 pontificios.
913 1985 1004 2058 Cf.
1074 1987 1237 2052 infra
1306 1988 1413 2051 45.
1487 1984 1612 2050 Sed
1666 1983 1911 2068 aliquot
1956 1989 2248 2049 vetustae
2293 1980 2469 2071 leges
2516 1984 2585 2046 in

231 2088 414 2175 lapide
471 2085 583 2157 aut
629 2112 770 2158 aere
815 2101 1060 2158 exstare
1107 2098 1449 2177 potuerunt
1471 2141 1488 2169 ‚
1541 2112 1698 2176 quas
1740 2089 1943 2177 vulgo
1991 2089 2278 2175 (iniuria)
2324 2090 2584 2175 regibus

233 2197 571 2263 tribuerent·
637 2235 722 2247 —-
789 2198 970 2278 Quod
1027 2197 1246 2265 Cicero
1299 2219 1335 2263 a
1382 2197 1598 2262 Numa
1647 2204 1895 2282 praeter
1940 2217 2006 2260 se
2053 2198 2330 2280 quinque
2378 2196 2585 2279 ponti-

232 2298 356 2366 fices
414 2311 652 2368 creatos
711 2304 868 2369 dicit
940 2307 1085 2386 (non
1151 2316 1397 2390 praeter
1465 2325 1679 2390 regem
1754 2311 2049 2388 quatuor)
2122 2305 2377 2368 nomine
2445 2301 2584 2386 ipso

231 2409 602 2476 sacerdotum
651 2410 914 2476 illorum
957 2409 1365 2475 confirmatur
1387 2461 1402 2486 ,
1453 2412 1508 2475 si
1557 2431 1709 2476 vera
1755 2412 1840 2476 sit
1886 2410 2199 2474 sententia
2247 2427 2389 2472 mea
2430 2429 2583 2490 pon·

229 2513 366 2599 lista-
409 2538 531 2582 non
579 2539 618 2583 a
647 2518 816 2601 potis
863 2521 1149 2601 (potem),
1199 2539 1312 2583 nec
1359 2538 1396 2582 a
1437 2540 1623 2601 ponc,
1672 2538 1785 2583 nec
1833 2538 1870 2581 a
1917 2516 2127 2581 radice
2173 2513 2420 2581 Sanscr.
2456 2516 2580 2598 pd-

231 2619 400 2701 (unde
431 2622 687 2707 pandum·
733 2623 811 2689 cf.
853 2624 1261 2709 Marquardt,
1312 2622 1607 2689 Sacralw.
1658 2644 1719 2707 p.
1771 2620 1941 2699 229,
1988 2621 2106 2707 sq.)
2158 2641 2273 2686 nec
2320 2641 2356 2686 a
2384 2622 2581 2703 pindo

231 2724 412 2809 (panis
473 2728 771 2811 farreus),
833 2749 968 2793 esse
1027 2728 1424 2807 ducendum,
1488 2728 1596 2794 sed
1662 2750 1699 2793 a
1752 2750 1994 2811 pompe,
2053 2729 2097 2791 i.
2148 2748 2199 2791 e.
2266 2728 2580 2810 quinque,

227 2832 418 2909 πέμπε
485 2843 592 2915 (=
615 2834 835 2911 πέντε,
898 2834 979 2900 cf.
1043 2834 1506 2918 πεμπώβολον).
1593 2835 1912 2915 Pontifices
1975 2838 2126 2898 sunt
2180 2833 2583 2917 quinqueviri

226 2941 394 3004 sacris
452 2940 784 3006 faciundis.
857 2940 1338 3006 Demonstravit
1397 2939 1472 3005 Ο.
1522 2938 1743 3005 Keller
1792 2938 2018 3005 Rhein.
2068 2938 2242 3006 Mus.
2298 2935 2468 3002 1879
2519 2958 2579 3022 p.

227 3038 338 3108 337
392 3043 577 3110 illam
643 3045 1112 3124 „Sabellicam”
1173 3046 1470 3113 vocabuli
1517 3046 1776 3132 quinque
1820 3046 2092 3110 formam
2142 3046 2207 3109 in
2256 3043 2585 3126 Pompilius

223 3170 290 3198 =
315 3152 683 3237 Quintilius,
733 3152 1118 3235 Pomponius,
1169 3152 1506 3235 Pompeius.

297 3364 400 3431 30.
473 3366 711 3452 Agitur
757 3365 836 3431 de
882 3366 1126 3430 artibus
1172 3366 1570 3450 importatis:
1617 3363 1777 3441 „hoc
1819 3365 1956 3448 ipso
1981 3364 2360 3448 sapientiam
2388 3365 2584 3428 maio-

219 3490 344 3535 rum
386 3476 630 3536 statues
665 3491 798 3535 esse
835 3469 1255 3547 laudandam,
1293 3470 1459 3555 quod
1503 3468 1711 3535 multa
1745 3468 2082 3555 intelleges
2104 3471 2299 3533 etiam
2326 3467 2583 3534 aliunde

219 3585 458 3663 sumpta
505 3574 770 3641 meliora
816 3575 985 3661 apud
1033 3594 1144 3641 nos
1189 3575 1397 3641 multo
1445 3596 1576 3640 esse
1625 3575 1830 3657 facta,
1879 3594 2068 3659 quam
2107 3573 2201 3637 ibi
2247 3572 2580 3651 fuissent”,

219 3683 334 3747 rell.
407 3681 863 3747 Scribendum:
917 3681 1122 3766 „quod
1172 3680 1378 3748 multa
1427 3680 1769 3767 intelleges
1806 3678 2062 3745 aliunde
2102 3685 2362 3763 sumpta
2384 3680 2579 3744 etiam

218 3788 530 3866 πιοῦσι-δ”,
586 3786 725 3853 rell.
797 3785 904 3851 Sic
965 3791 1143 3851 etiam
1204 3807 1351 3851 cum
1415 3787 1661 3851 meliora
1705 3788 2019 3872 iungitur.
2088 3785 2276 3850 Nune
2323 3786 2414 3850 sic
2461 3782 2583 3851 col-

219 3890 484 3975 locatur,
533 3913 604 3959 ac
650 3896 706 3959 si
755 3892 834 3958 de
877 3892 1022 3957 aliis
1068 3894 1265 3957 etiam
1313 3898 1542 3979 agatur
1592 3912 1787 3976 quam
1838 3890 2097 3956 aliunde
2143 3889 2443 3956 advectis.

293 4104 372 4173 31
445 4104 746 4191 „('I'ullus
806 4103 1156 4191 Hostilius)
1205 4106 1536 4171 constituit
1584 4106 1686 4170 ius
1731 4125 1854 4190 quo
1903 4104 2069 4169 bella
2117 4104 2581 4190 indicerentur,

215 4214 370 4297 quod
413 4234 525 4299 per
568 4233 634 4279 se
679 4214 1030 4277 iustissime
1076 4216 1406 4277 inventum
1455 4212 1666 4277 sanxit
1712 4210 1917 4276 fetiali
1963 4210 2337 4298 religione''’.

295 4318 400 4385 Ius
445 4318 597 4385 belli
644 4339 754 4403 per
799 4339 866 4384 se
909 4320 1038 4383 iam
1089 4325 1222 4383 erat
1269 4321 1553 4402 iustum;
1605 4319 1886 4382 sanctius
1933 4320 2125 4382 etiam
2181 4317 2422 4383 factum
2484 4321 2580 4383 est

218 4424 510 4511 religione
556 4423 782 4491 fetiali.
853 4422 1307 4501 Scribendum:
1354 4423 1759 4489 imtiaeaeimum.
1811 4421 2147 4488 Inventum
2192 4444 2304 4509 per
2341 4443 2409 4487 se
2444 4424 2576 4488 iam
