3150 5000
1212 211 1551 324 mnarum.
2457 247 2588 321 379

200 437 375 505 Num
445 439 606 506 forte
658 438 818 505 latet
877 454 1001 505 λει
1018 449 1125 521 χὴ·
1145 465 1268 514 να,
1333 443 1541 508 musci
1604 461 1842 530 genus,
1891 439 2060 526 quod
2108 439 2438 506 arboribus
2482 439 2581 504 in-

198 547 482 612 nascitur
497 593 515 626 ,
563 552 637 612 ut
678 546 958 632 scopulis
1002 549 1392 614 submarinis
1441 545 1752 636 spongia?

284 757 409 844 Ep.
460 757 568 843 68,
620 760 655 824 1

495 865 799 938 Λῦλακαξ
840 866 1126 945 ἔθυπόρων
1174 864 1496 947 γραφίδων
1544 864 1928 931 κύκλοισι
1976 866 2316 948 χαρίεσσαν

585 969 825 1048 ἄνθεμα
875 996 963 1036 σοι
1014 997 1053 1036 τ
1068 996 1098 1051 ρ
1122 996 1150 1036 ο
1166 971 1401 1054 χόεις
1450 968 1620 1045 οὗτος
1668 973 1814 1049 ἐμὸς
1863 972 2147 1051 μόλιβος.

497 1075 601 1142 καὶ
650 1079 895 1158 μολίβῳ
941 1087 1249 1161 χρωστῆρι
1296 1079 1488 1142 κανὼν
1537 1079 1791 1144 τύπον
1836 1079 1996 1160 ὀρθὸν
2043 1080 2290 1162 ὀπάζων

608 1188 712 1249 καὶ
760 1187 921 1258 λίθος
969 1185 1301 1266 εὐσχιδέων
1349 1185 1628 1263 θηγαλέη
1679 1186 2006 1263 καλάμων.

201 1290 535 1368 ηΚύκλοισι
580 1297 637 1355 ει·
678 1315 920 1376 sauram,
972 1295 1067 1356 ait
1103 1291 1439 1369 Duebner‚
1484 1289 1996 1378 intellegendum
2036 1291 2292 1358 videtur
2323 1295 2586 1358 rotunda

200 1419 311 1462 sua
384 1401 615 1480 n'qura,
684 1401 919 1484 quippe
995 1397 1340 1464 rotundum
1402 1403 1499 1463 est
1556 1395 1928 1482 plumbum,
2000 1397 2394 1484 κυκλοτερές,
2458 1423 2590 1480 ’τρο-

196 1503 368 1590 χόεν,
436 1504 925 1582 κυκλομόλιβδον
972 1502 1227 1590 supra”.
1268 1503 1422 1569 Scil.
1476 1524 1572 1588 ep.
1627 1503 1711 1568 62
1759 1511 1824 1568 et
1875 1502 1981 1568 65.
2029 1505 2210 1571 Adde
2256 1503 2438 1585 γυρός
2489 1527 2586 1592 ep.

204 1609 289 1674 64
359 1616 427 1676 et
494 1610 807 1693 τροχαλός
878 1632 975 1697 ep.
1043 1609 1151 1675 66.
1218 1610 1554 1675 Dubitasse
1613 1610 1871 1676 videtur
1933 1609 2010 1676 de
2075 1613 2376 1691 sanitate,
2422 1612 2616 1697 quod.

201 1724 457 1803 propter
518 1718 810 1784 additum
870 1718 1194 1804 epitheton
1242 1716 1513 1798 τροχόεις
1557 1717 1688 1781 fere
1733 1716 2017 1782 abundat
2064 1717 2370 1783 κύκλοισι;
2421 1724 2591 1784 recte

203 1826 257 1888 si
295 1823 658 1899 dubitavit,
708 1823 1018 1890 facillima
1063 1826 1422 1889 coniectura
1470 1827 1727 1908 propter
1750 1822 2199 1888 creberrimam
2225 1823 2587 1891 litterarum

204 1955 241 1994 κ
287 1937 352 1996 et
397 1926 450 2008 β
514 1931 947 1996 confusionem
992 1931 1253 1995 rescribi
1299 1931 1496 2014 possit
1540 1927 1840 2006 βύβλοισι
1890 1935 2130 2014 (praep.
2178 1931 2351 1994 enim
2401 1931 2461 1996 ἐν
2508 1930 2587 1997 ab

204 2035 305 2102 his
366 2039 573 2123 poetis
634 2056 820 2122 saepe
865 2034 1281 2124 neglegitur),
1330 2035 1441 2100 sed
1484 2040 1654 2100 recte
1697 2037 1914 2100 virum
1964 2035 2584 2102 desideratissimum

202 2145 567 2228 optimeque
624 2143 701 2209 de
762 2143 865 2208 his
924 2141 1161 2208 litteris
1222 2144 1566 2226 meritum,
1632 2143 1700 2206 in
1749 2161 1940 2228 quem
1960 2188 1977 2220 ,
2026 2151 2358 2208 mortuum
2403 2163 2584 2228 prae-

202 2252 421 2314 sertim
445 2297 461 2328 ,
554 2247 793 2314 nollem
881 2249 1014 2314 tani
1098 2249 1447 2314 inhumane
1533 2249 1825 2312 invectus
1896 2253 2059 2313 esset
2127 2245 2585 2314 Sternbachius

207 2353 449 2441 (Melet.
513 2353 625 2422 Gr.
696 2353 727 2420 Ι
792 2357 860 2419 in
928 2355 1298 2441 prooemio),
1370 2353 1814 2419 subdubitasse
1882 2353 2126 2418 dubito.
2192 2351 2265 2418 Si
2311 2355 2466 2439 quid
2517 2356 2586 2418 in

203 2462 299 2529 his
360 2462 654 2529 versibus
715 2461 1044 2549 depravati
1105 2467 1238 2545 est,
1302 2461 1371 2527 id
1431 2460 1648 2547 potius
1706 2460 1877 2527 cadit
1921 2463 1990 2525 in
2037 2459 2228 2526 τύπον
2277 2481 2374 2529 vs.
2426 2457 2583 2529 3tio.

204 2568 485 2635 Facilius
532 2574 699 2635 certe
742 2568 1223 2655 intellegerem:
2669 2554 2674 2559 ’

499 2674 602 2740 καὶ
644 2675 888 2755 μολίβῳ
932 2681 1247 2756 χρωστῆσι
1298 2676 1490 2739 κανὼν
1540 2672 1778 2754 πόρον
1822 2673 1983 2755 ὀρθὸν
2032 2673 2296 2757 ὀπάζων.

206 2780 301 2849 Cf.
376 2782 488 2868 66,
564 2782 596 2847 1
672 2782 1092 2853 ἄπλανέος
1164 2778 1427 2859 μόλιβον
1495 2788 1831 2860 γραπτῆρα
1904 2780 2330 2859 ‚ausuum
2386 2779 2493 2857 67,
2547 2782 2582 2846 1

207 2888 600 2960 οξκλινέας
678 2886 1089 2971 γραφίδεσσιν
1159 2886 1665 2953 &motivam-a
1730 2886 2064 2966 πορείας
2122 2924 2208 2937 -
2262 2886 2586 2967 μόλιβδον,

210 2995 317 3075 65,
386 2998 423 3062 1
490 2996 809 3075 μόλιβδον,
873 2978 1350 3073 Sida-partu
1413 2988 1535 3059 οἶδε
1596 2992 1942 3075 χαράσσειν
2003 2994 2192 3074 ὀρθοὶ
2257 2992 2587 3075 παραξύων

210 3104 439 3177 iove-evi
489 3104 732 3187 κανόνα,
785 3102 892 3181 64,
943 3101 986 3166 4
1033 3102 1258 3166 κανόνα
1305 3110 1608 3181 γραμμῆς
1659 3099 2037 3181 ἰθυπόρου
2085 3102 2338 3186 ταμίην,
2393 3100 2502 3177 63,
2547 3102 2590 3167 2

212 3209 436 3274 κανόνα
484 3210 803 3291 numism
837 3208 1243 3273 ἱθυτάτων
1268 3208 1525 3294 (malim
1558 3208 1797 3275 ἰθυπό
1813 3233 1902 3290 pce
1923 3209 1979 3295 ν)
2013 3207 2302 3288 Φύλακα.
2347 3208 2592 3274 Eodem

211 3335 391 3382 sensu
438 3319 640 3403 possis
686 3336 935 3401 quoque
979 3316 1186 3397 τρίβον
1234 3335 1347 3401 pro
1392 3317 1584 3380 τύπον
1631 3315 1916 3382 conicere
1937 3365 1954 3399 ,
2003 3316 2112 3381 sed
2141 3318 2348 3381 nescio
2375 3322 2590 3382 tamen

213 3442 288 3489 an
332 3444 460 3490 non
498 3426 583 3489 sit
626 3421 1105 3490 sollicitandum
1143 3420 1333 3487 τύπον
1368 3422 1549 3504 ὀρθόν,
1593 3420 1705 3488 sed
1728 3422 2234 3509 intellegendum
2261 3420 2588 3503 χάραγμα

218 3528 475 3605 ὶθυτενές
526 3550 579 3595 s,
623 3526 915 3611 ἶθυπόρον.

302 3742 419 3831 Ep.
476 3742 516 3811 7
522 3744 585 3825 4,
634 3742 694 3811 3.

532 3854 565 3927 ἦ
614 3852 795 3931 μέγα
842 3875 939 3917 κα
956 3874 1003 3932 γ
1019 3849 1191 3934 xci(
1204 3874 1400 3916 ουσα
1450 3848 1864 3931 λεοντοφόνοις
1913 3850 2015 3915 ἐπὶ
2066 3850 2284 3925 νίκαις.

220 3952 289 4033 In
348 3960 649 4025 Aeacum
708 3978 896 4026 nemo
951 3959 1293 4025 mirabitur
1336 3958 1501 4025 hanc
1547 3956 1820 4023 formam
1868 3978 1981 4044 pro
2031 3956 2436 4041 καχάζουσα,
2485 3958 2594 4025 sed

218 4084 373 4131 novo
428 4086 551 4131 usu
597 4066 747 4131 huic
792 4066 985 4133 verbo
1034 4066 1263 4131 tribuit
1308 4085 1431 4132 non
1484 4065 1891 4128 cachinnandi
1912 4111 1930 4144 ‚
1979 4065 2089 4131 sed
2135 4066 2440 4129 iubilandi
2486 4086 2596 4131 no-

218 4172 447 4237 tionem
468 4222 486 4256 ,
550 4172 701 4239 licet
761 4178 1107 4260 cognatum
1168 4172 1439 4239 verbum
1502 4169 1923 4238 Homericum
1972 4191 2114 4237 eam
2161 4175 2300 4238 vim
2349 4172 2590 4237 habens

222 4276 285 4339 in
323 4284 623 4364 promptu
672 4284 869 4363 esset,
916 4280 972 4343 si
1018 4277 1291 4343 scribere
1338 4274 1652 4344 voluisset
1698 4300 1858 4355 καγ
1879 4278 2099 4358 χαλὸ
2116 4302 2291 4343 aava.
