3150 5000
1363 269 1699 320 Lucanus.
2594 249 2728 318 225

435 435 562 498 Pro
607 433 996 518 Imaqinibus.
1049 433 1202 520 Cap.
1251 433 1315 501 2.
1365 435 1551 517 μέχρι
1602 437 1727 519 γὰρ
1776 436 1949 502 τοῦδε
1996 437 2049 502 ol
2098 432 2329 501 ἔπαινοι
2378 432 2621 500 ἀνεκτοὶ
2670 434 2730 506 ές

343 537 478 604 ὅσον
551 538 627 605 ἂν
693 540 721 605 ὃ
791 540 1222 619 ἐπαινούμενος
1294 541 1550 624 γνωρίζῃ
1614 541 1872 609 ἕκαστον
1933 550 2049 608 τῶν
2118 541 2468 621 λεγομένων
2516 540 2731 623 προσὸν

344 645 581 724 ἑαυτῷ·
640 646 710 710 τὸ
774 646 838 712 δὲ
901 648 1046 728 ὑπὲρ
1108 653 1288 713 τοῦτο
1337 648 1784 728 ἀλλότριον
1835 649 1943 727 ἤδη
1992 648 2097 715 καὶ
2150 649 2446 713 κολακεία
2492 647 2729 729 σαφής.

343 751 791 833 ἀλλότριον
855 761 920 820 et
981 756 1194 839 ipsum
1244 756 1322 820 ab
1372 756 1490 821 hoc
1536 755 1674 822 loco
1722 777 1916 842 quam
1962 756 2247 822 maxime
2293 743 2733 839 alienum'est,

345 865 412 924 et
450 858 718 946 cogitari
766 863 967 945 possit
1013 861 1090 927 de
1137 861 1343 927 ἄλλό
1359 886 1441 927 κο
1461 886 1627 947 τον,
1679 862 1844 948 quod
1893 883 2077 947 saepe
2125 863 2477 938 absurdum,
2529 860 2733 924 incon·

335 987 554 1046 qruum
617 963 954 1053 significat.
1019 966 1210 1032 Ratio
1258 973 1472 1034 tamen
1519 967 2053 1056 palaeographica
2098 970 2311 1053 potius
2358 967 2583 1033 ducere
2631 967 2733 1033 vi-

345 1070 533 1136 detur
594 1069 672 1136 ad
736 1070 1116 1152 ἄμετρον,
1183 1073 1585 1152 immodicum,
1654 1073 1819 1160 quod
1870 1093 2062 1158 quam
2114 1093 2338 1159 parum
2387 1072 2733 1157 discrepet,

341 1177 563 1244 vides:
614 1186 1124 1244 ΑΛΛΟΤΡΙΟΝ
1177 1217 1262 1228 -
1313 1189 1760 1246 ΛΜΕΤΡΟΝ.
1832 1180 2108 1268 Egregie
2155 1178 2274 1245 hoc
2322 1176 2737 1245 confirmatur

343 1281 488 1349 loco
531 1285 600 1348 in
647 1284 772 1351 Pro
818 1285 1070 1373 Imagg.
1125 1284 1195 1353 O.
1247 1286 1365 1352 18:
1416 1285 1627 1352 ταῦτα
1676 1309 1765 1351 σοι
1818 1285 2183 1365 ἔκμετρα
2230 1281 2395 1360 ἔδοξε
2436 1283 2542 1349 καὶ
2586 1283 2733 1362 ὑπὲρ

344 1392 452 1455 τὸν
511 1391 711 1477 πόδα,
779 1394 892 1457 ubi
952 1393 1106 1458 haec
1165 1395 1304 1478 ipsa
1367 1393 1560 1459 verba
1622 1395 2083 1478 respiciuntur,
2143 1398 2215 1458 ut-
2256 1393 2312 1456 si
2361 1397 2528 1456 recte
2574 1389 2644 1454 h.
2686 1388 2735 1456 l.

345 1494 394 1560 ἄ
413 1521 508 1574 με
529 1522 704 1578 τρον
750 1501 1180 1576 restituimus,
1208 1499 1602 1584 probandum
1632 1498 1939 1575 videatur,
1971 1499 2135 1582 quod
2162 1498 2213 1564 1³·
2238 1498 2514 1574 exhibet,
2553 1493 2737 1575 ἅμε-

345 1627 390 1669 τ
406 1628 494 1685 ρα
541 1626 656 1691 pro
706 1605 1084 1684 ἔκμετρα.
1133 1605 1291 1672 Post
1334 1627 1540 1692 pauca
1587 1606 1976 1672 concinnitas
2015 1605 2275 1682 suadet,
2315 1610 2393 1669 ut
2440 1627 2736 1685 περιτι·

348 1711 522 1785 θείη
569 1732 949 1796 reponamus
996 1732 1110 1796 pro
1161 1713 1555 1792 περιθείη.

443 1814 597 1902 Gap.
647 1815 710 1882 3.
757 1815 1004 1884 Scribe:
1057 1813 1256 1895 ὅμοιόν
1301 1819 1426 1906 (τι)
1477 1826 1542 1885 et
1590 1821 1621 1884 ἑ
1648 1809 2095 1898 ιιέκρυπτο.
2148 1823 2213 1882 et
2260 1815 2412 1902 Cap.
2465 1817 2541 1881 4:
2594 1815 2735 1892 ἐμέ-

347 1949 542 2005 μνητο
594 1923 670 1990 δὲ
716 1924 825 1988 καί
869 1946 982 2011 pro
1030 1925 1222 2010 γοὶρ,
1271 1931 1336 1991 et
1382 1924 1534 2013 Cap.
1588 1926 1668 1993 5:
1716 1925 2152 2004 παραπλήσιον
2198 1923 2261 1990 δὲ
2306 1925 2400 2010 (ἢ)
2445 1923 2551 1989 καὶ
2600 1947 2733 2002 μα-

345 2035 466 2112 κρῷ
514 2031 728 2097 τούτου
773 2029 1172 2112 γελοιότερον.

444 2136 595 2225 Cap.
662 2137 724 2204 6.
799 2137 1092 2203 ἁπάντων
1140 2134 1237 2203 οὖν
1281 2145 1398 2204 τῶν
1443 2137 1724 2204 τοιούτων
1771 2135 2099 2216 κατεγέλα
2150 2138 2292 2223 [τῶν
2339 2133 2736 2216 παρεχόντων

347 2244 573 2317 αὐτοὺς
625 2252 747 2315 τοῖς
796 2243 1064 2330 κόλαξι].
1114 2245 1535 2333 Expungatur
1581 2244 1899 2311 insulsum
1947 2240 2297 2310 emblema!

444 2349 596 2437 Gap.
646 2349 709 2416 8.
760 2347 950 2428 ὥστε,
1002 2349 1043 2416 ὦ
1094 2359 1357 2430 Λυκῖνε,
1407 2351 1469 2437 (ἢ
1521 2351 1707 2436 adde)
1753 2350 2177 2432 μεταγράψαι
2225 2373 2295 2414 σε
2345 2349 2430 2425 τὰ
2470 2352 2734 2415 τοιαῦτα

345 2457 671 2525 ἐκέλευσεν
729 2456 764 2534 ἢ
829 2458 986 2533 αὐτὴ
1036 2458 1150 2535 μὲν
1196 2457 1779 2540 μαρτύρασθαι
1828 2457 1947 2530 τας
1995 2456 2136 2528 θεας
2180 2458 2259 2529 ὥς
2306 2453 2571 2531 ἀκούσης
2620 2454 2737 2521 αὖ·

347 2571 464 2637 τῆς
525 2563 912 2645 γέγραφας,
977 2565 1058 2630 σὲ
1120 2565 1200 2629 δὲ
1262 2564 1469 2629 εἶδέν
1490 2588 1604 2650 αι,
1670 2559 1761 2628 ὅτι
1820 2565 2060 2629 ἀνιάσει
2124 2565 2317 2635 αὐτὴν
2365 2562 2434 2628 τὸ
2482 2560 2735 2640 βιβλίον

347 2668 506 2737 οὕτω
569 2676 970 2752 περινοστοῦν.
1043 2669 1306 2736 Variani:
1367 2669 1518 2737 libri
1577 2672 1747 2736 inter
1804 2670 2383 2749 μαρτύρασθαι
2434 2677 2497 2735 et
2542 2692 2737 2748 μαρ-

345 2800 394 2842 τ
415 2776 773 2862 ύρεσθαι,
845 2783 1190 2862 utrumque
1258 2778 1518 2852 vitiose:
1594 2796 1744 2843 nam
1813 2778 2123 2841 sententia
2182 2781 2397 2862 aperte
2449 2774 2737 2861 futurum

347 2882 668 2970 postulat:
735 2907 1090 2965 μαρτυρε
1111 2882 1352 2947 ῒσθαι.
1427 2882 1761 2949 Praeterea
1806 2881 2235 2968 supplendum
2282 2882 2618 2947 existimo:
2668 2879 2737 2943 σὲ

350 2989 417 3055 δὲ
468 2988 682 3074 (δεῖν)
727 2990 966 3055 εἰδέναι.

445 3094 606 3160 lbid.
680 3098 707 3162 ὃ
756 3096 818 3161 δὲ
867 3100 1076 3161 ταῦτα
1123 3096 1302 3161 εἷπῶν
1355 3094 1501 3176 ὑπὲρ
1551 3096 1738 3160 αὐτὸν
1787 3094 1889 3160 τὸν
1935 3092 2177 3174 οὐρανὸν
2225 3088 2738 3171 ἀναβιβάζει

347 3204 464 3277 τὴν
513 3210 806 3280 γυναῖκα.
855 3201 999 3268 Non
1043 3203 1136 3268 ita
1183 3202 1471 3280 dederat,
1518 3200 1628 3267 sed
1674 3198 2265 3281 ἀναβιβάζεις.

450 3306 601 3395 Cap.
652 3307 715 3373 9.
764 3307 1020 3394 Repone
1066 3308 1317 3387 μηδὲν
1364 3307 1820 3387 ἀξυνετωτέραν
1869 3314 1933 3374 et
1973 3312 2735 3388 μετασχηματιεῖν.

450 3413 610 3481 Ibid.
673 3414 908 3480 ἔπαυσε
971 3414 1074 3480 τὸν
1134 3413 1435 3495 ἄνθρωπον
1501 3415 1582 3479 οὐ
1640 3420 1987 3485 πιθανῶς
2034 3414 2357 3485 κολοσσοὺς
2402 3412 2741 3477 ἀναπλάτ-

351 3544 566 3585 τοντα.
637 3520 1012 3587 Ridiculum
1074 3521 1192 3587 hoc
1251 3527 1376 3597 est,
1445 3523 1795 3592 πιθανῶς
1856 3516 2462 3585 ἀναπλάττεινῐ
2530 3518 2735 3608 Lege:

351 3626 785 3698 ἀπιθάνους
859 3628 1312 3701 κολοσσόυς.
1388 3624 1484 3692 Cf.
1544 3624 1813 3693 Charon.
1874 3624 1945 3691 C.
2010 3626 2085 3690 4:
2157 3623 2555 3690 ἀπίθανόν
2600 3649 2739 3691 τινα

351 3736 466 3808 τὴν
511 3734 984 3814 μεγαλουργίαν
1035 3738 1098 3799 et
1142 3735 1400 3819 passim.
1448 3733 1784 3799 Praeterea
1829 3732 2059 3798 collato
2096 3732 2234 3797 loco
2268 3732 2528 3820 gemino
2564 3730 2739 3797 Hist.

355 3838 432 3909 G.
484 3840 568 3905 12
616 3861 728 3926 pro
775 3838 1438 3919 ὑπισχνουμένου
1487 3839 1714 3905 malim
1766 3838 2349 3921 ὑποσχομένου.

451 3944 604 4033 Gap.
657 3944 760 4013 10.
810 3948 912 4012 καὶ
961 3955 1290 4026 προσκυνεῖ
1331 3970 1436 4012 σου
1483 3945 1568 4011 τὰ
1618 3944 1951 4025 ἀρχέτυπα
2002 3943 2739 4031 [παραδείγματα].

353 4052 779 4119 Vehementer
847 4051 1012 4117 mihi
1081 4051 1588 4139 interpolationis
1656 4057 2023 4137 suspectum
2094 4058 2191 4116 est
2257 4049 2423 4115 illud
2492 4073 2741 4129 παρα-

357 4158 823 4237 δείγματας
894 4179 1044 4224 nam
1114 4158 1280 4223 nihil
1349 4158 1514 4245 apud
1570 4158 1881 4223 Nostrum
1945 4156 2335 4243 frequentius
2397 4160 2495 4220 est·
2542 4175 2733 4240 quam

357 4266 460 4330 τὰ
509 4264 948 4345 ἀρχέτυπα
998 4284 1200 4350 neque
1249 4284 1518 4350 usquam
1558 4264 1871 4330 eiusmodi
1914 4262 2067 4347 quid
2108 4262 2427 4328 adiectum
2462 4261 2736 4325 invenio.

357 4370 450 4439 Ut
497 4379 702 4439 cetera
739 4373 1039 4438 omittam
1062 4416 1079 4448 ‚
1121 4371 1268 4437 vide
1305 4368 1408 4437 vel
1447 4368 1797 4457 Dialogum
1824 4369 2211 4455 superiorem
2228 4389 2245 4447 ;
2276 4366 2531 4454 Imagg.
2558 4362 2629 4433 G.
2660 4362 2739 4431 3:
