3150 5000
1301 313 1544 364 mmo.
2524 289 2614 357 53

325 479 798 548 Demonstravit
872 480 1238 560 Vahlenus‚
1301 481 1584 548 Hermae
1657 481 1783 547 vol.
1848 481 1977 546 XV
2036 478 2271 566 (1880)
2340 501 2401 566 p.
2476 477 2609 546 266

240 587 420 654 Zellii
471 588 980 654 emendationem
1041 596 1334 652 auctorent
1397 591 1466 653 in
1531 587 1741 653 verbis
1786 588 1823 671 ξ
1872 585 1958 651 68
2012 593 2125 670 „ut
2170 589 2303 652 iam
2350 587 2431 652 ad
2476 607 2609 652 ser-

241 697 438 760 monis
499 695 632 758 mei
691 717 899 758 morem
962 693 1277 760 revertar''
1339 716 1462 760 non
1523 694 1827 760 sufficere.
1898 693 2069 759 Nam
2114 713 2239 758 non
2284 695 2499 757 minus
2544 696 2611 758 in

241 802 538 885 proximis
579 820 770 884 quam
809 802 876 864 in
919 801 1348 885 superioribus
1388 798 1609 866 Cicero
1650 799 1985 866 Platonem
2026 809 2350 864 auctorem
2385 799 2608 876 habet3

237 906 310 970 ef.
373 905 568 972 modo
633 903 785 972 563.
873 905 927 970 Ε
983 906 1152 991 apud
1200 905 1572 972 Platonem:
1622 905 1888 983 ταύτόν,
1938 901 2084 985 ὅπερ
2132 905 2193 968 ἐν
2240 913 2317 986 τῇ
2362 906 2613 984 ὀλιγαρ-

239 1013 350 1093 χίᾳ
409 1012 656 1086 νόσημα
717 1011 1122 1089 ἐγγενόμενον
1182 1011 1504 1076 ἀπώλεσεν
1562 1013 1792 1094 αὐτήν,
1854 1017 2036 1076 τοῦτο
2108 1009 2213 1075 καὶ
2284 1011 2346 1074 ἐν
2412 1011 2613 1092 ταύτῃ

239 1117 412 1182 πλέον
475 1141 548 1184 τε
613 1117 718 1182 καὶ
781 1115 1166 1198 ἰσχυρότερον
1233 1120 1300 1183 ἐκ
1361 1127 1472 1192 τῆς
1532 1117 1809 1195 ἐξουσίας
1859 1115 2263 1196 ἐγγενόμενον
2310 1115 2614 1182 καταδου-

239 1229 448 1290 λοῦται
503 1224 918 1304 δημοκρατίαν
967 1245 1114 1290 cum
1165 1225 1472 1310 proximis
1517 1224 1685 1309 apud
1734 1221 2137 1290 Ciceronem:
2192 1243 2383 1300 „nam
2426 1229 2499 1288 ut
2539 1242 2615 1286 ex

237 1333 432 1395 nimia
497 1332 784 1416 potentia
841 1332 1206 1417 principum
1255 1331 1459 1395 oritur
1503 1333 1801 1395 interitus
1850 1333 2242 1414 principum,
2306 1331 2399 1394 sic
2448 1328 2619 1393 hunc

239 1437 424 1502 nimis
471 1437 750 1502 liberum
796 1437 1106 1522 populum
1160 1436 1418 1502 libertas
1463 1438 1603 1520 ipsa
1650 1439 1961 1502 servitute
2006 1435 2266 1501 afficit’'.
2316 1435 2503 1501 Plato
2526 1435 2619 1500 ibi

239 1546 488 1628 respicit
551 1542 630 1608 ad
691 1542 1192 1628 disputationem
1257 1543 1336 1608 de
1391 1545 1751 1629 principum
1821 1544 2085 1608 interitu
2167 1563 2227 1627 p.
2300 1541 2453 1607 555.
2526 1541 2611 1620 Β,

241 1669 421 1733 qnam
489 1645 713 1716 Cicero
773 1669 898 1714 non
961 1651 1294 1714 convertit.
1381 1647 1506 1715 Sed
1571 1649 1691 1714 hoc
1738 1648 2049 1734 quidquid
2096 1654 2231 1732 est,
2282 1647 2613 1713 Platonem

241 1753 299 1818 h.
321 1755 368 1820 l.
433 1756 768 1840 exprimit,
837 1755 1130 1840 deinceps
1173 1757 1403 1820 etiam:
1474 1755 1607 1832 „sic
1654 1757 1869 1820 omnia
1914 1757 2153 1832 nimia,
2202 1775 2350 1819 oum
2400 1753 2505 1820 vel
2550 1755 2618 1818 in

243 1866 616 1946 tempestate
676 1859 780 1926 vel
843 1862 911 1925 in
972 1864 1146 1948 agris
1215 1861 1312 1926 vel
1374 1863 1440 1925 in
1487 1861 1853 1946 corporibus
1898 1859 2165 1926 laetiora
2210 1861 2466 1926 fuerunt
2485 1907 2501 1938 ‚
2548 1863 2617 1924 in

243 1969 548 2032 contraria
586 1968 713 2033 fere
751 1965 1262 2033 convertuntur’'.
1310 1966 1532 2032 Plato:
1584 1967 1689 2030 καὶ
1739 1970 1822 2047 τῷ
1871 1965 1995 2030 ὄντι
2036 1968 2107 2031 τὸ
2146 1965 2321 2043 ἄγαν
2344 1986 2405 2029 τι
2430 1974 2620 2031 ποιεῖν

244 2073 528 2150 μεγάλην
589 2081 776 2152 Φιλει·
835 2074 920 2146 εἰς
971 2076 1316 2139 τούναντίον
1361 2073 1727 2150 μεταβολὴν
1774 2071 2275 2151 ἀνταποδιδόναι,
2332 2073 2393 2137 ἐν
2442 2069 2615 2152 ὥραις

245 2179 672 2266 (tempestate)
719 2203 790 2244 τε
839 2170 948 2243 καὶ
995 2185 1060 2244 ἐν
1105 2185 1325 2260 Φυτοῒς
1373 2180 1478 2244 καὶ
1513 2180 1574 2243 ἐν
1616 2182 1915 2256 σώμασιν.
1978 2179 2166 2264 Apud
2210 2177 2618 2245 Ciceronemz

251 2288 608 2370 „nimiaque
652 2285 768 2351 illa
812 2285 1072 2351 libertas
1110 2289 1177 2351 in
1219 2287 1486 2351 nimiam
1528 2287 1907 2350 servitutem
1952 2284 2119 2350 cedit
2161 2283 2321 2370 (MS.
2349 2283 2619 2371 cadit)”;

248 2391 404 2476 apud
463 2391 802 2456 Platonem
869 2389 1021 2456 564.
1089 2394 1179 2456 A:
1251 2395 1284 2466 ἦ
1347 2392 1474 2471 γὰρ
1539 2391 1714 2470 ἄγαν
1776 2391 2082 2470 ἐλευθερία
2148 2389 2330 2456 ἔοικεν
2376 2392 2483 2456 οὐκ
2532 2392 2619 2464 εἷς

249 2497 396 2562 ἄλλο
461 2522 524 2563 τι
587 2497 622 2573 ἢ
687 2498 774 2570 εἷς
837 2495 1012 2576 ἄγαν
1069 2500 1347 2564 δουλείαν
1411 2497 1851 2577 μεταβάλλειν
1900 2497 2093 2577 (unde
2139 2504 2399 2583 apparet
2446 2495 2621 2577 ἄγαν

249 2609 382 2669 ante
440 2604 757 2681 δουλείαν,
822 2607 962 2670 iure
1025 2611 1388 2690 suspectum
1412 2650 1428 2683 ,
1491 2612 1707 2669 tamen
1767 2606 1899 2669 iam
1947 2625 1984 2670 a
2016 2602 2329 2670 Cicerone
2377 2604 2618 2670 lectum

251 2712 421 2791 esse).
509 2710 760 2774 Reverti
821 2712 1026 2797 igitur
1070 2709 1148 2773 ad
1195 2709 1528 2775 Platonem
1578 2731 1647 2774 se
1690 2708 1905 2795 Scipio
1953 2708 2157 2775 dicere
2202 2730 2324 2775 non
2372 2716 2621 2795 potest,

249 2814 472 2899 ubiqu'e
519 2818 812 2901 sequitur
859 2836 892 2880 e
943 2818 1214 2903 vestigio
1255 2815 1626 2891 Platonem3
1670 2836 1787 2881 nec
1833 2815 1911 2879 ad
1958 2836 2169 2878 morem
2193 2835 2417 2879 suum:
2448 2815 2622 2899 quod

253 2922 410 2984 enim
481 2940 556 2985 ex
621 2940 740 2985 sua
799 2941 1064 3005 persona
1116 2920 1315 3007 vulgo
1361 2920 1692 3005 loquatur,
1741 2942 1864 2986 non
1912 2927 2008 2985 est
2048 2923 2257 3007 magis
2306 2941 2447 2986 mos
2493 2920 2624 2986 Sci·

253 3028 450 3108 pionis
509 3046 704 3111 quam
766 3028 1070 3092 cuiusvis.
1162 3024 1328 3092 Cum
1389 3034 1605 3092 tamen
1664 3028 1829 3093 nihil
1892 3026 2069 3092 aliud
2137 3030 2390 3093 intersit
2457 3030 2624 3094 inter

255 3134 452 3215 priora
514 3140 578 3198 et
635 3135 1015 3218 posteriora,
1077 3153 1270 3217 quam
1334 3133 1500 3217 quod
1563 3133 1681 3199 illa
1740 3134 1977 3198 directe
1997 3181 2013 3205 .
2093 3134 2247 3198 haec
2317 3133 2627 3199 indirecta

253 3242 520 3305 oratione
564 3242 729 3321 (,‚ait
766 3238 879 3305 ille
917 3239 1230 3324 otiarer-W)
1250 3287 1265 3318 ‚
1315 3242 1503 3305 initio
1543 3247 1743 3317 certe,
1794 3240 2229 3325 proferuntur,
2276 3241 2429 3305 haec
2454 3239 2629 3305 vide—

253 3348 351 3409 tur
393 3348 706 3411 sententia
750 3348 1025 3431 requiri:
1073 3352 1150 3411 ut
1195 3347 1354 3411 meis
1400 3367 1619 3411 rursus
1660 3346 1873 3411 verbis
1913 3351 2077 3411 utar.
2126 3344 2270 3411 Non
2312 3344 2457 3410 vult
2494 3346 2624 3410 iam

255 3449 534 3537 abrumpi
595 3451 944 3517 identidem
1007 3452 1354 3517 orationem
1416 3451 1524 3516 sed
1579 3452 1752 3517 solus
1799 3453 1993 3517 verba
2036 3452 2273 3519 facere:
2329 3457 2447 3528 „ut
2490 3453 2625 3516 iam

257 3554 328 3620 ad
385 3560 696 3624 sermonis
759 3558 890 3623 mei
953 3562 1234 3622 tenorem
1299 3556 1645 3621 revertar”.
1729 3555 1935 3622 Tenor
1983 3566 2079 3621 est
2132 3578 2355 3621 cursus
2402 3576 2627 3641 perpe-

257 3666 430 3740 tuus,
485 3682 606 3729 non
657 3663 984 3746 abruptus.
1061 3662 1244 3740 „Uno
1293 3662 1549 3727 tenore'’
1598 3663 1889 3748 frequens
1937 3663 2101 3749 apud
2154 3662 2439 3728 Livium.
2492 3658 2627 3729 Cic.

259 3760 351 3829 Or.
413 3766 532 3831 21:
603 3770 828 3853 „isque
887 3789 1014 3833 uno
1061 3774 1312 3853 tenore,
1369 3776 1448 3833 ut
1493 3771 1710 3842 aiunt,
1761 3772 1828 3833 in
1884 3769 2147 3835 dicendo
2194 3766 2397 3833 fluit”.
2470 3766 2629 3833 Ver-

257 3870 440 3957 gilio,
485 3872 756 3948 ovidio,
808 3872 1274 3954 Quint-tiliam,
1323 3874 1468 3941 aliis
1509 3882 1889 3960 usurpatur:
1930 3872 2251 3962 sig-nificat
2274 3874 2465 3940 modo
2488 3894 2626 3959 per·

259 3980 622 4059 petuitatem
643 4029 662 4065 ,
726 3979 918 4046 modo
973 3982 1424 4065 proprietatem
1446 4030 1462 4063 ,
1513 4000 1638 4065 quo
1685 3980 1875 4046 modo
1924 3980 2080 4047 alibi
2124 3980 2341 4066 signif.
2375 3980 2581 4063 filma.

343 4190 448 4257 68.
509 4192 640 4259 Vix
701 4200 874 4257 recte
930 4192 1200 4257 dicitur:
1265 4194 1395 4270 „sic
1445 4198 1750 4277 tanquam
1800 4192 2003 4277 pilam
2051 4195 2307 4277 rapiunt
2352 4194 2521 4258 inter
2567 4212 2635 4258 se

263 4298 346 4361 rei
387 4298 676 4382 publicae
723 4305 943 4362 ctutum
994 4296 1247 4385 tyranni
1295 4297 1374 4363 ab
1421 4296 1737 4384 reg-ibus”.
1801 4297 1945 4362 Non
1986 4304 2287 4383 tanquam
2328 4296 2625 4382 praedam

265 4406 585 4491 regiminis
645 4406 916 4469 sormam
983 4403 1168 4470 alteri
1223 4402 1443 4469 alteris
1503 4406 1820 4489 eripiunt,
1886 4403 1995 4469 sed
2055 4404 2345 4493 regimen
2390 4406 2631 4489 ipsum.
