3150 5000
1204 259 1670 319 umosnnmvs.
2507 253 2638 319 299

254 433 552 517 nequiens
599 432 889 512 Firmus,
938 435 1018 500 ad
1065 456 1285 501 omnes
1333 436 1797 502 dissensionum
1837 438 2052 503 motus
2091 435 2448 522 perflabiles
2489 458 2641 526 gen-

252 543 347 604 tes
392 537 713 606 Mauricas
759 542 1199 628 concitasset.”

347 641 644 733 Corrigas
689 647 889 713 uelim
941 670 1023 734 „p
1040 671 1071 712 r
1085 668 1121 713 0
1138 671 1173 714 c
1188 669 1225 714 a
1242 671 1275 714 c
1292 669 1327 715 e
1346 670 1377 713 s
1426 648 1715 716 militum
1764 649 2033 716 fastus.’'

343 861 411 929 8.
456 860 537 928 6.·
569 862 1093 942 „Valentinianus
1140 912 1155 930 .
1184 913 1201 929 .
1229 915 1243 929 .
1294 867 1565 931 minime
1611 871 1912 952 reputans
1951 865 2192 932 adflicti
2239 865 2474 933 solacia
2513 871 2641 933 sta·

250 974 357 1034 tus
418 989 668 1056 semper
704 991 858 1037 esse
919 971 1341 1038 lenitudinem
1406 974 1768 1058 principum
1791 1019 1807 1051 ,
1855 992 2085 1058 poenas
2130 992 2244 1059 per
2288 975 2472 1061 ignes
2518 993 2644 1039 au-

250 1075 507 1162 gebat
554 1081 619 1141 et
665 1075 985 1163 gladios.'’

339 1180 718 1269 Legendum
766 1187 863 1248 est
911 1201 1186 1266 „poenas
1231 1204 1343 1269 per
1387 1182 1569 1272 ignes
1617 1185 2024 1273 exigebat
2067 1191 2132 1252 et
2178 1185 2493 1274 gladios.'’

342 1397 405 1464 8.
460 1398 567 1467 10.
632 1400 884 1468 Inuidia
953 1401 1434 1469 Valentinianus
1502 1402 1881 1469 medullitus
1949 1402 2251 1470 urebatur
2313 1409 2378 1470 et
2439 1407 2642 1471 sciens

248 1504 550 1592 pleraque
620 1509 926 1574 uitiorum
992 1509 1240 1574 imitari
1300 1508 1499 1574 solere
1561 1511 1836 1574 uirtutes
1856 1556 1872 1587 ‚
1935 1510 2332 1575 memorabat
2378 1511 2641 1578 adsidue

248 1610 613 1678 liuorem
676 1617 1179 1681 seueritatis
1239 1621 1515 1681 rectae
1578 1617 1912 1700 potestatis
1971 1635 2104 1682 esse
2155 1617 2642 1704 [inuidiam]

249 1721 510 1786 sociam.
563 1726 757 1807 utque
806 1726 955 1787 sunt
1000 1705 1391 1808 dignitatum
1429 1723 1640 1808 apices
1678 1723 1948 1787 maximi
1969 1767 1986 1798 ‚
2021 1721 2212 1788 licere
2249 1724 2374 1788 sibi
2414 1730 2643 1791 cuncta

230 1827 723 1905 existimantes,
764 1833 843 1893 et
888 1828 967 1893 ad
1012 1826 1668 1913 supplicandum
1707 1830 2050 1893 contrarios
2089 1829 2642 1916 exturbandosque

250 1931 549 1998 meliores
613 1937 874 2019 pronius
932 1932 1259 2018 inclinati,
1323 1934 1480 2000 bene
1543 1936 1809 2000 uestitos
1870 1934 2087 2000 oderat
2133 1940 2198 2000 et
2244 1933 2526 2001 eruditos
2579 1942 2644 2002 et

252 2038 587 2124 opulentos
633 2045 698 2106 et
743 2039 1054 2106 nobiles.’'

340 2143 443 2210 Ita
489 2145 701 2211 locum
749 2145 951 2212 edidit
996 2145 1474 2231 Gardthausen3
1523 2167 1679 2210 num
1725 2151 1894 2212 recte
1940 2145 2183 2212 dubito.
2235 2147 2380 2213 Nisi
2425 2150 2643 2215 omnia

250 2250 523 2329 fallunt,
571 2250 1049 2318 Valentinianus
1094 2259 1171 2318 ut
1206 2252 1521 2318 inuidiam
1543 2299 1559 2329 ‚
1602 2272 1728 2337 qua
1767 2251 2124 2329 laborabat,
2169 2252 2639 2340 dissimularet,

250 2357 626 2441 persuadere
684 2359 979 2424 omnibus
1024 2357 1313 2438 uolebat,
1362 2380 1429 2424 se
1472 2361 1539 2423 in
1593 2358 1881 2424 homines
1927 2359 2052 2424 sibi
2099 2366 2418 2444 suspectos
2466 2381 2642 2448 gras-

250 2466 372 2530 sari
391 2512 408 2542 ,
460 2484 585 2530 non
631 2463 799 2551 quod
844 2466 925 2530 iis
964 2457 1316 2543 inuideret,
1357 2464 1466 2530 sed
1507 2469 1581 2530 ut
1619 2466 2028 2530 seueritatem
2071 2471 2419 2543 exerceret,
2448 2487 2642 2553 quam

249 2572 702 2656 imperatorem
750 2592 1001 2658 semper
1047 2572 1347 2638 adhibere
1392 2592 1648 2637 necesse
1695 2578 1878 2638 esset.
1931 2570 2106 2651 Quae
2153 2593 2302 2637 cum
2348 2574 2442 2638 ita
2488 2576 2636 2653 sint,

246 2676 594 2766 legendum
643 2681 883 2744 conicio
939 2679 1377 2755 „memorabat
1424 2677 1687 2743 adsidue
1733 2680 2101 2765 rigorem
2154 2683 2488 2745 erectae
2533 2700 2640 2764 po·

248 2784 500 2849 testatis
560 2804 695 2851 esse
754 2784 1296 2850 indiuiduam
1341 2782 1648 2850 sociam.”
1699 2783 1774 2848 In
1821 2781 1902 2847 V.
1959 2788 2056 2848 est
2104 2782 2419 2861 „liuorem
2463 2804 2642 2851 seue·

246 2889 575 2955 ritatem.”
664 2888 1175 2968 „seueritatem”
1246 2894 1579 2975 tamqnam
1653 2887 1974 2977 glossema
2047 2889 2390 2956 delendum
2463 2898 2639 2977 puto.

248 2994 477 3063 Erecta
537 3002 817 3082 potestas
861 3022 943 3049 =
990 2996 1175 3064 celsa.
1247 2996 1337 3061 In
1356 2994 1596 3061 dinid
1614 3015 1712 3061 ua
1731 3016 1798 3060 m
1864 2998 2261 3084 excogitauit
2325 2994 2639 3067 Valesius.

248 3099 593 3189 Sequentia
638 3106 731 3169 ita
777 3103 1151 3192 corrigenda
1198 3103 1469 3168 arbitror
1517 3107 1592 3167 ut
1636 3101 1892 3189 legatur
1947 3108 2184 3187 „utque
2231 3108 2384 3167 sunt
2430 3103 2640 3193 digni-

249 3213 460 3275 tatum
523 3211 733 3295 apices
796 3212 1100 3303 maximi‚
1163 3210 1357 3275 licere
1400 3210 1524 3274 sibi
1573 3214 1802 3274 cuncta
1847 3210 2341 3305 existimantes,
2390 3209 2470 3275 ad
2517 3230 2641 3275 su-

249 3313 525 3399 gillan
544 3315 685 3380 dos
730 3318 1075 3381 contrarios
1114 3315 1664 3400 exturbandosque
1703 3313 1995 3379 meliores
2015 3316 2273 3400 pronius
2297 3312 2642 3381 inclinati.’'

250 3416 323 3483 In
384 3422 844 3486 uetustioribus
908 3421 1269 3487 editonibus
1311 3420 1648 3508 legebatur
1697 3418 2298 3508 „suggillandum”;
2351 3421 2640 3507 „suppli-

250 3524 568 3590 candum”
635 3526 951 3612 quomodo
1014 3526 1317 3612 explicari
1376 3528 1574 3613 possit
1637 3546 1760 3592 non
1809 3526 2016 3591 uide0.
2065 3524 2298 3593 Vereor
2345 3530 2513 3593 enim
2566 3535 2642 3594 ut

251 3633 546 3717 cuiquam
618 3636 1000 3719 persuaserit
1063 3632 1351 3699 Valesius
1368 3680 1385 3711 ,
1453 3636 1563 3718 qui
1611 3635 1925 3717 scriptum
1973 3652 2107 3697 esse
2154 3633 2480 3699 contendit
2527 3654 2641 3721 pro

255 3738 610 3824 „supplices
655 3742 698 3805 i.
727 3760 783 3806 e.
829 3740 1205 3806 humiliores
1257 3740 1584 3807 reddere.”

340 3940 404 4007 8.
458 3942 563 4008 14.
614 3944 788 4022 „Nec
834 3942 1143 4029 adflictis,
1182 3947 1237 4010 si
1276 3946 1404 4011 fors
1443 3946 1791 4031 ingruisset
1829 3944 2230 4045 inferior,
2269 3950 2404 4011 erat
2427 3945 2638 4012 ullum

250 4045 315 4109 in
359 4050 663 4135 principis
710 4051 1107 4138 benignitate
1152 4050 1592 4139 perfugium.'’

340 4150 604 4243 Gon-ige
649 4157 1110 4225 infelicior.

346 4354 449 4427 10.
496 4356 559 4424 2.
611 4356 835 4437 „Sedit
879 4366 1281 4427 summatum
1329 4358 1628 4438 consilio,
1676 4357 1898 4425 auulso
1945 4364 2172 4445 ponte,
2223 4378 2413 4444 quem
2461 4378 2638 4423 com-
