<?xml version="1.0" encoding="UTF-8"?>
<!DOCTYPE html PUBLIC "-//W3C//DTD XHTML 1.0 Transitional//EN"
    "http://www.w3.org/TR/xhtml1/DTD/xhtml1-transitional.dtd">
<html xmlns="http://www.w3.org/1999/xhtml" xml:lang="en" lang="en">
 <head>
  <title>
</title>
<meta http-equiv="Content-Type" content="text/html;charset=utf-8" />
  <meta name='ocr-system' content='tesseract 3.04.00' />
  <meta name='ocr-capabilities' content='ocr_page ocr_carea ocr_par ocr_line ocrx_word'/>
</head>
<body>
  <div class='ocr_page' id='page_1' title='image "./mnemosyne06servgoog_0804.png"; bbox 0 0 3150 5000; ppageno 0'>
   <div class='ocr_carea' id='block_1_1' title="bbox 69 4406 77 4523">
    <p class='ocr_par' dir='ltr' id='par_1_1' title="bbox 69 4406 77 4523">
     <span class='ocr_line' id='line_1_1' title="bbox 69 4406 77 4523; textangle 90"><span class='ocrx_word' id='word_1_1' title='bbox 69 4406 77 4523; x_wconf 65' lang='lat' dir='ltr'>—r*—›</span> 
     </span>
    </p>
   </div>
   <div class='ocr_carea' id='block_1_2' title="bbox 69 4556 83 4938">
    <p class='ocr_par' dir='ltr' id='par_1_2' title="bbox 69 4556 83 4938">
     <span class='ocr_line' id='line_1_2' title="bbox 69 4556 83 4938; textangle 90"><span class='ocrx_word' id='word_1_2' title='bbox 69 4868 83 4938; x_wconf 73' lang='grc' dir='ltr'><strong>ΓΤ</strong></span> <span class='ocrx_word' id='word_1_3' title='bbox 69 4764 72 4858; x_wconf 87' lang='lat'><strong>——</strong></span> <span class='ocrx_word' id='word_1_4' title='bbox 69 4556 72 4733; x_wconf 76' lang='lat'><em>—-—·</em></span> 
     </span>
    </p>
   </div>
   <div class='ocr_carea' id='block_1_3' title="bbox 556 210 1966 280">
    <p class='ocr_par' dir='ltr' id='par_1_3' title="bbox 556 210 1966 280">
     <span class='ocr_line' id='line_1_3' title="bbox 556 210 1966 280; baseline 0.002 -3"><span class='ocrx_word' id='word_1_5' title='bbox 556 210 686 278; x_wconf 81' lang='lat'><strong>326</strong></span> <span class='ocrx_word' id='word_1_6' title='bbox 1538 229 1966 280; x_wconf 71' lang='lat' dir='ltr'><strong>mmmm.</strong></span> 
     </span>
    </p>
   </div>
   <div class='ocr_carea' id='block_1_4' title="bbox 542 366 2930 607">
    <p class='ocr_par' dir='ltr' id='par_1_4' title="bbox 542 366 2930 607">
     <span class='ocr_line' id='line_1_4' title="bbox 542 366 2922 485; baseline -0 -24"><span class='ocrx_word' id='word_1_7' title='bbox 542 366 957 485; x_wconf 70' lang='lat' dir='ltr'>Pythagorae</span> <span class='ocrx_word' id='word_1_8' title='bbox 1018 399 1057 482; x_wconf 60' lang='grc' dir='ltr'>ξ</span> <span class='ocrx_word' id='word_1_9' title='bbox 1108 397 1278 472; x_wconf 73' lang='lat'>176:</span> <span class='ocrx_word' id='word_1_10' title='bbox 1342 398 1415 462; x_wconf 79' lang='grc' dir='ltr'><strong>τὸ</strong></span> <span class='ocrx_word' id='word_1_11' title='bbox 1477 397 1680 476; x_wconf 76' lang='grc' dir='ltr'><strong><em>μένειν</em></strong></span> <span class='ocrx_word' id='word_1_12' title='bbox 1745 401 1803 462; x_wconf 78' lang='grc' dir='ltr'><strong>ἐν</strong></span> <span class='ocrx_word' id='word_1_13' title='bbox 1875 408 1999 470; x_wconf 81' lang='grc' dir='ltr'><strong><em>τοῖς</em></strong></span> <span class='ocrx_word' id='word_1_14' title='bbox 2065 399 2446 480; x_wconf 73' lang='grc' dir='ltr'><strong>πατρίοις</strong></span> <span class='ocrx_word' id='word_1_15' title='bbox 2507 399 2677 474; x_wconf 62' lang='lat' dir='ltr'><strong>aoso!</strong></span> <span class='ocrx_word' id='word_1_16' title='bbox 2715 421 2790 462; x_wconf 78' lang='grc' dir='ltr'><strong>τε</strong></span> <span class='ocrx_word' id='word_1_17' title='bbox 2833 398 2922 462; x_wconf 76' lang='grc' dir='ltr'><strong>καὶ</strong></span> 
     </span>
     <span class='ocr_line' id='line_1_5' title="bbox 545 501 2930 607; baseline -0.001 -39"><span class='ocrx_word' id='word_1_18' title='bbox 545 503 933 582; x_wconf 76' lang='grc' dir='ltr'><strong>νομίμοις</strong></span> <span class='ocrx_word' id='word_1_19' title='bbox 973 503 1331 586; x_wconf 70' lang='grc' dir='ltr'><strong><em>ἐδοκίμαζον</em></strong></span> <span class='ocrx_word' id='word_1_20' title='bbox 1374 505 1429 570; x_wconf 76' lang='grc' dir='ltr'><strong>οἱ</strong></span> <span class='ocrx_word' id='word_1_21' title='bbox 1470 501 1683 607; x_wconf 57' lang='grc' dir='ltr'><strong><em>ἄνᾷρες</em></strong></span> <span class='ocrx_word' id='word_1_22' title='bbox 1734 505 1984 583; x_wconf 81' lang='grc' dir='ltr'><strong><em>ἐκεῖνοι,</em></strong></span> <span class='ocrx_word' id='word_1_23' title='bbox 2039 503 2154 572; x_wconf 68' lang='grc' dir='ltr'><strong>κᾶν</strong></span> <span class='ocrx_word' id='word_1_24' title='bbox 2201 503 2236 588; x_wconf 69' lang='grc' dir='ltr'><strong><em>ᾖ</em></strong></span> <span class='ocrx_word' id='word_1_25' title='bbox 2273 505 2464 586; x_wconf 73' lang='grc' dir='ltr'><strong><em>μικρῷ</em></strong></span> <span class='ocrx_word' id='word_1_26' title='bbox 2501 505 2688 586; x_wconf 76' lang='grc' dir='ltr'><strong><em>χείρω</em></strong></span> <span class='ocrx_word' id='word_1_27' title='bbox 2712 503 2930 585; x_wconf 74' lang='grc' dir='ltr'><strong><em>ἑτέρων.</em></strong></span> 
     </span>
    </p>
   </div>
   <div class='ocr_carea' id='block_1_5' title="bbox 541 716 2936 3044">
    <p class='ocr_par' dir='ltr' id='par_1_5' title="bbox 541 716 2936 3044">
     <span class='ocr_line' id='line_1_6' title="bbox 634 716 2930 805; baseline -0.001 -20"><span class='ocrx_word' id='word_1_28' title='bbox 634 716 788 805; x_wconf 80' lang='lat' dir='ltr'><strong>Cap.</strong></span> <span class='ocrx_word' id='word_1_29' title='bbox 838 717 921 784; x_wconf 79' lang='lat'><strong>21</strong></span> <span class='ocrx_word' id='word_1_30' title='bbox 975 719 1417 784; x_wconf 82' lang='lat' dir='ltr'><strong>describuntur</strong></span> <span class='ocrx_word' id='word_1_31' title='bbox 1465 716 1888 784; x_wconf 77' lang='lat' dir='ltr'>Athenienses</span> <span class='ocrx_word' id='word_1_32' title='bbox 1937 719 1996 791; x_wconf 79' lang='grc' dir='ltr'><strong>ἐς</strong></span> <span class='ocrx_word' id='word_1_33' title='bbox 2050 717 2388 798; x_wconf 69' lang='grc' dir='ltr'><strong><em>ἀλλοτρίαν</em></strong></span> <span class='ocrx_word' id='word_1_34' title='bbox 2435 723 2652 785; x_wconf 72' lang='grc' dir='ltr'><strong><em>πᾶσαν</em></strong></span> <span class='ocrx_word' id='word_1_35' title='bbox 2697 719 2741 783; x_wconf 76' lang='grc' dir='ltr'><strong>οἱ</strong></span> <span class='ocrx_word' id='word_1_36' title='bbox 2759 741 2930 796; x_wconf 79' lang='grc' dir='ltr'><strong><em>παρ·</em></strong></span> 
     </span>
     <span class='ocr_line' id='line_1_7' title="bbox 544 822 2930 909; baseline -0.001 -19"><span class='ocrx_word' id='word_1_37' title='bbox 544 825 986 909; x_wconf 73' lang='grc' dir='ltr'><strong><em>τήσοιντες,</em></strong></span> <span class='ocrx_word' id='word_1_38' title='bbox 1053 823 1120 901; x_wconf 77' lang='grc' dir='ltr'><strong>ἐξ</strong></span> <span class='ocrx_word' id='word_1_39' title='bbox 1176 823 1244 903; x_wconf 78' lang='grc' dir='ltr'><strong>ἧς</strong></span> <span class='ocrx_word' id='word_1_40' title='bbox 1292 831 1493 902; x_wconf 74' lang='grc' dir='ltr'><strong><em>μηνῶν</em></strong></span> <span class='ocrx_word' id='word_1_41' title='bbox 1540 824 1674 889; x_wconf 76' lang='grc' dir='ltr'><strong><em>οὐδὲ</em></strong></span> <span class='ocrx_word' id='word_1_42' title='bbox 1719 825 2032 904; x_wconf 70' lang='grc' dir='ltr'><strong><em>τεσσάρων</em></strong></span> <span class='ocrx_word' id='word_1_43' title='bbox 2080 832 2196 890; x_wconf 80' lang='grc' dir='ltr'><strong>τῶν</strong></span> <span class='ocrx_word' id='word_1_44' title='bbox 2245 827 2609 907; x_wconf 79' lang='grc' dir='ltr'><strong><em>χειμερινῶν</em></strong></span> <span class='ocrx_word' id='word_1_45' title='bbox 2659 822 2930 904; x_wconf 71' lang='grc' dir='ltr'><strong><em>ἄγγελον</em></strong></span> 
     </span>
     <span class='ocr_line' id='line_1_8' title="bbox 541 931 2930 1018; baseline -0.002 -22"><span class='ocrx_word' id='word_1_46' title='bbox 541 931 740 1014; x_wconf 71' lang='grc' dir='ltr'><strong><em>ῥᾴδιον</em></strong></span> <span class='ocrx_word' id='word_1_47' title='bbox 786 933 1001 999; x_wconf 72' lang='grc' dir='ltr'><strong><em>ἐλθεῖν.</em></strong></span> <span class='ocrx_word' id='word_1_48' title='bbox 1049 931 1393 1017; x_wconf 85' lang='lat' dir='ltr'><strong>Displicuit</strong></span> <span class='ocrx_word' id='word_1_49' title='bbox 1442 932 1560 996; x_wconf 88' lang='lat' dir='ltr'><strong>hoc</strong></span> <span class='ocrx_word' id='word_1_50' title='bbox 1601 933 2017 1016; x_wconf 80' lang='lat' dir='ltr'><strong>participium</strong></span> <span class='ocrx_word' id='word_1_51' title='bbox 2058 931 2346 1018; x_wconf 91' lang='lat' dir='ltr'><strong>Popponi</strong></span> <span class='ocrx_word' id='word_1_52' title='bbox 2366 982 2385 1017; x_wconf 90' lang='lat'><strong>,</strong></span> <span class='ocrx_word' id='word_1_53' title='bbox 2428 935 2541 1018; x_wconf 89' lang='lat' dir='ltr'><strong>qui</strong></span> <span class='ocrx_word' id='word_1_54' title='bbox 2579 933 2930 1013; x_wconf 68' lang='grc' dir='ltr'><strong><em>ἀπάραντες</em></strong></span> 
     </span>
     <span class='ocr_line' id='line_1_9' title="bbox 544 1037 2934 1124; baseline -0.001 -22"><span class='ocrx_word' id='word_1_55' title='bbox 544 1043 609 1102; x_wconf 88' lang='lat' dir='ltr'><strong>et</strong></span> <span class='ocrx_word' id='word_1_56' title='bbox 654 1037 981 1104; x_wconf 83' lang='lat' dir='ltr'><strong>Meinekio</strong></span> <span class='ocrx_word' id='word_1_57' title='bbox 1001 1089 1018 1112; x_wconf 85' lang='lat'><strong>‚</strong></span> <span class='ocrx_word' id='word_1_58' title='bbox 1068 1040 1180 1123; x_wconf 87' lang='lat' dir='ltr'><strong>qui</strong></span> <span class='ocrx_word' id='word_1_59' title='bbox 1217 1037 1697 1113; x_wconf 69' lang='grc' dir='ltr'><strong>ἀπαντήσαντες</strong></span> <span class='ocrx_word' id='word_1_60' title='bbox 1736 1039 2025 1103; x_wconf 87' lang='lat' dir='ltr'><strong>coniecit.</strong></span> <span class='ocrx_word' id='word_1_61' title='bbox 2077 1038 2244 1104; x_wconf 85' lang='lat' dir='ltr'><strong>Fieri</strong></span> <span class='ocrx_word' id='word_1_62' title='bbox 2285 1044 2498 1124; x_wconf 86' lang='lat' dir='ltr'><strong>potest</strong></span> <span class='ocrx_word' id='word_1_63' title='bbox 2534 1044 2612 1104; x_wconf 87' lang='lat' dir='ltr'><strong>ut</strong></span> <span class='ocrx_word' id='word_1_64' title='bbox 2649 1043 2934 1121; x_wconf 79' lang='lat' dir='ltr'><strong>corrupta</strong></span> 
     </span>
     <span class='ocr_line' id='line_1_10' title="bbox 542 1144 2932 1231; baseline -0.001 -21"><span class='ocrx_word' id='word_1_65' title='bbox 542 1146 856 1229; x_wconf 88' lang='lat' dir='ltr'><strong>scriptura</strong></span> <span class='ocrx_word' id='word_1_66' title='bbox 923 1147 1039 1222; x_wconf 85' lang='lat' dir='ltr'><strong>sit,</strong></span> <span class='ocrx_word' id='word_1_67' title='bbox 1112 1144 1221 1210; x_wconf 88' lang='lat' dir='ltr'><strong>sed</strong></span> <span class='ocrx_word' id='word_1_68' title='bbox 1282 1147 1337 1210; x_wconf 90' lang='lat' dir='ltr'><strong>si</strong></span> <span class='ocrx_word' id='word_1_69' title='bbox 1394 1151 1493 1210; x_wconf 87' lang='lat' dir='ltr'><strong>est</strong></span> <span class='ocrx_word' id='word_1_70' title='bbox 1552 1151 1881 1230; x_wconf 85' lang='lat' dir='ltr'><strong>corrupta,</strong></span> <span class='ocrx_word' id='word_1_71' title='bbox 1950 1144 2143 1211; x_wconf 83' lang='lat' dir='ltr'><strong>lectio</strong></span> <span class='ocrx_word' id='word_1_72' title='bbox 2207 1150 2421 1210; x_wconf 83' lang='lat' dir='ltr'><strong>tamen</strong></span> <span class='ocrx_word' id='word_1_73' title='bbox 2485 1147 2754 1231; x_wconf 84' lang='lat' dir='ltr'><strong>antiqua</strong></span> <span class='ocrx_word' id='word_1_74' title='bbox 2813 1148 2932 1218; x_wconf 85' lang='lat' dir='ltr'><strong>est,</strong></span> 
     </span>
     <span class='ocr_line' id='line_1_11' title="bbox 542 1248 2934 1336; baseline -0.002 -20"><span class='ocrx_word' id='word_1_75' title='bbox 542 1271 693 1316; x_wconf 88' lang='lat' dir='ltr'><strong>nam</strong></span> <span class='ocrx_word' id='word_1_76' title='bbox 754 1251 905 1316; x_wconf 89' lang='lat' dir='ltr'><strong>hinc</strong></span> <span class='ocrx_word' id='word_1_77' title='bbox 965 1251 1231 1316; x_wconf 89' lang='lat' dir='ltr'><strong>ductum</strong></span> <span class='ocrx_word' id='word_1_78' title='bbox 1298 1256 1393 1316; x_wconf 87' lang='lat' dir='ltr'><strong>est</strong></span> <span class='ocrx_word' id='word_1_79' title='bbox 1441 1251 1609 1336; x_wconf 90' lang='lat' dir='ltr'><strong>quod</strong></span> <span class='ocrx_word' id='word_1_80' title='bbox 1658 1251 1854 1315; x_wconf 90' lang='lat' dir='ltr'><strong>habet</strong></span> <span class='ocrx_word' id='word_1_81' title='bbox 1899 1249 2022 1316; x_wconf 92' lang='lat' dir='ltr'><strong>Dio</strong></span> <span class='ocrx_word' id='word_1_82' title='bbox 2073 1248 2332 1318; x_wconf 79' lang='lat' dir='ltr'><strong>Cassius</strong></span> <span class='ocrx_word' id='word_1_83' title='bbox 2380 1251 2498 1315; x_wconf 87' lang='lat' dir='ltr'><strong>XL</strong></span> <span class='ocrx_word' id='word_1_84' title='bbox 2550 1249 2670 1317; x_wconf 80' lang='lat'><strong>15:</strong></span> <span class='ocrx_word' id='word_1_85' title='bbox 2720 1252 2782 1323; x_wconf 72' lang='grc' dir='ltr'><strong>ἐς</strong></span> <span class='ocrx_word' id='word_1_86' title='bbox 2831 1251 2934 1312; x_wconf 65' lang='grc' dir='ltr'><strong>ἀλ·</strong></span> 
     </span>
     <span class='ocr_line' id='line_1_12' title="bbox 542 1354 2936 1438; baseline -0.001 -15"><span class='ocrx_word' id='word_1_87' title='bbox 542 1354 955 1437; x_wconf 62' lang='lat' dir='ltr'><strong>&gt;sonem-airaon</strong></span> <span class='ocrx_word' id='word_1_88' title='bbox 1002 1360 1181 1438; x_wconf 78' lang='grc' dir='ltr'><strong><em>σφίσι</em></strong></span> <span class='ocrx_word' id='word_1_89' title='bbox 1232 1356 1339 1422; x_wconf 75' lang='grc' dir='ltr'><strong>καὶ</strong></span> <span class='ocrx_word' id='word_1_90' title='bbox 1388 1364 1499 1432; x_wconf 76' lang='grc' dir='ltr'><strong>τῆς</strong></span> <span class='ocrx_word' id='word_1_91' title='bbox 1553 1364 1671 1435; x_wconf 74' lang='grc' dir='ltr'><strong>γῆς</strong></span> <span class='ocrx_word' id='word_1_92' title='bbox 1727 1356 1833 1422; x_wconf 75' lang='grc' dir='ltr'><strong>καὶ</strong></span> <span class='ocrx_word' id='word_1_93' title='bbox 1884 1361 1992 1422; x_wconf 81' lang='grc' dir='ltr'><strong>τοῦ</strong></span> <span class='ocrx_word' id='word_1_94' title='bbox 2043 1359 2288 1438; x_wconf 74' lang='grc' dir='ltr'><strong><em>οὐρανοῦ</em></strong></span> <span class='ocrx_word' id='word_1_95' title='bbox 2336 1356 2694 1426; x_wconf 70' lang='grc' dir='ltr'><strong><em>κατοίςασιν</em></strong></span> <span class='ocrx_word' id='word_1_96' title='bbox 2741 1359 2936 1434; x_wconf 67' lang='grc' dir='ltr'><strong><em>ἀπαρ-</em></strong></span> 
     </span>
     <span class='ocr_line' id='line_1_13' title="bbox 543 1462 2934 1549; baseline -0.001 -21"><span class='ocrx_word' id='word_1_97' title='bbox 543 1471 763 1536; x_wconf 79' lang='grc' dir='ltr'><strong><em>τῶντες</em></strong></span> <span class='ocrx_word' id='word_1_98' title='bbox 828 1462 1251 1549; x_wconf 84' lang='lat' dir='ltr'><strong>similiterque</strong></span> <span class='ocrx_word' id='word_1_99' title='bbox 1316 1463 1487 1529; x_wconf 88' lang='lat' dir='ltr'><strong>idem</strong></span> <span class='ocrx_word' id='word_1_100' title='bbox 1556 1463 1746 1540; x_wconf 85' lang='lat' dir='ltr'><strong>alibi,</strong></span> <span class='ocrx_word' id='word_1_101' title='bbox 1811 1462 2019 1529; x_wconf 88' lang='lat' dir='ltr'><strong>veluti</strong></span> <span class='ocrx_word' id='word_1_102' title='bbox 2067 1463 2200 1528; x_wconf 88' lang='lat' dir='ltr'><strong>LII.</strong></span> <span class='ocrx_word' id='word_1_103' title='bbox 2260 1463 2379 1530; x_wconf 79' lang='lat'><strong>18:</strong></span> <span class='ocrx_word' id='word_1_104' title='bbox 2427 1465 2534 1530; x_wconf 71' lang='grc' dir='ltr'><strong>καὶ</strong></span> <span class='ocrx_word' id='word_1_105' title='bbox 2581 1468 2672 1542; x_wconf 75' lang='grc' dir='ltr'><strong>μή</strong></span> <span class='ocrx_word' id='word_1_106' title='bbox 2723 1488 2808 1542; x_wconf 78' lang='grc' dir='ltr'><strong>με</strong></span> <span class='ocrx_word' id='word_1_107' title='bbox 2853 1487 2934 1526; x_wconf 83' lang='grc' dir='ltr'><strong>νο-</strong></span> 
     </span>
     <span class='ocr_line' id='line_1_14' title="bbox 543 1569 2934 1652; baseline -0.001 -18"><span class='ocrx_word' id='word_1_108' title='bbox 543 1571 697 1652; x_wconf 64' lang='grc' dir='ltr'><strong>μίσῃ</strong></span> <span class='ocrx_word' id='word_1_109' title='bbox 738 1572 1034 1650; x_wconf 67' lang='grc' dir='ltr'><strong><em>ἀπαρτᾶν</em></strong></span> <span class='ocrx_word' id='word_1_110' title='bbox 1083 1570 1210 1635; x_wconf 69' lang='grc' dir='ltr'><strong>ἀπὸ</strong></span> <span class='ocrx_word' id='word_1_111' title='bbox 1259 1577 1369 1643; x_wconf 75' lang='grc' dir='ltr'><strong>τῆς</strong></span> <span class='ocrx_word' id='word_1_112' title='bbox 1416 1571 1727 1650; x_wconf 77' lang='grc' dir='ltr'><strong><em>παρούσης</em></strong></span> <span class='ocrx_word' id='word_1_113' title='bbox 1781 1571 2112 1643; x_wconf 79' lang='grc' dir='ltr'><strong><em>ὑποθέσεως</em></strong></span> <span class='ocrx_word' id='word_1_114' title='bbox 2161 1570 2264 1635; x_wconf 82' lang='grc' dir='ltr'><strong>τὸν</strong></span> <span class='ocrx_word' id='word_1_115' title='bbox 2313 1571 2498 1650; x_wconf 72' lang='grc' dir='ltr'><strong><em>λόγον</em></strong></span> <span class='ocrx_word' id='word_1_116' title='bbox 2549 1570 2653 1639; x_wconf 82' lang='lat' dir='ltr'><strong>vel</strong></span> <span class='ocrx_word' id='word_1_117' title='bbox 2703 1569 2816 1636; x_wconf 84' lang='lat' dir='ltr'><strong>LI.</strong></span> <span class='ocrx_word' id='word_1_118' title='bbox 2857 1570 2934 1633; x_wconf 88' lang='lat'><strong>4:</strong></span> 
     </span>
     <span class='ocr_line' id='line_1_15' title="bbox 544 1675 2936 1762; baseline -0 -21"><span class='ocrx_word' id='word_1_119' title='bbox 544 1677 705 1741; x_wconf 78' lang='grc' dir='ltr'><strong><em>πολὺ</em></strong></span> <span class='ocrx_word' id='word_1_120' title='bbox 752 1677 877 1741; x_wconf 67' lang='grc' dir='ltr'><strong>ἀπὸ</strong></span> <span class='ocrx_word' id='word_1_121' title='bbox 926 1683 1097 1759; x_wconf 82' lang='grc' dir='ltr'><strong><em>σφῶν</em></strong></span> <span class='ocrx_word' id='word_1_122' title='bbox 1146 1677 1541 1756; x_wconf 69' lang='grc' dir='ltr'><strong><em>ὥπαρτῶντος</em></strong></span> <span class='ocrx_word' id='word_1_123' title='bbox 1592 1677 1804 1743; x_wconf 79' lang='grc' dir='ltr'><strong><em>αὑτοῦ.</em></strong></span> <span class='ocrx_word' id='word_1_124' title='bbox 1855 1675 1978 1742; x_wconf 84' lang='lat' dir='ltr'><strong>Sed</strong></span> <span class='ocrx_word' id='word_1_125' title='bbox 2021 1684 2352 1743; x_wconf 78' lang='lat' dir='ltr'>remanent</span> <span class='ocrx_word' id='word_1_126' title='bbox 2387 1683 2716 1762; x_wconf 86' lang='lat' dir='ltr'><strong>praeterea</strong></span> <span class='ocrx_word' id='word_1_127' title='bbox 2754 1695 2936 1762; x_wconf 85' lang='lat' dir='ltr'><strong>quae-</strong></span> 
     </span>
     <span class='ocr_line' id='line_1_16' title="bbox 546 1781 2936 1869; baseline 0 -21"><span class='ocrx_word' id='word_1_128' title='bbox 546 1783 694 1848; x_wconf 90' lang='lat' dir='ltr'><strong>dam</strong></span> <span class='ocrx_word' id='word_1_129' title='bbox 755 1784 824 1847; x_wconf 90' lang='lat' dir='ltr'><strong>in</strong></span> <span class='ocrx_word' id='word_1_130' title='bbox 886 1783 1007 1849; x_wconf 89' lang='lat' dir='ltr'><strong>hoc</strong></span> <span class='ocrx_word' id='word_1_131' title='bbox 1052 1783 1191 1848; x_wconf 91' lang='lat' dir='ltr'><strong>loco</strong></span> <span class='ocrx_word' id='word_1_132' title='bbox 1238 1781 1426 1849; x_wconf 84' lang='lat' dir='ltr'><strong>valde</strong></span> <span class='ocrx_word' id='word_1_133' title='bbox 1472 1783 1739 1848; x_wconf 86' lang='lat' dir='ltr'><strong>obscura</strong></span> <span class='ocrx_word' id='word_1_134' title='bbox 1787 1787 1852 1846; x_wconf 89' lang='lat' dir='ltr'><strong>et</strong></span> <span class='ocrx_word' id='word_1_135' title='bbox 1897 1781 2241 1867; x_wconf 82' lang='lat' dir='ltr'><strong>impedita,</strong></span> <span class='ocrx_word' id='word_1_136' title='bbox 2291 1782 2369 1848; x_wconf 92' lang='lat' dir='ltr'><strong>de</strong></span> <span class='ocrx_word' id='word_1_137' title='bbox 2414 1785 2646 1869; x_wconf 89' lang='lat' dir='ltr'><strong>quibus</strong></span> <span class='ocrx_word' id='word_1_138' title='bbox 2697 1781 2936 1849; x_wconf 82' lang='lat' dir='ltr'><strong>Classe-</strong></span> 
     </span>
     <span class='ocr_line' id='line_1_17' title="bbox 544 1884 2930 1974; baseline 0 -22"><span class='ocrx_word' id='word_1_139' title='bbox 544 1889 691 1952; x_wconf 89' lang='lat' dir='ltr'><strong>nius</strong></span> <span class='ocrx_word' id='word_1_140' title='bbox 754 1887 939 1954; x_wconf 84' lang='lat' dir='ltr'><strong>dixit.</strong></span> <span class='ocrx_word' id='word_1_141' title='bbox 1006 1885 1159 1974; x_wconf 85' lang='lat' dir='ltr'><strong>Gap.</strong></span> <span class='ocrx_word' id='word_1_142' title='bbox 1225 1888 1315 1954; x_wconf 79' lang='lat'><strong>24</strong></span> <span class='ocrx_word' id='word_1_143' title='bbox 1374 1889 1666 1974; x_wconf 79' lang='lat' dir='ltr'><strong>sperabat</strong></span> <span class='ocrx_word' id='word_1_144' title='bbox 1728 1889 1755 1952; x_wconf 84' lang='grc' dir='ltr'><strong><em>ὅ</em></strong></span> <span class='ocrx_word' id='word_1_145' title='bbox 1809 1889 2002 1962; x_wconf 80' lang='grc' dir='ltr'><strong><em>πολὺς</em></strong></span> <span class='ocrx_word' id='word_1_146' title='bbox 2049 1884 2261 1965; x_wconf 72' lang='grc' dir='ltr'><strong><em>ὅμιλος</em></strong></span> <span class='ocrx_word' id='word_1_147' title='bbox 2315 1889 2418 1954; x_wconf 75' lang='grc' dir='ltr'><strong>καὶ</strong></span> <span class='ocrx_word' id='word_1_148' title='bbox 2468 1887 2930 1969; x_wconf 52' lang='lat' dir='ltr'><strong>epa-racina:</strong></span> 
     </span>
     <span class='ocr_line' id='line_1_18' title="bbox 545 1991 2932 2082; baseline -0 -24"><span class='ocrx_word' id='word_1_149' title='bbox 545 1991 605 2058; x_wconf 76' lang='grc' dir='ltr'><strong>ἓν</strong></span> <span class='ocrx_word' id='word_1_150' title='bbox 666 2018 739 2057; x_wconf 83' lang='grc' dir='ltr'><strong>τε</strong></span> <span class='ocrx_word' id='word_1_151' title='bbox 793 1996 877 2074; x_wconf 79' lang='grc' dir='ltr'><strong>τῷ</strong></span> <span class='ocrx_word' id='word_1_152' title='bbox 926 1995 1179 2074; x_wconf 82' lang='grc' dir='ltr'><strong><em>παρόντι</em></strong></span> <span class='ocrx_word' id='word_1_153' title='bbox 1231 1994 1510 2075; x_wconf 71' lang='grc' dir='ltr'><strong><em>ἀργύριον</em></strong></span> <span class='ocrx_word' id='word_1_154' title='bbox 1558 1993 1743 2060; x_wconf 70' lang='grc' dir='ltr'><strong><em>οἴσειν</em></strong></span> <span class='ocrx_word' id='word_1_155' title='bbox 1791 1993 1898 2058; x_wconf 81' lang='grc' dir='ltr'><strong>καὶ</strong></span> <span class='ocrx_word' id='word_1_156' title='bbox 1949 1995 2436 2074; x_wconf 74' lang='grc' dir='ltr'><strong><em>προσκτήσεσθαι</em></strong></span> <span class='ocrx_word' id='word_1_157' title='bbox 2483 1995 2779 2082; x_wconf 78' lang='grc' dir='ltr'><strong><em>δύναμιν,</em></strong></span> <span class='ocrx_word' id='word_1_158' title='bbox 2833 1993 2932 2060; x_wconf 87' lang='lat' dir='ltr'><strong>sed</strong></span> 
     </span>
     <span class='ocr_line' id='line_1_19' title="bbox 542 2101 2933 2186; baseline -0.002 -20"><span class='ocrx_word' id='word_1_159' title='bbox 542 2121 667 2166; x_wconf 90' lang='lat' dir='ltr'><strong>non</strong></span> <span class='ocrx_word' id='word_1_160' title='bbox 712 2104 949 2186; x_wconf 81' lang='lat' dir='ltr'><strong>poterit</strong></span> <span class='ocrx_word' id='word_1_161' title='bbox 993 2103 1231 2166; x_wconf 84' lang='lat' dir='ltr'><strong>servari</strong></span> <span class='ocrx_word' id='word_1_162' title='bbox 1278 2103 1616 2180; x_wconf 72' lang='grc' dir='ltr'><strong><em>ςρατιώτηο</em></strong></span> <span class='ocrx_word' id='word_1_163' title='bbox 1665 2105 1730 2166; x_wconf 91' lang='lat' dir='ltr'><strong>et</strong></span> <span class='ocrx_word' id='word_1_164' title='bbox 1767 2101 2032 2167; x_wconf 84' lang='lat' dir='ltr'><strong>fortasse</strong></span> <span class='ocrx_word' id='word_1_165' title='bbox 2071 2105 2284 2167; x_wconf 82' lang='lat' dir='ltr'><strong>verius</strong></span> <span class='ocrx_word' id='word_1_166' title='bbox 2321 2107 2454 2168; x_wconf 88' lang='lat' dir='ltr'><strong>est:</strong></span> <span class='ocrx_word' id='word_1_167' title='bbox 2504 2102 2933 2174; x_wconf 73' lang='grc' dir='ltr'><strong><em>ςασιῶδης.</em></strong></span> 
     </span>
     <span class='ocr_line' id='line_1_20' title="bbox 544 2203 2932 2294; baseline -0 -22"><span class='ocrx_word' id='word_1_168' title='bbox 544 2203 694 2292; x_wconf 84' lang='lat' dir='ltr'><strong>Gap.</strong></span> <span class='ocrx_word' id='word_1_169' title='bbox 762 2206 843 2272; x_wconf 89' lang='lat'><strong>31</strong></span> <span class='ocrx_word' id='word_1_170' title='bbox 912 2206 1285 2272; x_wconf 80' lang='lat' dir='ltr'><strong>incredibile</strong></span> <span class='ocrx_word' id='word_1_171' title='bbox 1348 2213 1445 2272; x_wconf 88' lang='lat' dir='ltr'><strong>est</strong></span> <span class='ocrx_word' id='word_1_172' title='bbox 1508 2208 1832 2292; x_wconf 79' lang='lat' dir='ltr'><strong>scripsisse</strong></span> <span class='ocrx_word' id='word_1_173' title='bbox 1881 2205 2375 2294; x_wconf 79' lang='lat' dir='ltr'><strong>Thucydidem:</strong></span> <span class='ocrx_word' id='word_1_174' title='bbox 2427 2209 2456 2273; x_wconf 83' lang='grc' dir='ltr'>ὅ</span> <span class='ocrx_word' id='word_1_175' title='bbox 2505 2207 2703 2279; x_wconf 69' lang='grc' dir='ltr'><strong><em>ἄλλος</em></strong></span> <span class='ocrx_word' id='word_1_176' title='bbox 2752 2207 2932 2288; x_wconf 77' lang='grc' dir='ltr'><strong><em>ὄχλος</em></strong></span> 
     </span>
     <span class='ocr_line' id='line_1_21' title="bbox 544 2308 2936 2400; baseline 0 -22"><span class='ocrx_word' id='word_1_177' title='bbox 544 2315 715 2378; x_wconf 75' lang='grc' dir='ltr'><strong><em>κατὰ</em></strong></span> <span class='ocrx_word' id='word_1_178' title='bbox 764 2315 903 2377; x_wconf 77' lang='grc' dir='ltr'><strong><em>θέαν</em></strong></span> <span class='ocrx_word' id='word_1_179' title='bbox 950 2308 1089 2386; x_wconf 72' lang='grc' dir='ltr'><strong><em>ἧκεν</em></strong></span> <span class='ocrx_word' id='word_1_180' title='bbox 1134 2317 1210 2386; x_wconf 75' lang='grc' dir='ltr'><strong>ὥς</strong></span> <span class='ocrx_word' id='word_1_181' title='bbox 1262 2314 1362 2376; x_wconf 82' lang='grc' dir='ltr'><strong>ἐπ’</strong></span> <span class='ocrx_word' id='word_1_182' title='bbox 1412 2311 1746 2394; x_wconf 72' lang='grc' dir='ltr'><strong><em>ἀξιόχρεων</em></strong></span> <span class='ocrx_word' id='word_1_183' title='bbox 1797 2313 1901 2376; x_wconf 78' lang='grc' dir='ltr'><strong>καὶ</strong></span> <span class='ocrx_word' id='word_1_184' title='bbox 1953 2311 2178 2382; x_wconf 76' lang='grc' dir='ltr'><strong><em>ἄπιςον</em></strong></span> <span class='ocrx_word' id='word_1_185' title='bbox 2215 2314 2515 2400; x_wconf 69' lang='grc' dir='ltr'><strong><em>διάνοιαν,</em></strong></span> <span class='ocrx_word' id='word_1_186' title='bbox 2563 2315 2673 2380; x_wconf 83' lang='lat' dir='ltr'><strong>sed</strong></span> <span class='ocrx_word' id='word_1_187' title='bbox 2717 2314 2936 2382; x_wconf 81' lang='lat' dir='ltr'><strong>multi·</strong></span> 
     </span>
     <span class='ocr_line' id='line_1_22' title="bbox 545 2417 2934 2505; baseline -0 -20"><span class='ocrx_word' id='word_1_188' title='bbox 545 2420 699 2486; x_wconf 88' lang='lat' dir='ltr'><strong>tudo</strong></span> <span class='ocrx_word' id='word_1_189' title='bbox 746 2423 881 2485; x_wconf 85' lang='lat' dir='ltr'><strong>sine</strong></span> <span class='ocrx_word' id='word_1_190' title='bbox 931 2420 1125 2485; x_wconf 85' lang='lat' dir='ltr'><strong>dubio</strong></span> <span class='ocrx_word' id='word_1_191' title='bbox 1171 2425 1463 2486; x_wconf 80' lang='lat' dir='ltr'><strong>convenit</strong></span> <span class='ocrx_word' id='word_1_192' title='bbox 1507 2424 1864 2505; x_wconf 85' lang='lat' dir='ltr'><strong>spectatum</strong></span> <span class='ocrx_word' id='word_1_193' title='bbox 1918 2417 2254 2500; x_wconf 75' lang='grc' dir='ltr'><strong><em>ἀξιόχρεων</em></strong></span> <span class='ocrx_word' id='word_1_194' title='bbox 2296 2421 2400 2484; x_wconf 77' lang='grc' dir='ltr'><strong>καὶ</strong></span> <span class='ocrx_word' id='word_1_195' title='bbox 2441 2420 2666 2486; x_wconf 59' lang='grc' dir='ltr'><strong><em>ἄπιτον</em></strong></span> <span class='ocrx_word' id='word_1_196' title='bbox 2715 2421 2934 2488; x_wconf 73' lang='grc' dir='ltr'><strong><em>δύνα-</em></strong></span> 
     </span>
     <span class='ocr_line' id='line_1_23' title="bbox 544 2527 2929 2613; baseline 0.001 -23"><span class='ocrx_word' id='word_1_197' title='bbox 544 2551 681 2605; x_wconf 84' lang='grc' dir='ltr'><strong>μιν</strong></span> <span class='ocrx_word' id='word_1_198' title='bbox 740 2548 937 2613; x_wconf 83' lang='lat' dir='ltr'><strong>eaque</strong></span> <span class='ocrx_word' id='word_1_199' title='bbox 983 2530 1123 2613; x_wconf 83' lang='lat' dir='ltr'><strong>ipsa</strong></span> <span class='ocrx_word' id='word_1_200' title='bbox 1168 2548 1292 2593; x_wconf 86' lang='lat' dir='ltr'><strong>non</strong></span> <span class='ocrx_word' id='word_1_201' title='bbox 1338 2528 1464 2593; x_wconf 84' lang='lat' dir='ltr'><strong>fuit</strong></span> <span class='ocrx_word' id='word_1_202' title='bbox 1512 2527 1994 2601; x_wconf 67' lang='grc' dir='ltr'><strong><em>πολυτελεςοὶτη</em></strong></span> <span class='ocrx_word' id='word_1_203' title='bbox 2031 2527 2102 2602; x_wconf 67' lang='lat'><strong>331</strong></span> <span class='ocrx_word' id='word_1_204' title='bbox 2153 2527 2257 2592; x_wconf 73' lang='grc' dir='ltr'><strong>καὶ</strong></span> <span class='ocrx_word' id='word_1_205' title='bbox 2305 2530 2929 2611; x_wconf 74' lang='grc' dir='ltr'><strong><em>εὐπρεπεςοὶτη,</em></strong></span> 
     </span>
     <span class='ocr_line' id='line_1_24' title="bbox 543 2633 2932 2719; baseline 0 -20"><span class='ocrx_word' id='word_1_206' title='bbox 543 2655 705 2719; x_wconf 88' lang='lat' dir='ltr'><strong>quae</strong></span> <span class='ocrx_word' id='word_1_207' title='bbox 771 2637 965 2699; x_wconf 88' lang='lat' dir='ltr'><strong>nimis</strong></span> <span class='ocrx_word' id='word_1_208' title='bbox 1026 2635 1239 2700; x_wconf 85' lang='lat' dir='ltr'><strong>tenuis</strong></span> <span class='ocrx_word' id='word_1_209' title='bbox 1280 2634 1422 2700; x_wconf 87' lang='lat' dir='ltr'><strong>laus</strong></span> <span class='ocrx_word' id='word_1_210' title='bbox 1468 2640 1604 2711; x_wconf 87' lang='lat' dir='ltr'><strong>est,</strong></span> <span class='ocrx_word' id='word_1_211' title='bbox 1655 2633 1763 2699; x_wconf 86' lang='lat' dir='ltr'><strong>sed</strong></span> <span class='ocrx_word' id='word_1_212' title='bbox 1812 2634 1893 2698; x_wconf 74' lang='grc' dir='ltr'><strong>ἐκ</strong></span> <span class='ocrx_word' id='word_1_213' title='bbox 1918 2658 2011 2713; x_wconf 84' lang='grc' dir='ltr'><strong>πρ</strong></span> <span class='ocrx_word' id='word_1_214' title='bbox 2032 2633 2424 2709; x_wconf 65' lang='lat' dir='ltr'><strong>sves-airu.</strong></span> <span class='ocrx_word' id='word_1_215' title='bbox 2497 2634 2673 2702; x_wconf 80' lang='lat' dir='ltr'><strong>Infra</strong></span> <span class='ocrx_word' id='word_1_216' title='bbox 2719 2643 2932 2701; x_wconf 82' lang='lat' dir='ltr'><strong>autem</strong></span> 
     </span>
     <span class='ocr_line' id='line_1_25' title="bbox 544 2740 2932 2827; baseline 0 -20"><span class='ocrx_word' id='word_1_217' title='bbox 544 2746 713 2807; x_wconf 84' lang='lat' dir='ltr'><strong>recte</strong></span> <span class='ocrx_word' id='word_1_218' title='bbox 752 2740 1035 2827; x_wconf 82' lang='lat' dir='ltr'><strong>legimus</strong></span> <span class='ocrx_word' id='word_1_219' title='bbox 1076 2740 1273 2807; x_wconf 86' lang='lat' dir='ltr'><strong>fuisse</strong></span> <span class='ocrx_word' id='word_1_220' title='bbox 1311 2744 1481 2807; x_wconf 86' lang='lat' dir='ltr'><strong>inter</strong></span> <span class='ocrx_word' id='word_1_221' title='bbox 1520 2740 1896 2807; x_wconf 77' lang='lat' dir='ltr'><strong>trierarchos</strong></span> <span class='ocrx_word' id='word_1_222' title='bbox 1930 2740 2430 2808; x_wconf 80' lang='lat' dir='ltr'><strong>aemulationem</strong></span> <span class='ocrx_word' id='word_1_223' title='bbox 2473 2747 2550 2807; x_wconf 88' lang='lat' dir='ltr'><strong>ut</strong></span> <span class='ocrx_word' id='word_1_224' title='bbox 2589 2762 2707 2807; x_wconf 90' lang='lat' dir='ltr'><strong>sua</strong></span> <span class='ocrx_word' id='word_1_225' title='bbox 2731 2744 2932 2808; x_wconf 80' lang='lat' dir='ltr'><strong>cuius·</strong></span> 
     </span>
     <span class='ocr_line' id='line_1_26' title="bbox 546 2845 2934 2935; baseline -0 -23"><span class='ocrx_word' id='word_1_226' title='bbox 546 2868 667 2933; x_wconf 87' lang='lat' dir='ltr'><strong>que</strong></span> <span class='ocrx_word' id='word_1_227' title='bbox 734 2850 918 2913; x_wconf 82' lang='lat' dir='ltr'><strong>navis</strong></span> <span class='ocrx_word' id='word_1_228' title='bbox 986 2848 1322 2931; x_wconf 75' lang='grc' dir='ltr'><strong><em>εὐπρεπείᾳ</em></strong></span> <span class='ocrx_word' id='word_1_229' title='bbox 1386 2849 1729 2933; x_wconf 85' lang='lat' dir='ltr'><strong>conspicua</strong></span> <span class='ocrx_word' id='word_1_230' title='bbox 1789 2848 1972 2914; x_wconf 85' lang='lat' dir='ltr'><strong>foret.</strong></span> <span class='ocrx_word' id='word_1_231' title='bbox 2035 2845 2160 2914; x_wconf 83' lang='lat' dir='ltr'><strong>Sed</strong></span> <span class='ocrx_word' id='word_1_232' title='bbox 2221 2851 2290 2913; x_wconf 89' lang='lat' dir='ltr'><strong>in</strong></span> <span class='ocrx_word' id='word_1_233' title='bbox 2353 2848 2472 2914; x_wconf 88' lang='lat' dir='ltr'><strong>hoc</strong></span> <span class='ocrx_word' id='word_1_234' title='bbox 2533 2851 2674 2934; x_wconf 88' lang='lat' dir='ltr'><strong>ipso</strong></span> <span class='ocrx_word' id='word_1_235' title='bbox 2734 2849 2934 2935; x_wconf 83' lang='lat' dir='ltr'><strong>capite</strong></span> 
     </span>
     <span class='ocr_line' id='line_1_27' title="bbox 543 2945 2936 3044; baseline -0.003 -23"><span class='ocrx_word' id='word_1_236' title='bbox 543 2958 807 3044; x_wconf 81' lang='lat' dir='ltr'><strong>gravius</strong></span> <span class='ocrx_word' id='word_1_237' title='bbox 878 2956 1117 3021; x_wconf 82' lang='lat' dir='ltr'><strong>vitium</strong></span> <span class='ocrx_word' id='word_1_238' title='bbox 1183 2956 1512 3040; x_wconf 88' lang='lat' dir='ltr'><strong>hucusque</strong></span> <span class='ocrx_word' id='word_1_239' title='bbox 1574 2956 1744 3021; x_wconf 89' lang='lat' dir='ltr'><strong>mira</strong></span> <span class='ocrx_word' id='word_1_240' title='bbox 1797 2945 2044 3022; x_wconf 75' lang='lat' dir='ltr'><strong>ratione</strong></span> <span class='ocrx_word' id='word_1_241' title='bbox 2093 2976 2312 3021; x_wconf 90' lang='lat' dir='ltr'><strong>omnes</strong></span> <span class='ocrx_word' id='word_1_242' title='bbox 2352 2955 2564 3021; x_wconf 84' lang='lat' dir='ltr'><strong>latuit.</strong></span> <span class='ocrx_word' id='word_1_243' title='bbox 2635 2954 2936 3022; x_wconf 83' lang='lat' dir='ltr'><strong>Praebuit</strong></span> 
     </span>
    </p>
   </div>
   <div class='ocr_carea' id='block_1_6' title="bbox 512 3060 2932 3143">
    <p class='ocr_par' dir='ltr' id='par_1_6' title="bbox 512 3060 2932 3143">
     <span class='ocr_line' id='line_1_28' title="bbox 512 3060 2932 3143; baseline -0.002 -12"><span class='ocrx_word' id='word_1_244' title='bbox 512 3064 771 3131; x_wconf 76' lang='lat' dir='ltr'><strong>civitas</strong></span> <span class='ocrx_word' id='word_1_245' title='bbox 841 3081 1034 3126; x_wconf 86' lang='lat' dir='ltr'><strong>naves</strong></span> <span class='ocrx_word' id='word_1_246' title='bbox 1106 3083 1239 3125; x_wconf 86' lang='grc' dir='ltr'><strong>κεν</strong></span> <span class='ocrx_word' id='word_1_247' title='bbox 1263 3067 1354 3133; x_wconf 71' lang='grc' dir='ltr'><strong>ἀς</strong></span> <span class='ocrx_word' id='word_1_248' title='bbox 1428 3060 1724 3137; x_wconf 74' lang='grc' dir='ltr'><strong><em>ἐξήκοντα</em></strong></span> <span class='ocrx_word' id='word_1_249' title='bbox 1795 3062 1909 3140; x_wconf 78' lang='grc' dir='ltr'><strong>μὲν</strong></span> <span class='ocrx_word' id='word_1_250' title='bbox 1976 3062 2288 3141; x_wconf 71' lang='grc' dir='ltr'><strong><em>ταχείας,</em></strong></span> <span class='ocrx_word' id='word_1_251' title='bbox 2353 3060 2824 3143; x_wconf 73' lang='grc' dir='ltr'><strong><em>τεσσαράκοντα</em></strong></span> <span class='ocrx_word' id='word_1_252' title='bbox 2887 3060 2932 3125; x_wconf 75' lang='grc' dir='ltr'><strong>δ’</strong></span> 
     </span>
    </p>
   </div>
   <div class='ocr_carea' id='block_1_7' title="bbox 538 3166 2930 4421">
    <p class='ocr_par' dir='ltr' id='par_1_7' title="bbox 538 3166 2930 4421">
     <span class='ocr_line' id='line_1_29' title="bbox 543 3166 2930 3255; baseline -0.001 -23"><span class='ocrx_word' id='word_1_253' title='bbox 543 3166 1058 3245; x_wconf 69' lang='grc' dir='ltr'><strong><em>ὃπλιταγωγούς·</em></strong></span> <span class='ocrx_word' id='word_1_254' title='bbox 1098 3168 1205 3232; x_wconf 88' lang='lat' dir='ltr'><strong>sed</strong></span> <span class='ocrx_word' id='word_1_255' title='bbox 1245 3170 1529 3254; x_wconf 87' lang='lat' dir='ltr'><strong>primum</strong></span> <span class='ocrx_word' id='word_1_256' title='bbox 1576 3167 1697 3234; x_wconf 88' lang='lat' dir='ltr'><strong>hoc</strong></span> <span class='ocrx_word' id='word_1_257' title='bbox 1743 3189 1994 3253; x_wconf 88' lang='lat' dir='ltr'><strong>semper</strong></span> <span class='ocrx_word' id='word_1_258' title='bbox 2041 3167 2265 3247; x_wconf 86' lang='lat' dir='ltr'><strong>fiebat,</strong></span> <span class='ocrx_word' id='word_1_259' title='bbox 2315 3189 2430 3234; x_wconf 89' lang='lat' dir='ltr'><strong>nec</strong></span> <span class='ocrx_word' id='word_1_260' title='bbox 2477 3168 2752 3255; x_wconf 84' lang='lat' dir='ltr'><strong>dignum</strong></span> <span class='ocrx_word' id='word_1_261' title='bbox 2803 3170 2930 3235; x_wconf 84' lang='lat' dir='ltr'><strong>erat</strong></span> 
     </span>
     <span class='ocr_line' id='line_1_30' title="bbox 542 3272 2928 3361; baseline -0.001 -22"><span class='ocrx_word' id='word_1_262' title='bbox 542 3274 709 3361; x_wconf 90' lang='lat' dir='ltr'><strong>quod</strong></span> <span class='ocrx_word' id='word_1_263' title='bbox 772 3274 1023 3339; x_wconf 81' lang='lat' dir='ltr'><strong>disertis</strong></span> <span class='ocrx_word' id='word_1_264' title='bbox 1084 3275 1296 3357; x_wconf 71' lang='lat' dir='ltr'><strong>verbis</strong></span> <span class='ocrx_word' id='word_1_265' title='bbox 1356 3280 1997 3359; x_wconf 82' lang='lat' dir='ltr'><strong>commemoraretur3</strong></span> <span class='ocrx_word' id='word_1_266' title='bbox 2065 3275 2290 3341; x_wconf 87' lang='lat' dir='ltr'><strong>deinde</strong></span> <span class='ocrx_word' id='word_1_267' title='bbox 2354 3274 2586 3339; x_wconf 88' lang='lat' dir='ltr'><strong>inutile</strong></span> <span class='ocrx_word' id='word_1_268' title='bbox 2651 3280 2752 3341; x_wconf 84' lang='lat' dir='ltr'><strong>est</strong></span> <span class='ocrx_word' id='word_1_269' title='bbox 2811 3272 2928 3339; x_wconf 82' lang='lat' dir='ltr'><strong>tale</strong></span> 
     </span>
     <span class='ocr_line' id='line_1_31' title="bbox 542 3378 2928 3466; baseline -0 -22"><span class='ocrx_word' id='word_1_270' title='bbox 542 3379 697 3466; x_wconf 86' lang='lat' dir='ltr'><strong>quid</strong></span> <span class='ocrx_word' id='word_1_271' title='bbox 744 3378 971 3445; x_wconf 89' lang='lat' dir='ltr'><strong>addere</strong></span> <span class='ocrx_word' id='word_1_272' title='bbox 1018 3382 1083 3443; x_wconf 91' lang='lat' dir='ltr'><strong>in</strong></span> <span class='ocrx_word' id='word_1_273' title='bbox 1133 3379 1551 3465; x_wconf 86' lang='lat' dir='ltr'><strong>descriptione</strong></span> <span class='ocrx_word' id='word_1_274' title='bbox 1598 3379 2064 3464; x_wconf 79' lang='lat' dir='ltr'><strong>pulcherrimae</strong></span> <span class='ocrx_word' id='word_1_275' title='bbox 2115 3380 2335 3446; x_wconf 86' lang='lat' dir='ltr'><strong>classis</strong></span> <span class='ocrx_word' id='word_1_276' title='bbox 2353 3426 2369 3458; x_wconf 88' lang='lat'>‚</span> <span class='ocrx_word' id='word_1_277' title='bbox 2421 3379 2674 3466; x_wconf 90' lang='lat' dir='ltr'><strong>qualem</strong></span> <span class='ocrx_word' id='word_1_278' title='bbox 2733 3380 2928 3446; x_wconf 80' lang='lat' dir='ltr'><strong>Athe-</strong></span> 
     </span>
     <span class='ocr_line' id='line_1_32' title="bbox 541 3485 2926 3573; baseline -0.001 -22"><span class='ocrx_word' id='word_1_279' title='bbox 541 3506 659 3551; x_wconf 86' lang='lat' dir='ltr'><strong>nae</strong></span> <span class='ocrx_word' id='word_1_280' title='bbox 699 3505 1053 3570; x_wconf 86' lang='lat' dir='ltr'><strong>numquam</strong></span> <span class='ocrx_word' id='word_1_281' title='bbox 1094 3492 1281 3552; x_wconf 87' lang='lat' dir='ltr'><strong>antea</strong></span> <span class='ocrx_word' id='word_1_282' title='bbox 1319 3486 1631 3551; x_wconf 83' lang='lat' dir='ltr'><strong>viderant.</strong></span> <span class='ocrx_word' id='word_1_283' title='bbox 1685 3485 2091 3551; x_wconf 80' lang='lat' dir='ltr'><strong>Exhaustum</strong></span> <span class='ocrx_word' id='word_1_284' title='bbox 2133 3487 2594 3573; x_wconf 86' lang='lat' dir='ltr'><strong>propemodum</strong></span> <span class='ocrx_word' id='word_1_285' title='bbox 2619 3489 2926 3552; x_wconf 86' lang='lat' dir='ltr'><strong>aerarium</strong></span> 
     </span>
     <span class='ocr_line' id='line_1_33' title="bbox 542 3590 2928 3679; baseline -0.001 -20"><span class='ocrx_word' id='word_1_286' title='bbox 542 3595 787 3676; x_wconf 81' lang='lat' dir='ltr'><strong>fuerat,</strong></span> <span class='ocrx_word' id='word_1_287' title='bbox 849 3602 923 3657; x_wconf 87' lang='lat' dir='ltr'><strong>ut</strong></span> <span class='ocrx_word' id='word_1_288' title='bbox 970 3595 1256 3657; x_wconf 82' lang='lat' dir='ltr'><strong>maxima</strong></span> <span class='ocrx_word' id='word_1_289' title='bbox 1302 3590 1523 3658; x_wconf 85' lang='lat' dir='ltr'><strong>classis</strong></span> <span class='ocrx_word' id='word_1_290' title='bbox 1568 3612 1762 3678; x_wconf 88' lang='lat' dir='ltr'><strong>quam</strong></span> <span class='ocrx_word' id='word_1_291' title='bbox 1811 3592 2312 3679; x_wconf 82' lang='lat' dir='ltr'><strong>diligentissime</strong></span> <span class='ocrx_word' id='word_1_292' title='bbox 2361 3596 2723 3659; x_wconf 88' lang='lat' dir='ltr'><strong>ornaretur:</strong></span> <span class='ocrx_word' id='word_1_293' title='bbox 2777 3590 2928 3657; x_wconf 86' lang='lat' dir='ltr'><strong>ridi·</strong></span> 
     </span>
     <span class='ocr_line' id='line_1_34' title="bbox 544 3698 2926 3785; baseline 0 -20"><span class='ocrx_word' id='word_1_294' title='bbox 544 3698 762 3765; x_wconf 89' lang='lat' dir='ltr'><strong>culum</strong></span> <span class='ocrx_word' id='word_1_295' title='bbox 826 3704 921 3763; x_wconf 86' lang='lat' dir='ltr'><strong>est</strong></span> <span class='ocrx_word' id='word_1_296' title='bbox 984 3702 1051 3763; x_wconf 90' lang='lat' dir='ltr'><strong>in</strong></span> <span class='ocrx_word' id='word_1_297' title='bbox 1100 3698 1217 3764; x_wconf 84' lang='lat' dir='ltr'><strong>tali</strong></span> <span class='ocrx_word' id='word_1_298' title='bbox 1263 3703 1646 3785; x_wconf 82' lang='lat' dir='ltr'><strong>argumento</strong></span> <span class='ocrx_word' id='word_1_299' title='bbox 1694 3718 1946 3765; x_wconf 80' lang='lat' dir='ltr'><strong>narrare</strong></span> <span class='ocrx_word' id='word_1_300' title='bbox 1996 3702 2328 3765; x_wconf 84' lang='lat' dir='ltr'><strong>civitatem</strong></span> <span class='ocrx_word' id='word_1_301' title='bbox 2378 3698 2740 3784; x_wconf 86' lang='lat' dir='ltr'><strong>praebuisse</strong></span> <span class='ocrx_word' id='word_1_302' title='bbox 2789 3701 2926 3765; x_wconf 74' lang='grc' dir='ltr'><strong><em>ναῦς</em></strong></span> 
     </span>
     <span class='ocr_line' id='line_1_35' title="bbox 544 3802 2929 3890; baseline -0.002 -21"><span class='ocrx_word' id='word_1_303' title='bbox 544 3802 745 3877; x_wconf 72' lang='grc' dir='ltr'><strong><em>κενάς.</em></strong></span> <span class='ocrx_word' id='word_1_304' title='bbox 808 3804 930 3869; x_wconf 81' lang='lat' dir='ltr'><strong>Sed</strong></span> <span class='ocrx_word' id='word_1_305' title='bbox 992 3803 1146 3889; x_wconf 89' lang='lat' dir='ltr'><strong>quid</strong></span> <span class='ocrx_word' id='word_1_306' title='bbox 1194 3824 1364 3870; x_wconf 87' lang='lat' dir='ltr'><strong>cesso</strong></span> <span class='ocrx_word' id='word_1_307' title='bbox 1413 3822 1634 3871; x_wconf 82' lang='lat' dir='ltr'><strong>veram</strong></span> <span class='ocrx_word' id='word_1_308' title='bbox 1682 3803 2021 3870; x_wconf 87' lang='lat' dir='ltr'><strong>lectionem</strong></span> <span class='ocrx_word' id='word_1_309' title='bbox 2069 3802 2402 3890; x_wconf 76' lang='lat' dir='ltr'><strong>promere?</strong></span> <span class='ocrx_word' id='word_1_310' title='bbox 2471 3804 2662 3877; x_wconf 87' lang='lat' dir='ltr'><strong>Dedit</strong></span> <span class='ocrx_word' id='word_1_311' title='bbox 2708 3806 2929 3871; x_wconf 78' lang='lat' dir='ltr'><strong>civitas</strong></span> 
     </span>
     <span class='ocr_line' id='line_1_36' title="bbox 542 3908 2922 3995; baseline -0.003 -19"><span class='ocrx_word' id='word_1_312' title='bbox 542 3932 737 3976; x_wconf 81' lang='lat' dir='ltr'><strong>naves</strong></span> <span class='ocrx_word' id='word_1_313' title='bbox 776 3911 956 3982; x_wconf 76' lang='grc' dir='ltr'><strong><em>κενὰς</em></strong></span> <span class='ocrx_word' id='word_1_314' title='bbox 999 3909 1257 3993; x_wconf 90' lang='lat' dir='ltr'><strong>quidem</strong></span> <span class='ocrx_word' id='word_1_315' title='bbox 1283 3960 1300 3987; x_wconf 89' lang='lat'>,</span> <span class='ocrx_word' id='word_1_316' title='bbox 1342 3931 1569 3979; x_wconf 86' lang='lat' dir='ltr'><strong>verum</strong></span> <span class='ocrx_word' id='word_1_317' title='bbox 1609 3910 1728 3977; x_wconf 89' lang='lat' dir='ltr'><strong>hoc</strong></span> <span class='ocrx_word' id='word_1_318' title='bbox 1765 3930 1935 3975; x_wconf 88' lang='lat' dir='ltr'><strong>nunc</strong></span> <span class='ocrx_word' id='word_1_319' title='bbox 1976 3910 2142 3976; x_wconf 89' lang='lat' dir='ltr'><strong>nihil</strong></span> <span class='ocrx_word' id='word_1_320' title='bbox 2165 3910 2246 3976; x_wconf 89' lang='lat' dir='ltr'><strong>ad</strong></span> <span class='ocrx_word' id='word_1_321' title='bbox 2269 3930 2444 3995; x_wconf 88' lang='lat' dir='ltr'><strong>rem,</strong></span> <span class='ocrx_word' id='word_1_322' title='bbox 2469 3910 2578 3977; x_wconf 88' lang='lat' dir='ltr'><strong>sed</strong></span> <span class='ocrx_word' id='word_1_323' title='bbox 2619 3908 2922 3981; x_wconf 67' lang='grc' dir='ltr'><strong><em>καινάς.</em></strong></span> 
     </span>
     <span class='ocr_line' id='line_1_37' title="bbox 538 4016 2140 4102; baseline -0.002 -19"><span class='ocrx_word' id='word_1_324' title='bbox 538 4018 626 4083; x_wconf 78' lang='lat' dir='ltr'><strong>Et</strong></span> <span class='ocrx_word' id='word_1_325' title='bbox 672 4019 815 4102; x_wconf 88' lang='lat' dir='ltr'><strong>quis</strong></span> <span class='ocrx_word' id='word_1_326' title='bbox 862 4017 1306 4101; x_wconf 88' lang='lat' dir='ltr'><strong>Aristophanis</strong></span> <span class='ocrx_word' id='word_1_327' title='bbox 1352 4036 1521 4081; x_wconf 89' lang='lat' dir='ltr'><strong>nunc</strong></span> <span class='ocrx_word' id='word_1_328' title='bbox 1567 4037 1692 4082; x_wconf 89' lang='lat' dir='ltr'><strong>non</strong></span> <span class='ocrx_word' id='word_1_329' title='bbox 1740 4016 2140 4082; x_wconf 85' lang='lat' dir='ltr'><strong>recordatur:</strong></span> 
     </span>
     <span class='ocr_line' id='line_1_38' title="bbox 768 4110 1998 4203; baseline 0.001 -16"><span class='ocrx_word' id='word_1_330' title='bbox 768 4110 779 4126; x_wconf 77' lang='grc'><strong>’</strong></span> <span class='ocrx_word' id='word_1_331' title='bbox 1272 4124 1394 4201; x_wconf 73' lang='grc' dir='ltr'><strong>ἐγώ</strong></span> <span class='ocrx_word' id='word_1_332' title='bbox 1444 4147 1515 4187; x_wconf 83' lang='grc' dir='ltr'><strong>σε</strong></span> <span class='ocrx_word' id='word_1_333' title='bbox 1563 4122 1788 4196; x_wconf 72' lang='grc' dir='ltr'><strong><em>ποιήσω</em></strong></span> <span class='ocrx_word' id='word_1_334' title='bbox 1837 4146 1998 4203; x_wconf 79' lang='grc' dir='ltr'><strong><em>τριη-</em></strong></span> 
     </span>
     <span class='ocr_line' id='line_1_39' title="bbox 1272 4230 2196 4311; baseline 0.001 -18"><span class='ocrx_word' id='word_1_335' title='bbox 1272 4238 1561 4311; x_wconf 77' lang='grc' dir='ltr'><strong><em>ραρχεῖν,</em></strong></span> <span class='ocrx_word' id='word_1_336' title='bbox 1608 4230 2028 4294; x_wconf 67' lang='grc' dir='ltr'><strong><em>ἀναλίσκοντα</em></strong></span> <span class='ocrx_word' id='word_1_337' title='bbox 2077 4231 2196 4294; x_wconf 78' lang='grc' dir='ltr'><strong>τῶν</strong></span> 
     </span>
     <span class='ocr_line' id='line_1_40' title="bbox 1272 4336 2354 4421; baseline 0.002 -22"><span class='ocrx_word' id='word_1_338' title='bbox 1272 4342 1543 4421; x_wconf 80' lang='grc' dir='ltr'><strong><em>σαυτοῦ,</em></strong></span> <span class='ocrx_word' id='word_1_339' title='bbox 1592 4336 1878 4401; x_wconf 71' lang='grc' dir='ltr'><strong><em>παλαιὰν</em></strong></span> <span class='ocrx_word' id='word_1_340' title='bbox 1929 4340 2075 4401; x_wconf 88' lang='grc' dir='ltr'><strong><em>ναῦν</em></strong></span> <span class='ocrx_word' id='word_1_341' title='bbox 2121 4336 2354 4416; x_wconf 80' lang='grc' dir='ltr'><strong><em>ἔχοντ’,</em></strong></span> 
     </span>
    </p>
   </div>
   <div class='ocr_carea' id='block_1_8' title="bbox 3084 0 3091 4261">
    <p class='ocr_par' dir='ltr' id='par_1_8' title="bbox 3084 0 3091 4261">
     <span class='ocr_line' id='line_1_41' title="bbox 3084 0 3091 4261; baseline 0 0"><span class='ocrx_word' id='word_1_342' title='bbox 3084 0 3091 4261; x_wconf 95' lang='lat' dir='ltr'><strong> </strong></span> 
     </span>
    </p>
   </div>
  </div>
 </body>
</html>
