3150 5000
1193 229 1619 301 mummius.
2379 224 2390 244 ⁴
2474 233 2604 300 323

224 419 317 481 est
378 414 621 500 ahquid
679 415 883 482 facere
943 419 1051 494 τοῦ
1115 415 1271 482 θείου
1322 415 1510 497 χάριν
1528 466 1549 496 ,
1595 437 1798 504 neque
1841 438 2002 506 opus
2047 418 2174 484 fuit
2219 419 2288 484 id
2333 439 2567 507 negare
2588 465 2604 498 ‚

220 520 298 585 de
359 541 481 605 quo
542 541 731 586 nemo
794 524 960 588 inter
1021 521 1368 610 legendum
1418 524 1699 611 cogitare
1743 530 2010 610 poterat.
2053 525 2292 612 Argivi
2343 532 2406 591 et
2451 528 2606 591 socii

220 627 463 700 ἐντόνως
510 628 964 714 procedebant,
1014 627 1307 714 Spartani
1358 639 1577 706 autem
1625 629 1899 711 βραδέως
1920 681 1938 715 ,
1985 653 2136 698 nam
2187 629 2608 697 adhibebatur

218 733 477 818 quidem
524 735 684 800 tibia
700 782 719 819 ,
766 755 880 800 nec
926 755 1077 802 vero
1121 736 1190 801 id
1238 736 1551 823 agebatur
1596 745 1670 802 ut
1718 737 1918 804 animi
1965 737 2285 803 traherent
2332 737 2604 803 colorem

214 840 505 926 nihilque
566 839 757 906 fiebat
802 845 907 906 τοῦ
958 840 1151 906 ἐνθέου
1199 841 1402 923 χάριν.
1458 841 1811 910 Confirmat
1855 844 1924 909 id
1971 844 2139 928 quod
2189 844 2324 908 dixi
2371 844 2442 908 τὸ
2489 844 2604 920 ἐμ-

212 945 508 1026 βατήριον
568 946 757 1022 μέλος
777 995 795 1032 ,
858 948 1027 1033 quod
1092 948 1216 1014 Dio
1279 947 1775 1036 Chrysostomus
1835 953 2135 1017 servavit.
2198 949 2608 1037 Thucydides

124 1053 133 1066 ’
214 1059 434 1118 autem
480 1056 549 1118 in
594 1053 843 1120 coelum
884 1053 1061 1120 effert
1096 1051 1439 1141 Spartanos
1481 1077 1827 1142 eorumque
1864 1059 2125 1122 insitam
2165 1059 2303 1123 vim
2345 1068 2410 1123 et
2449 1059 2608 1123 recti

214 1157 397 1224 cultu
456 1160 749 1226 roborata
792 1166 1068 1246 pectora.
1116 1158 1419 1228 Ceterum
1467 1165 1533 1227 in
1578 1163 1700 1228 hac
1747 1184 2000 1250 pugnae
2047 1164 2466 1250 descriptione
2509 1165 2608 1230 fae-

214 1264 333 1330 oile
378 1267 693 1334 sentimus
709 1314 726 1344 ,
791 1287 985 1352 quam
1030 1266 1210 1334 letali
1258 1268 1403 1357 pdio
1451 1269 1844 1336 adversarios
1897 1271 1966 1335 in
2013 1268 2340 1358 republica
2386 1290 2603 1356 prose-

213 1377 401 1437 cutus
446 1372 552 1440 sit.

300 1583 458 1671 Cap.
496 1583 571 1650 V.
609 1583 698 1650 83
738 1606 863 1652 non
894 1586 1356 1674 negligendum
1382 1592 1478 1653 est
1503 1585 1737 1675 legisse
1760 1587 2111 1655 Diodorum
2139 1587 2431 1657 Siculum
2455 1587 2608 1656 XII.

210 1687 333 1757 81:
369 1692 461 1756 τὰ
500 1691 551 1756 δ’
590 1691 1178 1774 ᾠκοδομημένα
1219 1695 1404 1775 τείχη
1439 1693 1718 1779 ἑλόντες,
1767 1715 1888 1760 non
1930 1695 2614 1772 οἰκοδομούμενοι.

208 1797 449 1866 Itidem
496 1819 546 1864 c.
598 1797 687 1866 85
742 1798 865 1865 Dio
912 1798 1170 1866 Cassius
1216 1799 1418 1866 LXII.
1470 1799 1511 1865 3
1557 1801 1820 1866 fortasse
1867 1801 2067 1890 legit:
2129 1803 2449 1881 ἐπαγωγὰ
2496 1805 2605 1867 καὶ

209 1890 568 1982 ἀνέλεγκτα
618 1906 1161 1994 (ἐπαγγέλματα)
1210 1905 1467 1983 ἐσάπαξ
1510 1907 1913 1980 ἀκούσαντες.
1961 1908 2034 1974 In
2080 1908 2429 1975 Meliorum
2469 1929 2607 1976 ver-

212 2011 309 2076 bis
372 2033 431 2078 c.
482 2010 605 2077 88:
654 2010 1000 2091 ξυγγνῶμη
1050 2013 1113 2078 ἐν
1158 2014 1242 2094 τῷ
1289 2014 1493 2094 τοιῷδε
1540 2015 1896 2088 καθεςῶτας
1947 2015 2048 2080 ἐπὶ
2096 2016 2309 2080 πολλὰ
2361 2013 2463 2078 καὶ
2513 2014 2616 2080 λέ·

211 2140 445 2195 νοντας
494 2119 603 2184 καὶ
656 2119 888 2185 δοκοῦ
911 2142 1104 2192 ντας
1144 2119 1513 2200 τρέπεσθαι,
1550 2140 1679 2186 non
1718 2121 2015 2208 intelligo
2053 2121 2219 2186 illud
2260 2121 2610 2193 δοκοῦντας.

212 2225 311 2290 An
355 2225 520 2290 forte
565 2232 844 2311 praestat
892 2224 1289 2306 δρῶνταςῖ
1354 2225 1511 2313 Gap.
1564 2227 1694 2296 103
1742 2228 2044 2295 dubitant
2089 2228 2218 2294 fere
2266 2231 2390 2294 viri
2435 2227 2610 2294 docti

212 2333 450 2397 satisne
510 2338 680 2398 recte
744 2333 994 2398 dicatur
1056 2334 1117 2405 ἐς
1180 2331 1355 2400 ἅπαν
1412 2334 1804 2414 ἀναρριπτεῖν
1826 2355 1840 2370 ·
1892 2334 2188 2419 equidem
2237 2334 2316 2400 de
2362 2332 2614 2400 difficili

211 2435 348 2504 loco
412 2437 724 2505 iudicium
788 2459 1012 2506 meum
1076 2441 1474 2526 interponere
1531 2421 1660 2507 tion
1707 2441 1908 2507 audeo
1925 2487 1942 2518 ,
1993 2441 2104 2507 sed
2147 2441 2216 2507 id
2269 2447 2488 2507 tamen
2536 2440 2616 2506 ad

211 2554 343 2610 rem
410 2545 595 2611 video
655 2548 1006 2631 pertinere,
1070 2547 1235 2631 quod
1301 2545 1613 2613 Stobaeus
1675 2547 1845 2614 Flor.
1909 2547 2072 2613 LIV.
2123 2546 2208 2613 36
2275 2547 2614 2635 vulgatam

211 2654 595 2737 scripturam
657 2658 913 2718 secutus
974 2662 1071 2717 est
1134 2660 1198 2717 et
1259 2652 1381 2718 Dio
1448 2650 1710 2719 Cassius
1771 2653 1846 2718 L.
1907 2652 1989 2718 13
2039 2654 2268 2719 itidem
2319 2654 2610 2737 scripsit:

212 2758 317 2821 οὐκ
382 2755 683 2833 ἠθέλησαν
748 2760 807 2831 ἐς
858 2756 1036 2824 ἅπαν
1085 2761 1440 2839 ἀναρρῖψαι.
1489 2758 1613 2825 Sed
1658 2762 1727 2823 in
1775 2779 1848 2825 eo
1896 2758 2211 2845 colloquio
2260 2757 2611 2825 Meliorum

214 2869 276 2927 et
338 2864 827 2929 Atheniensium
893 2864 1173 2949 plurima
1238 2870 1578 2950 supersunt
1641 2866 1807 2929 mihi
1868 2886 2096 2951 parum
2161 2862 2526 2948 intellecta,
2578 2884 2616 2929 a

214 2972 445 3054 quibus
495 2991 723 3035 manus
772 2972 1076 3037 abstineo.
1126 2970 1340 3037 Pauca
1388 2978 1537 3037 sunt
1585 2992 1746 3056 quae
1794 2970 2210 3056 probabiliter
2256 2970 2423 3035 mihi
2473 2988 2611 3035 cor-

212 3078 447 3142 rexisse
518 3074 752 3142 videor.
820 3075 1037 3141 Veluti
1100 3098 1153 3141 c.
1224 3075 1351 3142 10¹7
1409 3079 1806 3164 interrogant
1851 3079 2306 3144 Athenienses:
2356 3078 2465 3143 οὐκ
2511 3071 2608 3141 οὖν

215 3180 401 3247 οἴεσθε
459 3181 531 3246 τὸ
590 3181 902 3261 ξυμφέρον
966 3184 1080 3259 μὲν
1144 3186 1286 3259 μετ’
1336 3183 1703 3264 ἀσφαλείας
1753 3182 1943 3269 εἶναι,
1998 3185 2068 3249 τὸ
2120 3184 2181 3249 δὲ
2231 3184 2457 3249 δίκαιον
2505 3182 2612 3247 καὶ

216 3288 403 3353 καλὸν
460 3289 630 3364 μετὰ
690 3288 955 3353 κινδύνου
1021 3289 1313 3366 δρᾶσθαις
1374 3287 1517 3355 Hoc
1562 3289 1862 3379 intelligo
1888 3340 1902 3365 ,
1955 3290 2066 3355 sed
2113 3289 2282 3376 quod
2329 3289 2608 3355 addunt:

218 3384 245 3455 ὃ
303 3394 780 3472 Λακεδαιμόνιοι
844 3392 1026 3469 ἤκιςα
1084 3398 1161 3465 ὥς
1227 3395 1328 3459 ἐπὶ
1394 3395 1464 3460 τὸ
1524 3396 1684 3460 πολὺ
1750 3402 2204 3474 τολμῶσιν,
2254 3394 2442 3480 plane
2487 3414 2614 3459 non

215 3503 521 3585 perspicio
561 3501 716 3585 quid
758 3508 1063 3577 τολμῶσιν
1103 3498 1210 3565 bic
1251 3502 1357 3563 sit.
1408 3506 1703 3576 Τολμῶσι
1746 3502 1814 3565 τὸ
1861 3500 2088 3567 δίκαιον
2130 3500 2299 3576 μετὰ
2343 3500 2610 3565 κινδύνου

218 3604 355 3684 δρᾶν
400 3606 589 3672 facile
632 3606 963 3673 intellectu
1002 3613 1134 3691 est3
1176 3626 1401 3671 verum
1441 3627 1566 3672 non
1607 3606 1750 3685 δρᾶν
1797 3606 2152 3693 praecedit,
2193 3606 2302 3672 sed
2330 3605 2608 3693 δρᾶσθαι.

218 3710 385 3777 Hinc
446 3712 712 3777 arridet:
778 3709 805 3777 ὃ
858 3711 1341 3788 Λακεδαιμόνιοι
1394 3709 1578 3787 ἦκιςα
1627 3714 1704 3785 ὥς
1756 3714 1854 3779 ἐπὶ
1901 3716 1970 3778 τὸ
2020 3713 2182 3778 πολὺ
2231 3718 2613 3790 τιμῶσιν.

221 3814 363 3904 Cap.
422 3818 544 3885 111
596 3818 881 3907 legimus
928 3820 1196 3884 vastatis
1245 3816 1479 3884 finibus
1526 3840 1882 3904 numquam
1937 3819 2355 3886 Athenienses
2402 3823 2614 3906 copias

222 3944 360 3991 suas
408 3927 671 3991 domum
720 3928 1142 3992 revocavisse:
1195 3926 1315 3990 οὐδ’
1363 3925 1493 3989 ἀπὸ
1540 3930 1692 4003 μιᾶς
1743 3929 1992 3991 πώποτε
2041 3928 2390 4006 πολιορκίας
2435 3925 2613 4001 Ἀθη-

222 4038 367 4097 ναῖοι
435 4031 513 4097 δι’
588 4030 855 4096 ἄλλων
922 4030 1121 4111 Φόβον
1190 4031 1638 4110 ἀπεχώρησαν,
1706 4032 1814 4099 sed
1877 4033 2205 4098 omittitur
2267 4032 2334 4097 id
2396 4031 2609 4117 ipsum

225 4137 381 4219 quod
419 4141 483 4203 in
523 4158 596 4204 ea
635 4136 1051 4202 affirmatione
1093 4138 1504 4221 praecipuum
1552 4142 1681 4219 est,
1707 4138 2126 4203 Athenienses
2151 4157 2504 4221 numquam
2531 4136 2610 4201 ab

225 4241 537 4309 obsidione
563 4246 885 4325 recessisse
912 4242 983 4307 δι’
1020 4243 1129 4309 ἰδί
1144 4268 1187 4305 ω
1206 4268 1235 4304 ν
1272 4242 1488 4321 φόβον.
1539 4242 1876 4309 Praeterea
1901 4242 2218 4329 appellare
2244 4241 2469 4307 malim
2497 4243 2608 4317 τὴν

228 4356 451 4417 πλεῖς-α
480 4350 1039 4431 διαφθείρασαν
1062 4351 1399 4428 ἀνθρώπους
1418 4348 1744 4429 αἰσχύνην,
1762 4370 1954 4434 quam
1983 4347 2605 4429 διαφθείρουσαν.
