3150 5000
1301 300 1535 351 comm.
2397 220 2405 239 ⁸
2494 276 2621 345 165

331 475 505 543 Idem
553 474 630 539 fr.
683 470 815 539 354

550 578 713 661 οὐδὲν
761 576 929 643 κενὸν
975 574 1246 655 τρόφι-ιμ’
1295 573 1372 640 ἂν
1418 576 1478 639 ἐν
1524 581 1669 647 ταῖς
1716 572 1933 645 οἰκίαις
1981 570 2059 639 ἂν
2105 568 2312 651 εὕροις.

239 686 506 752 Subesse
567 686 668 750 his
718 684 923 750 verbis
971 702 1225 747 sensum
1275 682 1657 747 obscoenum
1706 681 1946 745 conicio
1992 678 2222 744 collato
2268 676 2437 743 Eccl.
2490 674 2621 743 623

238 792 745 871 προβεβούλευται
811 790 938 869 γὰρ
1005 786 1166 861 ὅπως
1229 786 1307 853 ἂν
1369 786 1675 865 μηδεμιᾶς
1742 782 1777 868 ᾖ
1842 785 2141 864 τρύπημοι
2204 782 2385 849 κενόν.
2462 780 2623 848 Vide

238 901 432 967 etiam
479 898 629 963 Pac.
684 894 877 963 1233.
1614 908 1619 915 ·

327 1100 748 1165 Pmtmolrus
795 1099 870 1165 fr.
922 1096 1044 1163 66:

1199 1200 1568 1274 ἑπτάκλινος
1618 1197 1773 1276 οἶκος
1824 1198 1892 1277 ἦν
1941 1200 2133 1274 κοιλός
2152 1249 2170 1284 ,

605 1308 718 1378 εἶτ’
769 1310 1144 1382 ἐννεάκλινος
1193 1305 1388 1389 ἕτερος
1443 1304 1683 1395 [Oinoa]-

327 1418 633 1487 Deleatur
679 1418 914 1485 ultima
962 1437 1088 1484 vox
1136 1435 1468 1502 perperam
1515 1416 1804 1501 repetita.

329 1635 827 1700 Amsrornmns
871 1631 954 1697 fr.
1005 1627 1107 1696 18.

557 1738 780 1816 γύνοιι,
827 1738 893 1803 τί
941 1738 1008 1803 τὸ
1054 1740 1358 1815 ψοΦῆσαν
1406 1734 1564 1813 ἑσθ“;
1612 1746 1683 1801 Β.
1731 1735 2084 1815 ἁλεκτρυὼν

558 1846 668 1919 τὴν
715 1844 940 1909 κύλικα
990 1840 1508 1923 παραβέβληκεν.
1610 1852 1687 1906 Λ.
1738 1839 2202 1921 οἷμώζουσά
2248 1866 2365 1920 γε.

241 1950 633 2017 Brunckium
686 1952 1112 2035 corrigentem
1162 1946 1503 2024 οἷμώξουσαί
1550 1971 1630 2024 γε
1666 1945 2130 2013 barbarismum
2172 1946 2310 2014 loco
2339 1948 2633 2015 intulisse

239 2079 388 2125 vere
459 2058 865 2123 observatum
939 2061 1053 2123 eet.
1131 2051 1426 2137 Οἷμώζων
1449 2104 1468 2140 ,
1529 2057 1623 2120 ait
1682 2052 1992 2142 Blaydes‚
2058 2054 2300 2120 dictum
2366 2064 2459 2121 est
2520 2076 2634 2139 pro

240 2162 656 2242 οὶμωξομένη,
725 2169 800 2228 ut
861 2161 1019 2228 alibi
1079 2162 1314 2244 χαίρων
1359 2182 1474 2246 pro
1520 2161 1854 2241 χαιρήσων.
1904 2158 2001 2230 Cf.
2050 2159 2221 2227 Ecol.
2272 2158 2405 2226 942
2448 2164 2632 2239 οἰμώ-

241 2268 354 2351 ζων
401 2307 490 2319 -
538 2268 881 2343 σποδήσεις.
950 2268 1055 2334 Fr.
1126 2266 1258 2335 907
1320 2265 1587 2349 οἰμώζων
1638 2304 1721 2315 -
1774 2266 1978 2332 κάθου.
2041 2264 2275 2334 Procul
2337 2270 2515 2335 abest
2560 2274 2633 2333 ut

239 2398 468 2466 negem
492 2425 509 2454 ‚
575 2397 691 2442 nec
755 2382 966 2441 tamen
1014 2373 1200 2441 facile
1247 2374 1463 2441 locum
1512 2376 1785 2459 reperies
1836 2374 1948 2439 ubi
1994 2378 2070 2439 ut
2114 2374 2180 2440 h.
2227 2373 2273 2439 l.
2321 2373 2449 2440 tale
2494 2395 2635 2459 par-

241 2485 542 2570 ticipium
589 2503 880 2568 praesens
929 2503 1074 2548 cum
1119 2482 1324 2548 futuri
1363 2483 1617 2548 notione
1658 2482 1952 2549 iunctum
1996 2482 2082 2547 sit
2119 2501 2265 2548 eum
2292 2484 2633 2568 praeterito

240 2595 353 2655 ant
411 2589 728 2675 praesenti
792 2589 966 2674 (nam
1015 2591 1105 2653 im
1115 2589 1401 2674 perativo
1449 2589 1653 2653 futuri
1702 2590 1875 2654 notio
1920 2588 2137 2668 inest).
2186 2588 2398 2654 Facile
2442 2609 2593 2656 vero
2613 2637 2630 2666 ,

240 2697 294 2760 si
343 2715 506 2783 opus
553 2701 755 2778 esset,
804 2711 990 2779 poeta
1037 2694 1141 2758 hic
1189 2697 1542 2779 scripsisset
1594 2695 1731 2759 Οὐκ
1774 2693 2143 2770 οἷμώξετοιις
2186 2700 2260 2759 ut
2296 2694 2456 2760 Ran.
2505 2695 2633 2761 178

243 2801 348 2886 (cf.
398 2801 734 2868 Menandr.
788 2799 894 2874 lv,
950 2800 1030 2864 12
1081 2799 1346 2885 Mein),
1397 2797 1500 2864 vel
1547 2801 1673 2871 Ὠς
1721 2797 2210 2883 οἷμώξετοιι,.ιιι
2247 2797 2409 2866 Rau.
2452 2798 2632 2886 279).

243 2907 512 2994 Propter
574 2907 962 2972 brevitatem
1019 2906 1362 2971 obscurum
1421 2911 1520 2972 est
1579 2911 1645 2970 et
1706 2907 2004 2991 ancipitis
2059 2904 2283 2973 iudicii
2327 2905 2637 2974 Anaxilae

245 3011 684 3101 fragmentum
2382 3037 2389 3044 ·

611 3120 716 3184 xa}
766 3117 910 3207 πρὸς
962 3119 1064 3184 ἐπὶ
1115 3118 1344 3192 τούτοις
1395 3116 1643 3191 τιθασὸς
1691 3115 2051 3198 οὶμῶζων
2094 3114 2279 3193 τοιῶς.

337 3333 522 3402 Idem
567 3334 642 3400 fr.
693 3333 805 3400 22.

705 3441 899 3508 ἔπειτ’
950 3440 1168 3521 ἔρειξον
1216 3442 1703 3521 ἐπιβαλοῦσ’
1749 3444 1899 3521 ὅμοῦ
1946 3443 2181 3514 πίσους.

246 3545 402 3614 Erat
462 3569 610 3614 cum
659 3550 1012 3633 suspicarer
1059 3547 1521 3626 ἐμβαλοῦσ’
1570 3546 1825 3628 ὅλμῳ,
1877 3549 1984 3615 sed
2032 3548 2195 3615 nihil
2244 3555 2481 3615 temere
2528 3568 2637 3616 no·

246 3653 550 3720 vandum.
616 3652 812 3719 Recte
876 3654 1138 3720 fortasse
1207 3652 1481 3741 Blaydes
1549 3653 1859 3732 „Lentem
1908 3655 2337 3743 confringere,
2385 3658 2638 3722 iniectis

246 3760 438 3844 pisis,
487 3760 668 3824 iubet
715 3779 978 3825 uxorem
1027 3758 1281 3825 senex.’'
1331 3759 1593 3826 Scilicet
1638 3761 2012 3848 ignorabam
2060 3759 2334 3828 lentium
2374 3769 2439 3827 et
2480 3765 2637 3828 cice-

249 3884 392 3930 rum
463 3867 854 3942 mixturam,
928 3865 1036 3931 sed
1107 3865 1254 3931 vide
1325 3864 1699 3952 Hippocrat.
1771 3867 1847 3932 de
1905 3867 2163 3931 internis
2225 3867 2637 3954 affectionibus

251 3969 402 4058 Cap.
451 3971 539 4036 23
587 3993 730 4060 pag.
777 3970 906 4037 347
951 3993 986 4036 θ
1027 3971 1149 4038 vol.
1192 3971 1254 4037 II
1295 3973 1393 4038 ed.
1436 3973 1799 4042 Ermerins:
1840 3980 2125 4052 Φωκῶν
2166 3977 2297 4039 καὶ
2339 3975 2635 4054 ὀρόβων

252 4081 850 4159 πεφρυγμένων
923 4076 1178 4158 ἄλφιτα
1249 4082 1516 4157 κωθῆροις
1591 4079 1794 4144 ὁκόσον
1864 4081 2239 4161 ἧμιχοίνικον
2302 4080 2636 4160 ἑκατέρων,

254 4182 648 4264 ξυμφυρῆσωι
711 4185 920 4262 μέλιτι
981 4185 1082 4248 κοι)
1133 4183 1286 4262 ὅξεῒ,
1337 4187 1446 4270 qui
1494 4185 1709 4263 loeus,
1758 4186 1909 4270 quia
1951 4189 2018 4250 in
2066 4189 2451 4252 AMPHIARAO
2500 4207 2637 4272 par·

255 4295 347 4354 tes
409 4291 663 4356 fuerunt
712 4293 877 4356 senis
928 4293 1351 4377 aegrotantis,
1402 4287 1536 4356 fieri
1584 4299 1793 4375 potest
1838 4299 1911 4356 ut
1960 4293 2066 4357 hic
2114 4313 2237 4358 non
2286 4294 2371 4357 sit
2416 4291 2638 4380 negle-

255 4395 517 4484 gendus.
585 4396 794 4488 Vulgo
843 4395 1014 4462 enim
1133 4406 1256 4473 ωκῆ
1307 4417 1341 4462 e
1391 4394 1542 4462 solis
1588 4396 1900 4477 lentibus,
1953 4419 2078 4464 non
2124 4397 2431 4463 admixtis
2476 4400 2641 4468 cice-
