3150 5000
1075 328 1350 377 umus
1395 328 1731 379 sosnrrms.
2466 310 2599 379 393

248 485 448 567 ἡμέραν
495 492 522 555 ὃ
571 493 810 574 πατήρ,
871 491 1115 575 φθάσαι
1165 494 1214 559 δ’
1266 493 1343 560 ἂν
1389 493 1578 577 τάχα,
1625 494 1729 560 καὶ
1780 504 2409 572 ΤΕΛΕΤΊῊΣΛΣ,
2462 497 2600 576 πρὶν

242 589 514 670 ἄρξασθαι
559 597 895 676 βασιλείας
944 602 1202 676 ἀληθοῦς
1223 651 1241 685 ,
1291 622 1443 667 nam
1491 601 1736 683 φθάσαι
1775 600 2133 668 infinitivus
2168 602 2274 667 hic
2316 608 2446 687 est,
2471 625 2597 670 nou

240 703 552 784 optativus.
609 704 780 773 Hinc
827 707 992 793 quod
1035 714 1176 793 post
1219 709 1406 774 breve
1439 708 1851 776 intervallum
1892 712 2215 795 sequitur:
2240 712 2593 792 οὶφηρῆσθαι

236 802 290 867 δὲ
330 811 565 877 αὐτὸν
613 813 727 879 ὑπὸ
777 819 882 878 τοῦ
932 815 1162 893 πατρὸς
1212 816 1313 879 καὶ
1366 817 1476 888 τὴν
1517 815 1615 879 ε’π)
1658 815 1884 907 τέκνοις
1926 816 2193 891 ἐλπίδα,
2224 815 2395 882 malo
2420 819 2595 901 equi-

236 908 364 977 dem
425 917 667 992 αὐτὸς
732 919 1088 985 rescribere.
1165 920 1414 1007 Nempe
1473 923 1902 1007 syntacticum
1959 922 2191 986 vitium
2243 942 2365 986 non
2415 929 2597 989 curat

232 1013 554 1105 Josephus,
621 1024 810 1091 modo
857 1026 1184 1111 perspicue
1229 1029 1464 1093 scribat
1511 1033 1576 1093 et
1625 1027 1751 1093 duo
1796 1026 1923 1093 loci
1971 1048 2127 1113 quos
2174 1048 2364 1121 supra
2409 1030 2595 1113 posui
2712 1058 2721 1067 ·

232 1121 490 1210 aliquam
541 1134 1009 1198 excusationem
1059 1133 1331 1217 habent,
1393 1134 1502 1199 sed
1548 1136 1746 1198 etiam
1790 1132 2047 1221 longius
2094 1139 2187 1199 est
2226 1154 2594 1221 progressus

229 1226 296 1295 Β.
336 1232 392 1298 J.
442 1234 503 1303 5.
557 1235 618 1302 9.
662 1237 738 1316 3,
789 1240 902 1305 ubi
948 1239 1140 1305 refert
1186 1239 1502 1324 quomodo
1545 1242 1683 1325 ipse
1728 1242 1979 1306 civibus
2026 1245 2247 1305 auctor
2289 1241 2484 1307 fuerit
2522 1248 2595 1307 ut

228 1356 284 1401 se
323 1338 627 1409 Romanis
674 1343 1008 1411 dederent:
1072 1344 1176 1409 καὶ
1240 1350 1340 1410 νῦν
1404 1347 1690 1425 Καίσαρα
1741 1346 2075 1424 βούλεσθαι
2126 1343 2332 1421 δεξιὰν
2382 1349 2590 1421 αὐτοῖς

227 1457 587 1529 παρασχεῖν·
631 1452 698 1515 ού
746 1450 874 1530 γὰρ
918 1451 996 1519 ἂν
1041 1451 1238 1515 σῶσαί
1283 1475 1419 1515 τινα
1467 1451 1586 1535 βίοι
1635 1460 1945 1517 ΛΑΒΩΝ
1994 1456 2105 1527 την
2152 1452 2347 1517 πᾶλιν.
2420 1453 2595 1519 Alibi

223 1568 330 1615 nou
375 1554 646 1621 dubium
695 1562 827 1641 est,
875 1560 1032 1643 quin
1076 1556 1484 1623 librariorum
1532 1578 1770 1623 errores
1814 1578 1928 1623 nos
1975 1557 2400 1624 ludificentur.
2470 1558 2597 1624 Ve-

223 1652 332 1721 luti
386 1659 614 1746 Antiq.
667 1661 772 1728 14.
827 1668 882 1728 1.
933 1662 978 1728 2
1040 1670 1136 1729 est
1195 1684 1345 1729 sane
1407 1682 1671 1730 verum:
1739 1663 1840 1728 ἐπὶ
1906 1666 1990 1743 τῷ
2055 1663 2417 1741 βασιλεύειν
2478 1664 2592 1742 μὲν

223 1766 671 1845 ’Λριςύβουλον,
725 1769 976 1841 αὐτὸς
1025 1768 1086 1834 δὲ
1135 1768 1241 1849 ζῆν
1291 1769 1751 1851 ἀπραγμόνως,
1794 1769 2365 1850 καρπούμενος
2403 1772 2591 1845 ἀδεῶς

220 1872 315 1943 Τἑν
371 1873 781 1954 ὑπάρχουσαν
842 1876 1010 1956 αὐτῷ
1075 1884 1326 1955 κτῆσιν,
1374 1896 1500 1942 non
1545 1878 1795 1941 αὑτὸν
1844 1912 1933 1927 --
1978 1878 2590 1956 καρπούμενον,

219 1978 393 2044 sicuti
455 1986 628 2046 recte
686 1980 929 2069 legitur
987 1984 1210 2067 Antiq.
1259 1982 1322 2048 2.
1377 1983 1480 2047 14.
1533 1983 1612 2050 5:
1678 1992 1946 2059 Μωυσῆς
1997 1982 2059 2048 δὲ
2107 1984 2213 2047 οὐκ
2262 1982 2355 2047 ἔτι
2404 1984 2593 2056 αὐτὸς

216 2086 560 2160 ποιήσεσθαι
625 2092 757 2165 περὶ
818 2088 1044 2153 τούτων
1091 2087 1313 2166 λόγους
1361 2091 1630 2170 ἔφησεν,
1681 2089 1866 2155 αὐτὸν
1915 2088 1977 2155 δὲ
2030 2092 2249 2154 ἐκεῖνον
2297 2114 2590 2169 παρακα-

213 2191 398 2255 λέσειν
445 2188 574 2264 τοῖς
624 2194 935 2273 Ἑβραίοις
981 2195 1297 2260 ἀπελθεῖν.
1345 2192 1722 2283 corrigendi
1760 2201 1911 2260 sunt
1948 2202 2272 2281 praeterea
2313 2195 2437 2261 loci
2479 2196 2591 2281 qui

213 2295 617 2365 inveniuntur
662 2300 888 2387 Antiq.
942 2301 1048 2367 14.
1102 2302 1207 2369 15.
1257 2300 1296 2369 '7
1345 2306 1411 2368 et
1461 2301 1564 2367 16.
1618 2300 1681 2367 9.
1732 2301 1812 2387 3,
1860 2301 1975 2367 alii
2019 2301 2303 2368 fortasse.

287 2503 364 2572 B.
416 2504 479 2571 J.
534 2509 592 2571 l.
642 2503 752 2572 27.
806 2507 878 2571 l:
943 2507 1384 2589 ἐγγράφως
1450 2510 1570 2580 τοὶς
1618 2507 1907 2587 μηνύσεις
1956 2506 2301 2588 φέροντας,
2352 2507 2591 2574 dicitur

208 2607 312 2676 hoc
373 2613 501 2677 nisi
563 2611 750 2679 fallor
770 2659 786 2691 ,
851 2613 1006 2692 ἐγγ
1025 2613 1355 2694 ροὶφους.
1425 2612 1707 2682 Gravius
1762 2620 1859 2680 est
1904 2614 2071 2700 quod
2117 2613 2374 2679 offendit
2423 2613 2583 2679 Bell.

207 2711 256 2777 J.
307 2719 368 2782 1.
422 2716 529 2785 30.
581 2716 658 2782 6:
722 2715 818 2783 ἵνα
884 2720 972 2794 μη
1038 2720 1142 2784 καὶ
1191 2721 1328 2785 καθ’
1371 2719 1519 2804 ᾂδου
1566 2721 1903 2804 φέροιμι
1952 2719 2055 2784 τὸν
2102 2719 2421 2800 ἀλοίςορα,
2472 2721 2588 2784 ubi

206 2841 422 2889 verum
469 2830 567 2890 est
611 2824 986 2905 σρέφοιμι.
1037 2825 1112 2890 Β.
1161 2827 1218 2892 J.
1275 2829 1334 2893 1.
1385 2827 1492 2891 31.
1545 2826 1581 2891 1
1633 2847 1745 2912 pro
1792 2824 2238 2904 μετεπέμπετο
2285 2845 2587 2909 reponen-

208 2925 350 2994 dum
403 2945 500 2995 est.
539 2931 1054 3008 μετεπέπεμπτο.
1103 2933 1175 2996 In
1216 2934 1538 3018 Antipatri
1565 2933 1778 2999 verbis
1803 2930 2023 3017 Antiq.
2057 2932 2114 2994 1.
2146 2928 2251 2994 32.
2282 2927 2322 2994 3
2349 2938 2585 3014 quanto

207 3032 555 3124 elegantius
600 3039 757 3103 erit:
824 3039 874 3102 εἰ
923 3039 976 3102 δ’
1024 3036 1402 3114 ἐξωλέςατος
1465 3037 1712 3104 πάντων
1759 3039 2074 3117 ἀνθρώπων
2127 3035 2427 3116 ἐγενόμην
2476 3036 2581 3101 καὶ

208 3139 387 3216 θηρίου
435 3144 652 3224 ψυχὴν
699 3141 858 3223 ἔχων
906 3143 1208 3224 ἀνημέρου
1223 3193 1241 3222 ,
1291 3143 1526 3223 oraim,
1578 3147 1685 3210 οὐκ
1724 3143 1803 3209 ἂν
1841 3153 1984 3215 ταῖς
2018 3151 2160 3215 σαῖς
2205 3142 2583 3222 εὐεργεσίαις

207 3243 594 3323 ἐκηλήθην
641 3269 834 3333 quam
884 3251 1276 3323 ἐνικήθην.
1348 3249 1593 3316 Deinde
1637 3251 1805 3338 quod
1854 3251 2032 3317 brevi
2076 3255 2221 3335 post
2264 3252 2581 3335 sequitur:

205 3351 470 3428 μέμνησο
536 3351 600 3418 δὲ
661 3357 736 3427 ὥς
801 3355 921 3436 οὐχ
979 3355 1124 3419 ἑκὼν
1184 3353 1440 3434 ἔπλεον,
1505 3356 1876 3435 επις-άμενος
1937 3359 2047 3431 σὺν
2096 3356 2580 3435 ἐμφωλεύουσαν

204 3465 330 3532 τῆς
379 3458 830 3536 βασιλείας
871 3468 1015 3525 κατ’
1059 3463 1207 3538 ἐμοῦ
1248 3460 1607 3539 δυσγένειαν
1630 3512 1648 3546 ,
1687 3483 1892 3548 neque
1918 3471 2027 3536 τῆς
2051 3461 2389 3538 βασιλείας
2416 3467 2583 3526 recte

203 3559 316 3630 huc
364 3565 669 3651 quadrat,
715 3587 919 3652 neque
963 3575 1090 3638 τοῖς
1135 3567 1512 3653 βασιλείοις,
1568 3569 1738 3654 quod
1784 3587 1863 3634 ex
1912 3565 2143 3632 Codice
2191 3565 2401 3652 Lugd.
2450 3565 2581 3630 Ba-

205 3673 340 3736 tavo
410 3670 738 3738 Bekkerus
797 3675 1088 3759 arripuit.
1175 3672 1509 3762 Corrigam
1574 3673 1905 3760 equidem:
1970 3678 2078 3744 τῆς
2154 3673 2506 3748 Σαλώμη
2528 3694 2579 3741 ς.

205 3773 441 3862 Nempe
487 3800 713 3844 verum
760 3780 828 3844 id
867 3785 1038 3858 erat,
1085 3783 1422 3846 incurrisse
1463 3782 1877 3867 Antipatrum
1920 3780 1989 3842 in
2012 3777 2232 3844 odium
2261 3775 2579 3854 Salomes‚

207 3884 302 3948 aed
349 3885 518 3970 quod
553 3886 712 3951 dicit
755 3888 1036 3952 invitum
1077 3907 1144 3952 se
1189 3889 1257 3952 in
1305 3886 1565 3952 Italiam
1613 3887 1970 3973 profectum
2018 3905 2188 3968 esse,
2236 3883 2304 3948 id
2352 3884 2582 3947 menti-

211 3991 337 4055 tur:
386 3991 534 4056 vide
581 3991 768 4057 modo
814 3990 892 4056 B.
927 3991 982 4058 J.
1035 3995 1092 4056 1.
1135 3991 1244 4058 29.
1289 3992 1365 4058 2:
1436 3991 1707 4064 δεδοικὼς
1758 3993 2159 4070 ἐπιτηροῦσαν
2205 3990 2314 4062 τὴν
2364 3987 2581 4052 Σαλώ-

211 4117 354 4174 μην,
404 4099 926 4177 πραγματεύεται
977 4097 1082 4166 διὰ
1127 4106 1244 4165 τῶν
1291 4098 1392 4164 ἐπὶ
1442 4106 1551 4173 τῆς
1605 4098 1887 4169 Ἰταλίας
1937 4098 2138 4178 φίλων
2175 4097 2283 4170 την
2324 4095 2411 4166 εἷς
2438 4096 2579 4159 Ῥώ-

213 4221 319 4274 μην
363 4204 715 4281 ἀποδημίαν
761 4207 950 4286 αὐτῷ.
1004 4204 1235 4273 Omnia
1279 4209 1348 4271 in
1395 4206 1571 4294 regia
1618 4203 1854 4270 fiebant
1892 4211 2055 4269 nutu
2095 4203 2381 4269 Salomes
2421 4209 2485 4268 et
2522 4206 2581 4268 si

216 4325 354 4389 quos
397 4310 652 4396 perdere
695 4312 952 4379 volebat
994 4317 1266 4399 pessima
1313 4311 1579 4390 mulier,
1632 4311 1908 4377 habebat
1953 4311 2215 4376 fratrem
2254 4312 2323 4376 in
2366 4311 2577 4375 omni-

215 4409 320 4478 bus
363 4416 726 4484 obnoxium.
