3150 5000
540 321 629 390 22
1539 347 1935 398 nnnonorus.

539 515 918 594 usurpatum
985 510 1230 576 videbis
1290 531 1401 596 pro
1464 511 1800 595 ἕκδιώκειν,
1866 512 2035 597 quod
2098 513 2521 598 compositum
2586 515 2652 577 in
2710 515 2925 578 nostra

539 611 849 681 Herodoti
894 619 1254 683 recensione
1301 630 1515 683 extare
1560 638 1687 684 non
1734 619 2010 685 videtur.

627 828 705 894 V.
769 829 856 897 '73
913 831 1018 894 καὶ
1067 841 1161 912 κῇ
1209 837 1329 909 γῆς
1379 831 1696 907 οἶκημένοι.
1770 831 1980 897 Immo
2029 835 2162 896 κοῦ
2209 839 2367 910 γῆς,
2398 837 2493 901 ut
2539 837 2709 898 reete
2754 829 2923 920 legi-

537 941 644 1000 tur
712 957 847 1022 cap.
923 935 1006 1001 13
1077 939 1236 1008 τίνες
1310 937 1513 1011 331-
1561 940 1678 1003 εἶσι
1749 941 1851 1003 καὶ
1929 943 2034 1003 κοῦ
2106 947 2227 1017 γῆς
2296 940 2615 1016 οἰκημένοι.
2689 939 2778 1004 Η.
2843 947 2921 1021 κῇ

536 1040 755 1108 eodem
801 1063 988 1108 sensu
1031 1050 1298 1129 usurpat
1343 1064 1468 1129 quo
1513 1045 1931 1114 Athenienses
1977 1051 2091 1110 κοῒ.

625 1252 702 1318 V.
753 1250 840 1321 ‘76
887 1249 1054 1325 οὗτος
1095 1254 1123 1318 δ
1169 1252 1348 1325 ςόλος
1395 1253 1498 1318 ἐπὶ
1541 1253 1763 1332 Κόδρου
1800 1253 2243 1334 βασιλεύοντος
2284 1254 2616 1329 Ἀθηναίων
2643 1257 2817 1337 ὀρθῶς
2844 1257 2924 1323 ἂν

533 1360 834 1424 καλέοιτο.
921 1359 1291 1427 Exsrribere
1349 1360 1530 1426 lubet
1592 1382 1752 1447 quae
1819 1361 1896 1427 de
1961 1361 2079 1427 hoe
2136 1361 2275 1426 loeo
2328 1381 2585 1442 meeum
2634 1364 2703 1426 in
2750 1383 2923 1428 eom·

531 1466 928 1532 mentatiolis
981 1469 1141 1532 meis
1196 1465 1353 1532 olim
1403 1465 1766 1554 disputavi:
1815 1465 2010 1531 Sunt
2060 1465 2324 1543 „Dieser
2369 1465 2511 1555 Zug
2560 1467 2709 1533 darf
2748 1468 2924 1534 wohl

531 1571 626 1638 als
688 1580 875 1638 unter
921 1571 1033 1638 der
1077 1571 1451 1661 Regiorung·
1497 1573 1609 1638 des
1656 1572 1903 1638 Kodros
1949 1571 2303 1660 gescheben
2354 1573 2721 1640 bezeichnet
2770 1596 2925 1640 wer-

529 1677 717 1745 den.”
799 1677 872 1744 Si
932 1679 1086 1744 haee
1147 1699 1366 1745 revera
1425 1684 1522 1744 est
1582 1677 1893 1744 Herodoti
1954 1697 2173 1762 mens,
2244 1679 2649 1744 scribendum
2724 1679 2924 1746 fuerit

527 1780 695 1855 οὗτος
745 1784 773 1848 δ
819 1784 1035 1855 στόλος
1084 1785 1112 1849 δ
1163 1784 1262 1849 ἐπὶ
1313 1783 1534 1863 Κόδρου
1584 1785 1773 1863 ὀρθῶς·
1794 1781 1875 1848 ἂν
1915 1785 2215 1849 καλέοιτο.
2264 1785 2406 1850 Non
2446 1788 2655 1872 magis
2695 1787 2918 1852 abesse

525 1895 736 1974 potest
782 1897 894 1956 aut
939 1890 1249 1956 articulus
1293 1897 1405 1956 aut
1449 1893 1863 1975 participium
1910 1889 2099 1976 quale
2142 1895 2241 1955 est
2284 1889 2608 1968 γενόμενος
2631 1940 2651 1974 ,
2700 1895 2756 1956 si
2802 1893 2919 1958 ad·

524 1999 851 2062 mittimus
893 1997 1134 2062 Nuberi
1173 1999 1605 2062 coniecturam
1646 1996 1818 2075 ὀρθῶς
1862 1999 2218 2074 <πρῶτος>
2258 1995 2338 2060 ἂν
2364 1994 2666 2061 καλέοιτο.
2706 1997 2918 2082 [Idem

525 2105 724 2168 sensit
771 2100 1048 2169 Cobetus
1066 2151 1084 2187 ,
1135 2105 1289 2168 setis
1336 2101 1640 2167 audacter
1682 2101 1816 2166 Mn.
1866 2100 1999 2166 XII
2046 2122 2107 2186 p.
2138 2101 2267 2166 142
2315 2105 2633 2187 corrigens
2672 2097 2845 2174 οὗτος
2889 2103 2917 2168 ὃ

523 2207 700 2280 τόλος
748 2245 838 2258 -
887 2209 1275 2292 (γενόμενος
1323 2210 1619 2288 mibi-oc>
1668 2209 1837 2287 ὀρθῶς
1886 2205 1961 2272 ἂν
2010 2209 2348 2291 καλέοιτο].
2418 2205 2589 2285 Quid
2630 2225 2821 2290 vero,
2862 2209 2919 2272 si

521 2317 1052 2400 interpretamur:
1118 2319 1261 2381 leaeo
1321 2315 1616 2397 expeditio
1678 2332 1719 2379 a
1772 2310 1975 2377 Codro
2022 2332 2171 2398 rege
2215 2310 2709 2376 Atheniensium
2730 2359 2746 2391 ,
2788 2314 2834 2377 i.
2861 2333 2915 2378 e.

524 2440 564 2485 a
637 2419 823 2486 Codri
883 2441 1062 2502 rayno
1123 2422 1297 2505 (nam
1365 2422 1463 2484 sin
1523 2421 1742 2484 minus
1806 2417 2083 2483 Graecus
2140 2403 2352 2482 'sermo
2412 2419 2763 2503 requireret
2808 2422 2917 2484 τοῦ

522 2526 992 2612 βασιλεύοντος)
1039 2530 1244 2593 merito
1292 2548 1496 2591 nomen
1543 2520 1846 2608 accipiat?
1908 2522 2231 2589 Herodoto
2278 2526 2455 2589 enim
2491 2522 2656 2588 nihil
2694 2527 2919 2591 tritius

524 2639 622 2701 est
682 2654 872 2719 quam
937 2634 1306 2707 καλέεσθαι,
1371 2632 1702 2713 κληθῆναι,
1776 2629 2146 2711 κεκλῆσθαι,
2215 2628 2444 2703 οὕνομα
2515 2628 2727 2709 ἔχειν,
2800 2632 2913 2705 τὴν

525 2739 867 2815 ἐπωνυμίην
924 2738 1230 2803 ποιέεσθαι
1296 2732 1558 2822 (ἔχειν),
1624 2732 1909 2813 γενέσθαι
1976 2737 2043 2799 et
2086 2732 2329 2799 similia
2375 2734 2512 2799 ἐπι-Ι
2557 2756 2751 2818 τινος,
2802 2735 2919 2800 ubi

522 2847 860 2930 scriptores
917 2846 1122 2910 Attici
1183 2848 1495 2927 usurpant
1556 2840 2089 2926 praepositionem
2153 2838 2299 2903 oin-d.
2389 2837 2487 2904 Of.
2546 2838 2915 2929 Schweigb.

523 2950 679 3016 Lex.
728 2971 792 3016 v.
841 2950 966 3017 ἐπί.
1035 2951 1136 3015 Ab
1183 2948 1301 3015 hae
1347 2947 1866 3031 interpretatione
1911 2962 2103 3029 prope
2149 2942 2355 3009 abfuit
2401 2943 2684 3011 Steinius
2722 2966 2918 3012 anno-

524 3059 756 3125 tationi
802 3076 954 3123 suae
997 3055 1393 3141 subiungens
1440 3052 1636 3120 verba
1684 3049 2010 3129 „Deutseh
2056 3053 2222 3115 etwa
2267 3046 2707 3143 Kodqoo-zaqss’

618 3269 693 3335 V.
761 3265 846 3336 77
909 3268 978 3332 ἐκ
1032 3263 1296 3344 τειχέων
1357 3260 2047 3344 περιπεφλὸῒσμένων.
2116 3259 2360 3328 Iniuria
2428 3260 2919 3329 Valckenarius

525 3375 887 3461 requirebat
938 3369 1608 3451 περιπεφλοῐομένων.
1696 3368 1864 3433 Nam
1935 3365 2348 3447 περιφλοίζειν
2398 3369 2670 3433 verbum
2719 3367 2920 3435 Grae·

525 3504 674 3550 eum
738 3501 863 3546 non
922 3487 1055 3564 est,
1119 3485 1184 3544 et
1248 3476 1699 3559 περιφλοΐζειν,
1747 3473 1915 3539 unde
1964 3474 2410 3552 περιφλοΐσμός
2460 3474 2655 3539 habet
2702 3472 2915 3541 Theo-

525 3588 858 3673 phrastus,-
918 3584 1162 3672 gaudet
1223 3584 1477 3647 notione
1541 3579 1823 3643 multum
1890 3577 2160 3642 diversa.
2236 3574 2371 3641 Hoo
2418 3598 2622 3641 unum
2664 3576 2919 3666 ambigi

526 3694 756 3779 possit,
820 3699 1040 3756 utrum
1089 3688 1195 3753 hie
1251 3686 1697 3774 corrigendum
1746 3686 1831 3749 sit
1878 3680 2489 3760 περιπεφλτσμένων
2537 3702 2616 3747 an
2662 3680 2920 3750 Aristo-

527 3798 723 3884 phani
759 3796 969 3863 Nubb.
1019 3793 1150 3860 395
1191 3814 1317 3858 una
1355 3796 1592 3863 inserta
1630 3786 1886 3855 literula
1927 3786 2315 3852 reddendum
2353 3788 2439 3851 sit
2470 3790 2916 3872 περιφλ(ε)ύει.

527 3904 618 3969 Ut
679 3903 798 3968 hoe
842 3922 967 3967 non
1016 3899 1180 3965 illud
1229 3898 1478 3965 credam
1527 3896 1685 3961 facit
1729 3915 1879 3961 oum
1930 3898 2278 3979 cog-natum
2326 3893 2594 3957 verbnm
2641 3895 2920 3971 Φλέγειν

527 4014 667 4074 tum
720 4008 1092 4093 praesertim
1141 4004 1308 4091 quod
1355 4002 1624 4069 verbum
1672 3999 1946 4085 simplex
1995 3998 2219 4076 Φλύειν
2264 3996 2465 4087 longe
2500 3996 2627 4061 alia
2672 3999 2925 4085 gaudet

528 4117 806 4179 notione.
877 4110 1196 4177 Similiter
1240 4117 1454 4175 autem
1505 4106 1657 4172 libri
1704 4107 1949 4171 variare
2000 4100 2205 4165 solent
2250 4103 2319 4164 in
2368 4108 2601 4179 Φυγεΐν
2645 4112 2712 4168 et
2760 4106 2923 4183 φεύ-
3020 4175 3027 4180 ‚

531 4243 702 4298 γειν,
749 4216 1030 4300 ἄφυκτος
1076 4224 1142 4285 et
1187 4216 1539 4301 ἄφευκτος,
1589 4210 1809 4284 τυκτός
1857 4215 1922 4274 et
1966 4205 2219 4278 τευκτός
2244 4256 2259 4282 ,
2312 4207 2629 4289 νυστάζειν
2670 4212 2737 4273 et
2776 4232 2921 4276 νευ-

533 4326 819 4409 στάζειν,
867 4325 1030 4392 aliis.
