3150 5000
484 289 571 356 92
1432 309 1516 357 u>
1560 309 1912 356 nucum.
1953 351 1958 354 .

483 474 856 552 καταράτοις
930 473 1178 551 κόλαξιν
1258 473 1497 545 ἐκείνοις
1570 471 2034 546 ἐπιλελησμένοι
2115 471 2322 549 άνδρὸς
2404 476 2686 536 τοσαῦτα
2718 520 2731 533 .
2761 519 2777 535 .
2809 517 2824 535 .
2856 519 2872 534 .

487 580 833 652 καύσαντος
885 583 1029 658 ἡμῖν
1075 580 1175 645 ἐπὶ
1225 587 1340 644 τῶν
1388 579 1635 658 βωμῶν.
1707 578 1872 644 Mihi
1923 578 2029 643 hio
2076 577 2254 644 locus
2300 577 2487 644 aliter
2526 577 2874 662 capiendus

483 687 741 753 videtur
786 693 975 772 atque
1015 689 1151 772 capi
1192 684 1354 752 solet
1390 692 1455 751 et
1492 688 1587 751 ita
1621 683 2058 772 refingendus:
2103 685 2345 755 εἰκότως
2385 684 2511 762 γὰρ
2551 684 2642 748 ἂν
2683 685 2875 761 ἠγα-

486 793 757 858 νάκτει
824 793 1179 876 δυστυχῶν,
1240 793 1306 857 εἴ
1371 791 1501 857 καὶ
1570 793 1800 867 ἡμεῖς
1870 787 2104 867 ὅμοια
2174 791 2674 867 ἐποιήσαμεν
2743 798 2873 862 τοῖς

486 923 544 964 κ.
570 923 626 963 τ.
655 914 717 964 λ.
791 899 915 964 Per
959 905 1170 965 totum
1218 899 1337 964 hoc
1384 903 1575 982 caput
1621 897 1688 962 id
1735 899 1875 985 agit
1919 895 2241 984 Iuppiter,
2292 901 2367 962 ut
2415 896 2706 962 ostendat
2747 916 2874 962 non

486 1005 699 1092 aliqua
732 1027 847 1074 sua
888 1005 1076 1091 culpa
1115 1007 1355 1072 factum
1395 1024 1561 1085 esse,
1603 1003 1772 1092 quod
1814 1002 2048 1069 Timon
2085 1003 2166 1070 ed
2201 1005 2645 1088 turpissimam
2685 1001 2872 1067 illam

486 1119 840 1199 egestatem
898 1119 1063 1177 esset
1122 1111 1435 1196 delapsus.
1523 1110 1725 1194 ‘Iure,
1791 1113 2035 1196 inquit,
2095 1111 2276 1176 nobis
2335 1117 2727 1175 suscenseret
2749 1157 2768 1192 ,
2820 1110 2879 1174 si

489 1239 605 1284 nos
641 1239 923 1304 quoque,
969 1217 1153 1282 obliti
1193 1223 1289 1282 tot
1327 1215 1776 1282 sacrificiorum
1800 1263 1815 1293 ‚
1866 1216 2081 1281 eadem
2127 1216 2497 1280 fecissemus
2535 1235 2697 1300 quae
2740 1235 2878 1280 sce-

486 1322 635 1388 lesti
682 1326 794 1388 isti
831 1330 1263 1388 assentatores.
1313 1322 1550 1388 Verum
1593 1333 1808 1388 tamen
1850 1322 2068 1409 (πλήν)
2106 1342 2231 1386 non
2269 1324 2361 1386 ita
2398 1342 2465 1386 se
2506 1342 2604 1386 res
2643 1320 2876 1398 habet,

488 1428 669 1494 nulls
750 1436 964 1494 nostra
1044 1431 1289 1495 incuria
1376 1429 1496 1493 hoc
1557 1429 1802 1494 factum
1867 1435 1994 1505 est3
2059 1429 2166 1494 sed
2225 1434 2479 1512 propter
2538 1430 2880 1493 innumera

486 1536 781 1622 negotis,
843 1535 1075 1620 quibus
1129 1534 1412 1600 destricti
1474 1536 1716 1600 fuimus
1779 1555 1859 1600 ne
1920 1534 2137 1600 oculos
2191 1535 2478 1598 coniicere
2523 1534 2758 1617 quidem
2807 1535 2877 1598 in

490 1643 773 1706 Atticam
840 1641 1249 1706 vacavimus’.
1337 1639 1526 1705 Nunc
1573 1640 1836 1706 demum
1883 1643 2101 1706 omnia
2147 1646 2316 1705 recte
2364 1647 2429 1705 et
2475 1639 2692 1705 ordine
2734 1660 2881 1724 pro-

490 1745 742 1811 cedunt.
815 1745 1052 1826 Quodsi
1112 1768 1233 1811 non
1293 1748 1557 1832 probas,
1607 1753 1673 1810 in
1721 1753 2021 1831 promptu
2068 1746 2326 1831 quidem
2375 1753 2471 1811 est
2518 1766 2630 1832 pro
2681 1747 2878 1821 ›37oe-

491 1851 805 1936 νάκτει,
866 1851 1033 1936 quod
1094 1873 1347 1937 prorsus
1410 1855 1718 1919 absonum
1781 1859 1913 1929 est,
1979 1873 2272 1937 praesens
2325 1853 2701 1928 rescribere3
2767 1853 2880 1917 sed

489 1977 570 2023 ns
639 1958 729 2022 sic
799 1959 1057 2042 quidem
1131 1959 1448 2024 constabit
1515 1961 1857 2024 sententia:
1925 1959 2094 2023 ‘Iure
2160 1958 2564 2046 indignatur,
2627 1957 2879 2043 quando

490 2062 747 2147 quidem
798 2063 1021 2129 eadem
1065 2064 1297 2130 facturi
1344 2064 1612 2130 sumus'.

586 2273 736 2360 Cap.
793 2276 898 2341 12.
949 2275 1052 2340 καὶ
1103 2274 1421 2355 μονονουχὶ
1469 2274 1761 2355 δικράνοις
1813 2273 2042 2349 ἐξεώθει
2093 2299 2175 2352 με
2213 2283 2324 2348 τῆς
2363 2275 2560 2346 οἰκίας
2601 2273 2880 2353 καθάπερ

492 2385 543 2448 οἱ
616 2381 685 2445 τὸ
750 2385 866 2459 πῦρ
927 2381 994 2446 ἐκ
1043 2383 1159 2445 τῶν
1206 2387 1421 2462 χειρῶν
1469 2382 2188 2461 ἀπορριπτοῦντες.
2259 2379 2656 2446 Sententiam
2707 2379 2880 2445 elau·

493 2487 704 2554 dicare
740 2491 882 2572 post
916 2485 1234 2553 Faberum
1275 2489 1466 2553 etiam
1493 2490 1812 2572 perspexit
1836 2485 2336 2559 Herwerdenus‚
2378 2489 2487 2571 qui
2512 2489 2876 2572 proposuit:

494 2593 599 2659 καὶ
658 2594 938 2672 καθάπερ
999 2595 1051 2659 οἱ
1114 2594 1184 2657 τὸ
1238 2598 1357 2674 πῦρ
1405 2594 1471 2658 ἐκ
1520 2596 1644 2657 τῶν.
1683 2595 1902 2673 χειρῶν
1951 2594 2062 2677 (sc.
2110 2594 2646 2679 α’πορριπτοῦντες)
2694 2596 2880 2671 άπερ-

494 2700 710 2781 ρίπτει.
764 2699 889 2766 Sed
926 2701 1081 2766 haec
1120 2703 1258 2785 ipsa
1302 2702 1421 2765 viri
1461 2702 1708 2786 egregii
1747 2702 2050 2766 correctio
2088 2701 2249 2765 mihi
2289 2702 2457 2765 viam
2497 2702 2881 2766 monstravit

496 2808 576 2873 ad
622 2807 929 2873 leniorem
977 2805 1522 2872 emendationem:
1573 2806 1802 2882 ἐξεώθει
1853 2830 1934 2883 με
1978 2806 2255 2885 καθάπερ
2305 2808 2353 2871 οἱ
2404 2808 2472 2869 τὸ
2523 2810 2641 2884 πῦρ
2668 2806 2736 2867 ἐκ
2763 2813 2877 2870 τῶν

493 2919 711 2993 χειρῶν
761 2915 1295 2996 άπορριπτῶν,
1343 2932 1533 2997 quam
1585 2914 1640 2976 si
1689 2915 1996 2999 magistro
2049 2933 2301 2977 summe
2340 2910 2880 2997 venerandopro-

493 3019 762 3101 bavero,
809 3018 1121 3106 gaudebo,
1192 3018 1269 3083 In
1318 3024 1533 3103 aperto
1582 3023 1712 3091 est,
1753 3018 1921 3082 unde
1958 3016 2226 3104 vulgata
2264 3019 2574 3103 originem
2602 3016 2876 3086 duxerit.

584 3227 737 3315 Cap.
795 3229 903 3295 14.
950 3228 1229 3310 καθάπερ
1276 3230 1384 3302 τὴν
1429 3229 1488 3293 ἕν
1512 3238 1590 3309 τῇ
1615 3227 1826 3308 φάτνῃ
1851 3227 2003 3292 κύνα
2043 3228 2208 3313 (τὴν
2243 3228 2474 3314 insere)
2500 3230 2660 3304 μήτε
2685 3228 2881 3301 αὐτὴν

493 3334 829 3401 ἐσθίουσαν.
900 3332 1159 3399 Alludit
1204 3334 1282 3400 ad
1330 3331 1630 3399 fabellam
1679 3335 1975 3400 omnibus
2021 3341 2259 3400 notam.

585 3546 738 3634 Gap.
800 3547 905 3614 15.
953 3546 1118 3613 οὐδὲν
1164 3546 1489 3613 άδικοῦντά
1539 3572 1622 3624 με
1672 3548 1786 3612 ὑπὸ
1834 3548 2134 3620 τοσούτοις
2186 3547 2428 3624 δεσμοῖς
2481 3548 2883 3624 κατασήπον-

490 3677 646 3732 τας,
695 3656 835 3720 οὐκ
882 3651 1048 3718 stad
1064 3677 1207 3725 τας
1257 3656 1335 3727 ὥς
1380 3655 1551 3731 μετὰ
1600 3652 1809 3732 μικρὸν
1857 3653 2116 3719 άπίασιν
2154 3652 2334 3733 ἄλλῳ
2372 3653 2486 3717 τινὶ
2527 3662 2643 3719 τῶν
2681 3656 2881 3722 εὔδαι-

491 3761 685 3839 μόνων
736 3785 819 3838 με
860 3757 1358 3831 καταλιπόντας.
1422 3758 1545 3825 Sed
1585 3782 1773 3825 nemo
1813 3760 2179 3825 mortalium
2220 3761 2341 3825 hoc
2383 3762 2670 3846 ignorat;
2714 3770 2882 3843 pote·

488 3871 590 3933 rat
627 3865 871 3932 dicere:
917 3887 1035 3929 non
1069 3870 1421 3946 coyitantee,
1468 3866 1634 3928 nihil
1665 3874 1958 3929 morantes
1981 3866 2084 3931 vel
2111 3864 2324 3930 simile
2347 3866 2536 3949 quid;
2565 3866 2887 3932 nescientes

488 3992 613 4038 non
676 3977 937 4055 poterat.
1027 3968 1243 4035 Scribe
1303 3964 1386 4035 εὖ
1449 3969 1812 4054 εἰδότας,
1868 3970 2036 4055 quod
2084 3970 2302 4035 acerbe
2352 3981 2416 4035 et
2463 3976 2884 4056 contemptim

489 4076 756 4149 dicitur,
827 4078 960 4141 lieet
1022 4082 1233 4159 optime
1298 4083 1553 4153 scir-enm
1617 4084 1874 4162 propter
1933 4077 2052 4142 hoc
2113 4079 2324 4161 ipsum
2385 4079 2453 4141 in
2499 4082 2886 4164 praegressis

488 4182 809 4256 άνόητοι
882 4182 1153 4248 audiunt
1166 4202 1183 4260 ;
1259 4203 1409 4247 nam
1482 4185 1536 4247 si
1607 4196 1976 4267 perpetuam
2051 4184 2358 4247 bonorum
2427 4187 2882 4268 possessionem

486 4289 848 4375 sperabant,
918 4290 1133 4354 minus
1204 4287 1390 4354 stulti
1453 4294 1664 4355 essent
1723 4289 2020 4354 omnibus
2076 4289 2284 4356 modis
2337 4310 2412 4354 ea
2459 4289 2886 4357 custodientes

488 4402 553 4462 et
605 4402 1069 4461 conservantes.
