3150 5000
163 1201 168 1208 .
233 1119 352 1223 DE
413 1120 766 1228 OASSH
832 1125 1212 1230 DIONIS
1265 1123 1643 1230 LIBRIS
1698 1123 2031 1230 MANU
2094 1123 2580 1230 SCRIPTIS

1247 1399 1531 1450 semem!

975 1615 1058 1682 U.
1105 1615 1222 1681 Pu.
1277 1613 1803 1682 BOISSEVAIN.

305 2087 553 2159 Constat
599 2094 770 2158 inter
810 2094 980 2157 viros
1017 2091 1232 2156 doctos
1277 2087 1571 2158 Cassium
1612 2091 1883 2157 Dionem
1907 2089 2324 2157 Cocceianum
2347 2139 2364 2170 ‚
2388 2092 2585 2158 histo-

225 2196 436 2262 riarum
502 2200 887 2283 scriptorum
947 2199 1353 2282 imperatoria
1414 2202 1621 2264 aetate
1678 2201 1789 2282 qui
1849 2198 2033 2262 nobis
2092 2199 2329 2264 servati
2396 2205 2581 2276 sunt,

227 2297 424 2368 Tacito
480 2311 542 2369 et
603 2305 895 2389 Appiano
953 2305 1235 2388 exceptis
1258 2350 1274 2381 ,
1335 2302 1520 2368 facile
1590 2305 1941 2389 principem
1962 2349 1979 2382 ‚
2040 2303 2120 2367 ad
2166 2303 2334 2367 hunc
2383 2323 2584 2388 usque

229 2407 413 2492 diem,
456 2413 650 2477 etiam
700 2416 843 2495 post
889 2412 1182 2497 egregias
1229 2407 1516 2474 Reimari
1564 2413 1628 2476 et
1674 2407 1921 2474 Reiskii
1970 2414 2034 2474 et
2081 2408 2357 2474 Bekkeri
2404 2430 2586 2476 curas

227 2517 743 2602 novissimumque
782 2514 1091 2582 Dindorfii
1133 2515 1476 2581 editionem
1497 2563 1516 2600 ,
1567 2516 1850 2581 nondum
1897 2518 1990 2580 ita
2035 2536 2170 2582 esse
2215 2516 2460 2582 editum
2512 2528 2586 2582 ut

227 2618 683 2688 desiderandum
751 2622 915 2688 nihil
976 2623 1270 2706 supersit.
1347 2621 1480 2687 Nec
1527 2628 1742 2687 tamen
1790 2642 1953 2689 novo
2001 2622 2214 2688 studio
2262 2627 2328 2687 et
2374 2622 2587 2688 labore

229 2727 274 2788 is
309 2726 604 2815 indignus
641 2728 919 2813 videtur,
966 2730 1077 2812 qui
1123 2747 1222 2792 res
1267 2725 1591 2792 Romanas
1636 2728 1715 2792 ab
1764 2727 2009 2791 Aeneae
2053 2728 2121 2791 in
2166 2726 2422 2792 Italiam
2472 2728 2585 2792 ad-

231 2838 402 2898 ventu
457 2854 658 2919 usque
719 2832 796 2899 ad
861 2853 1048 2899 suam
1106 2840 1381 2899 aetatem
1431 2834 1513 2917 (a.
1559 2854 1623 2919 p.
1671 2829 1746 2899 G.
1794 2831 1955 2913 222)
2003 2854 2080 2898 ex
2126 2833 2343 2898 ordine
2392 2854 2587 2900 anno-

228 2956 348 3003 rum
410 2947 698 3006 accurate
759 2944 824 3005 et
882 2937 1259 3023 plerumque
1321 2936 1567 3025 optima
1638 2936 1759 3004 fide
1829 2942 2227 3025 perscripsit,
2300 2960 2589 3006 sermone
2644 3026 2649 3033 Ι

229 3044 416 3112 ieiuno
473 3046 733 3132 quidem
797 3051 862 3112 et
923 3045 1113 3125 exili,
1169 3049 1237 3111 at
1283 3048 1438 3111 satis
1484 3065 1646 3131 puro
1694 3052 1910 3111 tamen
1957 3052 2021 3111 et
2067 3045 2146 3111 ad
2194 3046 2583 3131 optimorum

230 3154 582 3238 scriptorum
646 3155 1006 3219 Atticorum
1073 3154 1446 3238 praesertim
1509 3150 1909 3239 Thucydidis
1971 3151 2391 3218 elocutionem
2466 3153 2587 3219 sor-

229 3262 417 3344 mato,
477 3267 577 3345 et,
643 3260 698 3324 si
759 3262 1070 3326 orationes
1131 3257 1376 3343 aliquot
1415 3260 1695 3343 excipias
1741 3260 1804 3322 in
1853 3257 2085 3343 quibus
2132 3257 2349 3343 paullo
2396 3259 2589 3326 vehe-

231 3368 484 3430 mentius
543 3364 764 3432 inflare
825 3363 1060 3441 soleat,
1131 3384 1166 3429 a
1214 3385 1375 3430 vana
1423 3373 1488 3429 et
1533 3365 1749 3448 inepta
1797 3364 2135 3429 verborum
2183 3383 2419 3449 pompa
2438 3366 2590 3431 ‘fere

217 3476 466 3551 remoto,
539 3468 740 3537 Cuius
801 3472 1008 3555 operis
1067 3489 1214 3533 cum
1273 3489 1509 3556 magna
1572 3488 1717 3554 pars
1780 3470 2039 3553 perierit
2055 3516 2073 3547 ‚
2131 3466 2304 3533 felici
2375 3475 2587 3536 tumen

230 3592 354 3639 casu
401 3578 458 3641 ei
501 3576 652 3641 libri
698 3575 880 3641 nobis
923 3576 1160 3640 servati
1206 3579 1393 3651 sunt,
1450 3574 1684 3659 quibus
1730 3573 1999 3639 historis
2042 3571 2280 3639 liberae
2327 3576 2419 3639 rei
2466 3595 2586 3660 pu-

232 3676 410 3746 blicae
467 3684 758 3747 exeuntis
814 3688 908 3759 et,
972 3679 1140 3766 quod
1188 3682 1546 3745 maximum
1596 3686 1730 3762 est,
1780 3680 2061 3744 ineuntis
2108 3682 2333 3744 aetatis
2379 3678 2587 3766 impe-

233 3788 474 3852 ratoriae
507 3792 797 3853 enarrata
841 3793 941 3851 est
959 3834 978 3869 ‚
1023 3785 1090 3850 id
1141 3792 1240 3850 est
1286 3806 1361 3851 ea
1405 3804 1621 3850 rerum
1666 3782 2097 3850 Romanarum
2143 3804 2287 3869 pars
2326 3806 2487 3871 quae
2524 3795 2591 3855 et

233 3895 476 3959 maximi
523 3894 834 3958 momenti
879 3896 979 3957 est
1023 3910 1227 3975 neque
1272 3889 1440 3975 apud
1490 3897 1731 3956 ceteros
1778 3891 1890 3974 qui
1938 3896 2277 3974 supersunt
2323 3895 2588 3977 scripto-

235 4014 315 4060 res
368 4003 696 4065 tractatur.
767 3996 862 4062 Eo
921 3995 1130 4083 magis
1193 3994 1262 4061 id
1321 3995 1503 4062 nobis
1562 3999 1896 4080 acceptum
1959 4016 2093 4060 esse
2150 3995 2373 4075 debet,
2420 3999 2589 4083 quod

236 4102 441 4181 quibus
473 4103 728 4191 legibus
767 4108 830 4168 et
865 4103 1182 4167 institutis
1219 4101 1553 4187 Augustus
1593 4119 1831 4166 novum
1871 4102 2298 4186 principatum
2338 4100 2592 4171 firmare

239 4210 292 4266 et
327 4208 603 4275 stabilire
645 4208 962 4274 studuerit
1007 4226 1262 4273 summa
1308 4206 1645 4295 diligentia
1690 4204 1944 4272 rettulit
1986 4214 2051 4272 et
2095 4206 2325 4273 harum
2372 4230 2585 4275 rerum

244 4313 440 4379 unicus
483 4316 668 4381 nobis
712 4315 852 4379 fons
897 4315 1220 4398 quantivis
1265 4314 1455 4397 pretii
1500 4318 1805 4398 superest.

321 4416 486 4497 Quod
547 4420 628 4487 ad
689 4420 880 4485 fidem
942 4428 1008 4486 et
1069 4421 1512 4486 auctoritatem
1575 4418 1797 4483 Dionis
1842 4420 2100 4495 attinet,
2153 4420 2287 4482 scio
2330 4419 2589 4503 quidem
