3150 5000
1344 241 1582 298 mosao.
2083 287 2089 295 .
2571 220 2662 300 6¹7

370 416 553 499 Quod
596 423 1043 506 permutantur
1083 436 1122 483 P
1169 422 1235 485 et
1278 435 1324 483 v
1369 422 1435 484 et
1478 436 1521 483 ιι
1568 414 1924 503 explicatur
1967 416 2410 482 tantummodo
2457 436 2492 481 e
2529 419 2658 503 pri·

262 527 511 592 mitiva
553 524 911 601 litterarum
959 525 1199 603 forma3
1244 541 1465 590 mlum
1508 540 1767 609 vnum
1824 539 2218 589 onsm’n'rua
2263 538 2660 589 onsnnumun

264 632 354 698 cf.
381 632 499 698 XI.
528 630 679 697 383.
727 631 871 699 Non
915 634 1157 698 mirum
1202 631 1443 720 igitur,
1490 630 1771 696 dubitari
1808 632 2124 715 potuisse,
2163 639 2384 695 utrum
2423 628 2659 697 Naevii

262 754 487 805 nunus
534 760 613 805 an
665 754 873 806 nurus
914 738 1132 805 fabula
1179 739 1561 815 exstitisset3
1613 737 1723 803 sed
1765 735 1826 803 N
1830 739 1964 803 ovii
2010 742 2145 803 erat
2189 734 2486 803 Atellana
2527 735 2659 801 132⁶-

251 868 417 929 puo,
467 845 637 912 Fest.
688 867 749 931 p.
778 842 947 922 270,
994 842 1224 911 Naevii
1268 845 1558 910 exstabat
1603 844 1815 908 Ludus
1861 840 1995 910 Cic.
2046 840 2186 909 Cat.
2225 842 2321 908 M.
2363 841 2484 928 20,
2508 862 2657 907 cum

266 971 405 1036 qua
449 952 859 1036 inscriptione
904 950 1262 1016 conferatur
1306 948 1577 1017 Senecae
1604 950 1814 1015 Ludus
1851 950 1926 1014 de
1961 960 2145 1014 morte
2173 948 2435 1013 Claudii.
2484 947 2658 1029 Quae

264 1056 508 1123 Naevii
553 1056 853 1123 laudatur
898 1057 1181 1121 alimonia
1230 1056 1334 1144 (eo.
1364 1057 1630 1143 fabula)
1679 1056 1854 1121 Remi
1896 1064 1954 1122 el
1998 1056 2243 1121 Romuli
2287 1054 2448 1121 nihil
2487 1075 2658 1121 oom-

267 1184 472 1229 mune
517 1162 747 1229 habere
794 1165 1005 1249 potuit
1048 1182 1199 1229 cum
1242 1163 1417 1247 lupo,
1472 1163 1531 1227 si
1576 1165 1957 1240 exstitisset,
2004 1160 2154 1241 sed,
2203 1164 2460 1248 opinor,
2507 1181 2658 1226 cum

266 1270 447 1353 lupa,
496 1290 657 1356 quae
700 1271 991 1359 geminos
1035 1269 1379 1335 nutriebat.
2687 1280 2692 1290 ·

266 1397 301 1409 ‘
364 1374 548 1442 Aliae
609 1377 1086 1462 depravationes
1129 1378 1519 1461 irrepserunt
1564 1396 1678 1461 per
1720 1376 2319 1461 pronuntiationem.
2391 1374 2656 1461 Possem

266 1480 491 1547 afferre
554 1502 589 1548 e
644 1481 941 1547 Vaticano
987 1478 1200 1548 Pison.
1266 1489 1332 1547 et
1376 1480 1657 1567 Philipp
1709 1481 1999 1569 exempla
2044 1484 2434 1568 praepositae
2478 1499 2505 1546 1
2551 1478 2656 1547 ved

264 1578 399 1654 luti
444 1589 751 1675 inefarim
764 1637 782 1666 ,
832 1590 1177 1654 iscelemlue
1196 1634 1212 1667 ‚
1260 1589 1421 1672 iopes
1438 1637 1453 1667 ,
1502 1590 1780 1673 {spiritus
1795 1635 1812 1667 ,
1852 1609 2012 1674 quae
2051 1589 2390 1657 manifesto
2427 1609 2506 1654 ex
2530 1586 2658 1654 Ita-

264 1692 483 1761 lorum
531 1715 651 1760 usu
698 1694 1017 1761 fluxerunt
1034 1742 1050 1773 ‚
1100 1695 1209 1760 sed
1256 1697 1323 1759 in
1372 1696 1831 1762 vetustioribus
1853 1698 2050 1761 etiam
2074 1694 2335 1761 similia.
2383 1694 2658 1761 Incredi-

268 1800 405 1867 bile
450 1802 660 1878 dictu,
703 1804 951 1887 quoties
997 1820 1036 1868 Β
1084 1810 1148 1867 et
1194 1820 1234 1866 U
1281 1801 1496 1867 locum
1541 1805 1954 1869 mutaverint.
2025 1801 2244 1868 Tacite
2289 1803 2656 1888 pronuntiat

266 1906 573 1974 librarius
633 1907 867 1993 aliquis
930 1907 1313 1973 vocabulum
1370 1906 1611 1974 lectum
1659 1913 1725 1973 et
1770 1908 2120 1975 secundum
2166 1927 2352 1973 suam
2397 1926 2651 1975 consue·

268 2016 561 2081 tudinem
626 2022 837 2081 totum
900 2016 1153 2099 scribit,
1216 2034 1341 2081 non
1395 2015 1684 2103 singulas
1730 2015 1976 2081 litteras
2019 2014 2098 2080 de
2145 2014 2494 2101 exemplari
2539 2034 2657 2080 suo

264 2128 598 2207 repetens,
658 2121 735 2186 cf.
798 2122 876 2185 ad
946 2119 1161 2186 Scaur.
1226 2120 1350 2187 vol.
1401 2121 1517 2187 XI.
1569 2144 1633 2207 p.
1685 2120 1838 2189 377.
1903 2120 2076 2187 Hinc
2123 2122 2364 2187 mirum
2414 2123 2651 2188 vitium

266 2244 499 2293 UBLBIS
560 2248 671 2314 pro
730 2244 957 2294 BanS
1020 2225 1133 2291 III.
1201 2227 1285 2292 18
1352 2230 1491 2313 (pro
1538 2217 1862 2293 tribuemus
1907 2228 2092 2293 beluis
2109 2274 2126 2305 ‚
2175 2228 2617 2293 tribumuelbis
2632 2277 2650 2314 ,

266 2334 382 2398 ubi
430 2336 735 2400 omissum
781 2358 853 2398 ue
898 2355 985 2400 m.
1036 2332 1099 2399 2.
1148 2334 1429 2420 addidit,
1488 2334 1564 2400 cf.
1617 2336 1653 2420 ξ
1702 2334 1835 2419 45).
2337 2342 2347 2356 '

358 2458 402 2506 A
448 2446 513 2506 et
558 2459 598 2507 ιι
644 2441 810 2526 quod
856 2441 1106 2526 saepius
1154 2446 1600 2526 permutantur
1647 2440 1820 2507 mala
1864 2441 2316 2528 pronuntiandi
2365 2446 2653 2508 assuetu-

265 2547 415 2612 dine
461 2548 700 2612 factum
753 2555 935 2632 puto:
989 2569 1124 2624 ras,
1173 2548 1490 2631 inpressit,
1538 2549 1958 2631 interpralalio
1976 2595 1994 2625 ,
2031 2571 2234 2632 paena
2274 2549 2380 2634 (=
2391 2550 2612 2634 paene)
2629 2597 2646 2632 ,

258 2654 617 2738 pa(ra)rare
665 2673 775 2738 pro
810 2675 1064 2736 parere,
1099 2665 1454 2736 praematur
1501 2655 1939 2740 (περι-αππιαν
1977 2674 2135 2719 corr.
2175 2673 2286 2740 per
2327 2655 2384 2741 e)
2431 2654 2479 2720 I.
2525 2654 2610 2720 10
2627 2701 2643 2733 ,

268 2765 337 2825 et
380 2767 595 2825 contra
642 2761 997 2824 her-moniam
1019 2807 1034 2836 ‚
1082 2765 1346 2842 repitent,
1403 2757 1531 2825 alia
1578 2760 1744 2845 apud
1795 2759 2049 2824 Strelitz
2098 2782 2154 2845 p.
2186 2759 2307 2843 85,
2354 2761 2434 2825 cf.
2471 2759 2650 2826 Mul-

266 2867 365 2933 ler
410 2888 472 2952 p.
522 2865 756 2932 XXIX
808 2866 885 2931 ad
932 2887 992 2951 p.
1045 2864 1195 2929 320.
1260 2865 1353 2932 Eo
1396 2866 1597 2930 refero
1646 2867 1912 2930 Philoleo
1959 2865 2009 2930 Ι.
2065 2865 2183 2952 16;
2232 2888 2308 2932 ex
2345 2867 2646 2952 Philolai,

269 2975 449 3038 exitu
506 2973 702 3038 simul
749 2973 827 3037 ad
874 2973 1223 3057 superiores
1271 2970 1584 3037 ablativos
1631 2972 2103 3038 accommodato
2149 2974 2454 3058 Philoleo,
2502 2975 2648 3039 Phi-

268 3079 419 3144 loleo
481 3080 721 3144 factum
786 3085 914 3156 est;
979 3100 1127 3144 nam
1186 3069 1560 3165 genetivum
1621 3079 1923 3156 Philoleo,
1973 3082 2042 3143 in
2088 3100 2212 3165 quo
2260 3079 2646 3168 elegantiam

269 3185 584 3270 quandam
631 3186 899 3251 editores
944 3192 1268 3269 statuunt,
1317 3207 1397 3249 ne
1444 3181 1673 3250 Graeci
1719 3186 1976 3272 quidem
2025 3206 2098 3252 eo
2143 3192 2426 3272 tempore
2465 3207 2648 3252 usur-

268 3299 539 3377 passent.
568 3329 650 3340 —
680 3291 951 3357 Litteras
996 3311 1041 3356 A
1086 3301 1151 3356 et
1196 3309 1268 3368 0,
1319 3307 1357 3355 ο
1405 3301 1469 3356 et
1516 3309 1559 3356 u
1605 3299 1998 3377 permutatas
2044 3313 2234 3359 nemo
2271 3294 2644 3380 mirabitur3

270 3399 586 3478 opulentus
630 3397 681 3462 I.
731 3399 812 3463 51
836 3444 853 3476 ,
899 3402 1201 3481 Areopoqo
1249 3398 1300 3462 Ι.
1350 3395 1435 3460 43
1457 3444 1475 3476 ,
1522 3399 1836 3462 commodis
1881 3398 1928 3463 Ι.
1957 3397 2036 3483 8,
2085 3405 2341 3464 cernitor-
2387 3421 2500 3485 pro
2537 3423 2648 3464 -ur

268 3502 321 3568 1.
372 3503 491 3579 51,
540 3525 688 3568 nam
736 3504 855 3568 hoc
903 3525 1025 3570 non
1073 3512 1171 3569 est
1214 3507 1307 3568 ita
1352 3525 1569 3568 rarum
1617 3525 1688 3569 ac
1736 3507 2028 3589 superius
2064 3503 2345 3572 incultae
2367 3525 2645 3591 pronun-

266 3611 553 3676 tiationis
598 3611 905 3676 mendum
923 3657 941 3688 ‚
987 3611 1156 3696 quod
1202 3612 1616 3696 praecipuum
1666 3616 1762 3675 est
1808 3609 2119 3676 Vaticano
2165 3610 2348 3697 Reip.
2396 3649 2478 3660 —-
2505 3612 2648 3677 Lit-

266 3722 399 3782 tera
441 3725 469 3778 i
513 3717 681 3782 cedit
728 3715 900 3782 affini
947 3741 1022 3801 u,
1088 3717 1199 3781 ubi
1246 3716 1507 3782 vacillat
1553 3720 1984 3802 pronuntiatio
2031 3737 2182 3782 sono
2229 3719 2441 3784 medio
2480 3721 2648 3784 inter

266 3841 310 3888 u
333 3828 395 3888 et
416 3841 478 3888 1:
524 3825 991 3907 inteqerrumm,
1038 3822 1185 3888 alia.
1234 3823 1387 3886 Dico
1428 3829 1493 3888 et
1531 3824 1682 3889 duco
1727 3823 1985 3889 confusa
2021 3823 2322 3891 similiter
2342 3827 2646 3911 interpre-

266 3935 397 4014 tor3
446 3931 554 3995 sed
601 3935 791 3993 minue
836 3951 1046 3994 munuc
1090 3931 1458 3995 oscitantiae
1504 3929 1750 3995 librarii
1798 3930 1849 3995 1.
1903 3928 2009 3996 ¹70.

354 4033 449 4101 De
494 4055 538 4101 D
585 4043 650 4101 et
696 4053 735 4100 '1'
782 4034 960 4103 finali
1004 4038 1289 4120 quaestio
1336 4035 1414 4101 ad
1460 4036 1983 4123 orthographiam
2029 4036 2353 4102 referenda
2398 4044 2529 4116 est,
2568 4038 2645 4103 de

270 4161 392 4227 qua
437 4162 626 4227 supra
672 4142 818 4207 XII.
867 4141 995 4207 291
1016 4188 1034 4220 ‚
1084 4141 1164 4207 cf.
1215 4140 1268 4207 Τ
1314 4147 1381 4206 in
1428 4163 1540 4228 pro
1588 4142 1732 4208 Mil.
1785 4141 1872 4207 34
1919 4149 1980 4207 at
2025 4165 2090 4207 eo
2111 4167 2192 4193 =
2215 4143 2381 4208 odeo.

358 4247 645 4334 Denique
705 4248 877 4316 haud
938 4250 1065 4315 scio
1122 4270 1201 4313 an
1247 4248 1373 4314 huc
1422 4269 1671 4335 quoque
1715 4250 2029 4336 pertineat
2072 4250 2322 4314 lacelari
2336 4297 2352 4330 ,
2403 4251 2642 4338 epheta,

268 4353 319 4432 I.
368 4353 408 4421 9
429 4403 447 4436 ‚
500 4353 587 4421 22
632 4375 747 4444 pro
790 4355 1086 4432 lacerari,
1135 4355 1403 4440 sphaera.
