3150 5000
1241 333 1638 389 moneres.
2541 318 2630 386 35

251 507 588 587 ἐλευθέρους
650 507 752 574 δύο
819 509 1566 586 καταμιαίνεσθαι,
1633 509 1823 589 ἄνδρα
1882 533 1953 574 τε
2014 507 2119 575 καὶ
2187 515 2498 586 γυναῖκα.
2546 505 2635 584 μὴ

253 617 541 692 ποιήσασι
609 615 672 682 δὲ
739 621 916 679 τοῦτο
981 613 1195 694 ζημίαι
1257 615 1547 694 μεγάλαι
1607 616 1955 682 ἐπικέαται.
2042 614 2449 694 „Absurdum
2500 617 2635 697 eet,

253 723 340 788 ait
396 720 683 789 Cobetus
741 721 896 787 Var.
947 721 1120 788 Lect.
1175 720 1339 799 188,
1390 725 1657 788 verbum
1716 723 2267 800 καταμιαίνεσθαι.
2340 721 2637 806 Namque

251 831 380 894 sive
425 829 816 912 mspurcari
857 827 1176 915 significat
1194 877 1210 906 ‚
1261 834 1334 895 ut
1379 827 1578 907 solet,
1622 833 1757 896 sive
1798 829 2013 915 paullo
2055 831 2262 894 acrius
2302 833 2398 894 est
2442 848 2636 913 quam

253 937 618 1013 μαίνεσθαι,
657 934 864 1020 pollui
898 935 1146 1021 piaculo
1189 934 1511 1021 quolibet,
1560 957 1686 1002 non
1736 941 1833 1002 est
1876 938 2131 1002 honoris
2179 955 2383 1023 genus
2426 935 2641 1024 magis

251 1041 566 1107 stolidum
627 1047 694 1106 et
753 1041 832 1106 ab
895 1045 1124 1107 natura
1185 1043 1430 1129 ingenii
1493 1044 1761 1108 humani
1810 1047 1876 1108 et
1922 1041 2306 1108 Graecorum
2352 1043 2640 1108 moribus

252 1151 460 1236 magis
509 1147 794 1213 alienum
842 1153 907 1213 et
954 1149 1292 1214 abhorrens
1313 1197 1330 1226 ,
1383 1148 1583 1214 cett.‘’

335 1255 572 1321 Nonne
620 1254 1170 1332 καταμιαίνεσθαι,
1219 1259 1294 1319 ut
1338 1255 1460 1320 hoc
1498 1260 1645 1320 utar
1663 1304 1681 1339 ‚
1707 1261 1875 1321 recte
1899 1253 2215 1321 diceretur
2238 1275 2428 1321 senex
2451 1253 2635 1320 Pria—

251 1381 432 1446 mus,
479 1359 567 1428 de
612 1380 738 1445 quo
783 1358 1127 1426 Hectorem
1166 1359 1422 1448 lugenti
1460 1369 1558 1427 est
1596 1362 1766 1446 apud
1806 1361 2167 1427 Homerum
2210 1370 2281 1425 Ω.
2314 1358 2444 1426 163
2468 1381 2637 1446 sqq.:

1777 1468 1953 1549 αμφὶ
1995 1467 2059 1532 δὲ
2105 1469 2415 1542 πολλὴ,

341 1573 645 1654 κόπρος
694 1571 828 1648 ἔην
871 1580 1200 1656 κεφαλῇ
1247 1597 1336 1637 τε
1385 1575 1520 1638 καὶ
1574 1573 1869 1661 αὐχένι
1916 1581 2041 1640 τοῖο
2090 1571 2405 1651 γέροντος,

340 1682 486 1754 τὴν
539 1681 628 1760 ῥα
676 1679 1262 1757 κυλινδόμενος
1306 1682 1867 1757 καταμήσατο
1912 1681 2199 1762 χερσὶν
2246 1675 2512 1764 ἑῇσινῗ

135 1757 144 1766 ’
257 1783 352 1851 cf.
399 1786 472 1852 x
530 1783 684 1851 414.

347 1889 730 1976 „Spartani”
793 1892 886 1956 ita
951 1893 1167 1978 pergit
1225 1894 1329 1957 vir
1393 1894 1669 1957 eximius
1720 1893 2175 1973 „concidebant
2223 1891 2347 1957 sibi
2389 1891 2649 1957 brachia

259 2003 324 2062 et
379 1996 732 2063 eliciebant
793 2017 1082 2063 cruorem
1147 2002 1215 2062 et
1275 1999 1370 2062 sic
1429 2017 1648 2085 regem
1712 2003 2039 2064 mortuum
2100 1996 2527 2075 honorabant,
2574 2003 2649 2062 ut

259 2097 436 2168 Galli
489 2099 782 2188 Qbelen
799 2149 816 2178 ,
863 2102 1032 2187 quod
1080 2099 1339 2169 Graecis
1383 2104 1671 2170 moribus
1717 2108 1815 2169 est
1852 2106 2225 2170 conveniens
2265 2103 2610 2170 admodum
2627 2151 2643 2181 ,

261 2211 328 2274 in
381 2207 577 2274 luctu
639 2209 764 2273 sibi
823 2209 1150 2296 unguibus
1195 2217 1302 2272 aut
1337 2211 1515 2296 ferro
1560 2210 1835 2276 lacerare
1880 2230 2106 2295 corpus
2154 2215 2267 2275 aut
2311 2230 2507 2298 genas
2552 2207 2649 2274 di-

263 2313 507 2380 laniare
557 2319 624 2380 et
665 2313 992 2380 vultum.‘’
1051 2315 1150 2380 De
1189 2316 1516 2401 unguibus
1557 2315 1826 2382 concedo
1844 2363 1862 2394 ,
1905 2315 1983 2380 de
2025 2316 2187 2381 ferro
2222 2335 2409 2402 nego.
2450 2313 2648 2380 Grae-

266 2441 490 2486 corum
543 2425 642 2485 est
691 2419 1025 2485 κόπτεσθαι
1075 2443 1122 2485 s.
1166 2422 1505 2487 τύπτεσθαι
1552 2421 2084 2509 (κατακόπτεσθαι
2126 2427 2223 2488 est
2258 2422 2649 2509 sequiorem)

267 2534 330 2591 et
373 2527 904 2605 καταμύττεσθαι
945 2529 1082 2593 sive
1129 2528 1667 2609 καταδρύπτεσθαι
1689 2577 1707 2607 ,
1752 2529 1862 2595 sed
1906 2529 1977 2594 τὸ
2027 2530 2544 2605 κατατέμνεσθαι
2588 2534 2653 2594 et

267 2634 334 2698 τὸ
393 2631 884 2714 τεριτιέμνεσθαι
944 2633 1084 2703 τοὺς
1148 2634 1495 2717 βραχίονας
1532 2637 1639 2721 (cf.
1680 2635 1834 2701 Her.
1877 2634 1971 2701 IV
2016 2633 2129 2715 ’71)
2167 2634 2648 2720 relinquebant,

265 2742 386 2805 nisi
441 2738 675 2823 fallor,
737 2740 1018 2805 barbaris
1078 2744 1144 2806 et
1202 2741 1511 2807 fanaticis.
1575 2742 1710 2809 Nec
1764 2742 2021 2809 tandem
2071 2741 2291 2819 video,
2342 2761 2469 2827 quo
2515 2742 2655 2806 iure

267 2844 552 2913 Gobetus
596 2846 766 2911 hunc
811 2867 1058 2912 morem
1107 2851 1550 2915 humaniorem
1598 2848 1839 2914 iudicet
1884 2868 2078 2934 quam
2124 2847 2463 2929 molestam
2512 2850 2649 2933 qui·

271 2952 412 3017 dem
475 2956 546 3017 et
592 2938 885 3036 spurcam
941 2952 1050 3017 sed
1113 2954 1436 3019 innoxiam
1491 2954 1672 3019 illam
1732 2954 2253 3020 consuetudinem
2301 2976 2493 3021 coeno
2512 3004 2529 3039 ‚
2578 2958 2653 3019 ut

271 3058 438 3143 apud
503 3056 863 3124 Homerum
884 3106 901 3135 ,
963 3064 1072 3124 aut
1122 3059 1383 3145 pulvere
1429 3061 1533 3126 vel
1582 3064 1789 3126 cinere
1832 3061 2287 3147 conspergendi
2334 3069 2399 3128 et
2445 3067 2658 3127 conta-

271 3164 568 3231 minandi
613 3167 912 3250 corporis.

357 3270 616 3337 Mncm.
654 3269 786 3337 XII
829 3291 892 3356 p.
951 3269 1076 3337 158
1123 3277 1506 3360 argumenta
1549 3275 1785 3360 partim
1834 3278 2242 3360 repetuntur,
2283 3295 2407 3342 non
2447 3294 2658 3342 corro-

273 3376 601 3443 borantur.
671 3374 986 3443 Retinebo
1028 3379 1236 3464 igitur
1281 3379 1585 3445 traditam
1632 3379 1991 3447 lectionem.

363 3588 480 3657 VI.
523 3587 612 3655 58
659 3596 820 3656 extr.
867 3591 1060 3656 ἐπεὰν
1107 3591 1168 3656 δὲ
1215 3591 1493 3674 θάψωσι,
1533 3594 1725 3673 ἀγορὴ
1767 3592 1918 3659 δέκα
1960 3593 2224 3674 ἡμερέων
2262 3595 2370 3660 οὐκ
2402 3589 2664 3660 ἵσταταί

277 3702 422 3777 σφι,
469 3694 600 3762 οὐδ’
643 3697 688 3761 ὦ
706 3719 736 3775 ρ
745 3719 992 3777 χαιρε
1012 3698 1092 3763 σί
1107 3724 1140 3773 n
1174 3698 1432 3780 συνίζει,
1456 3700 1637 3764 ἄλλα
1663 3701 1971 3764 πενθέουσι
1992 3699 2241 3771 ταύτας
2264 3700 2381 3774 τὰς
2409 3700 2660 3780 ἡμέρας.

277 3800 563 3869 Comitia
607 3806 1096 3891 magistratibus
1133 3806 1418 3871 creandis
1458 3808 1711 3872 nonnisi
1748 3805 1948 3872 semel
1988 3808 2324 3891 quotannis
2345 3806 2666 3872 habeban-

279 3914 422 3986 tur,
485 3908 705 3993 itaque
767 3929 998 3995 parum
1063 3911 1390 3995 probabile
1451 3913 1709 3978 videtur
1756 3910 1843 3975 Η.
1891 3912 2045 3976 haec
2096 3931 2627 3978 commemorasse
2650 3958 2667 3989 ,

279 4034 426 4079 cum
465 4016 842 4101 praesertim
879 4035 1004 4081 vox
1044 4017 1238 4095 ἀγορή
1278 4020 1542 4084 comitia
1588 4020 1717 4083 iam
1761 4017 2241 4102 complectatur.
2270 4015 2505 4083 Contra
2527 4020 2665 4083 iure

277 4128 572 4206 expectes
629 4140 704 4187 eo
757 4127 1042 4206 tempore
1087 4143 1204 4188 nec
1250 4130 1544 4189 senatum
1592 4126 1959 4191 convenisse
2006 4144 2123 4189 nec
2168 4124 2665 4211 magistratuum

279 4223 587 4314 colleg-ia,
625 4246 742 4293 nec
781 4227 911 4293 fere
952 4227 1176 4295 dubito
1216 4231 1372 4314 quin
1405 4251 1530 4297 vox
1555 4238 2055 4297 APXAIPGCIH
2084 4252 2163 4296 ex
2187 4230 2459 4295 duorum
2486 4250 2670 4296 voca-

286 4328 580 4397 bulorum
619 4330 870 4399 laciniis
908 4342 1164 4399 APXAI
1205 4342 1269 4400 et
1307 4344 1717 4401 rePo'rclH
1761 4336 2113 4402 coaluerint
2135 4336 2451 4421 fueritque
2476 4334 2665 4401 haece

283 4434 570 4503 historici
616 4456 878 4504 manue:
927 4438 1046 4505 οὐδ’
1096 4440 1349 4521 ἁρχαὶ
1404 4443 1599 4528 <οὐδὲ
1644 4443 2067 4527 γε>ρουσίη
2120 4442 2341 4526 συνίζει
2391 4442 2523 4507 κτὲ.
