3150 5000
991 334 996 341 ‚
1113 276 1391 327 rmvms
1433 274 1771 325 sosarnus,
2502 258 2632 322 385

339 438 528 506 Venio
576 439 656 507 ad
704 439 926 527 Antiq.
979 442 1084 509 19.
1139 442 1196 508 1.
1245 442 1323 529 1;
1368 443 1482 509 ubi
1522 439 1823 528 Caligula
1857 440 1967 514 τὴν
2013 438 2247 516 μανίαν
2286 439 2389 506 διὰ
2425 439 2633 515 πάσης

265 545 632 623 ἐσομένην
692 556 814 625 γῆς
861 539 970 612 καὶ
1016 547 1334 623 θαλάσσης
1385 546 1671 633 ἔςελλεν,
1738 545 1847 612 sed
1894 543 2127 612 melius
2174 552 2342 633 certe
2387 547 2631 615 intelli-

260 673 495 739 gerem:
545 654 1010 733 ἐρχομένην.
1061 654 1298 721 Statim
1348 660 1526 741 postt
1576 654 1687 727 την
1734 651 2028 731 διάβασιν
2068 652 2252 719 δεινὲν
2294 654 2629 732 ἡγούμενος

257 760 458 841 τριήρει
502 765 947 842 περατοῦν,
997 767 1274 847 praestet
1320 762 1447 829 nisi
1495 759 1682 827 fallor
1724 764 2129 841 περαιοῦν.

333 974 552 1060 Antiq.
607 972 714 1041 19.
765 978 825 1041 1.
876 975 915 1040 5
965 972 1276 1042 Chaereas
1295 1022 1310 1053 ,
1360 976 1472 1061 qui
1520 971 1889 1061 Caligulam
1936 972 2289 1049 interfecit,
2344 973 2447 1038 τὸν
2494 996 2629 1039 και-

254 1080 336 1159 ρὸν
373 1080 750 1166 ἐπισκοπῶν,
791 1078 950 1154 ὅπως
991 1083 1080 1160 μη
1123 1083 1208 1155 εἷς
1247 1082 1416 1147 κενὸν
1461 1082 1616 1145 ἀλλ’
1663 1078 1764 1144 ἐπὶ
1807 1075 2197 1157 καταπράξει
2240 1084 2357 1143 τῶν
2393 1079 2629 1160 βεβου-

253 1184 541 1262 λευμένων
564 1195 707 1259 ταῖς
731 1188 915 1268 χερσί
936 1188 1174 1270 χρῷτο,
1199 1188 1306 1253 hio
1327 1188 1532 1276 igitur
1555 1184 1868 1254 Chaereae
1902 1185 1987 1253 ἐς
2003 1196 2033 1266 ρ’
2052 1208 2095 1247 α
2114 1209 2195 1251 τε
2216 1184 2397 1250 ύετο
2436 1185 2631 1251 πολὺν

251 1292 349 1367 ἤδη
409 1290 641 1373 χρόνον.
735 1293 986 1359 Fierine
1057 1298 1267 1380 potest
1341 1300 1416 1358 ut
1489 1313 1678 1359 nemo
1750 1288 2272 1359 animadverterit
2344 1293 2372 1355 ἒ
2388 1315 2472 1372 ep
2490 1316 2533 1357 α
2553 1317 2629 1372 y-

252 1397 533 1473 γεύετο
579 1400 1010 1485 reponendum
1057 1397 1233 1465 esse?
1281 1399 1404 1466 Sed
1453 1397 1867 1465 Valckenarii
1914 1397 2514 1465 Animadversiones
2549 1400 2629 1466 ad

251 1504 664 1570 Ammonium
727 1506 1118 1592 frequentius
1163 1506 1426 1572 fortasse
1474 1505 1664 1572 hodie
1710 1504 2054 1570 laudantur
2100 1524 2294 1589 quam
2338 1504 2631 1571 lectitan-

249 1614 362 1675 tur.
412 1610 692 1678 Evidens
739 1633 840 1679 res
879 1620 1008 1692 est,
1051 1617 1150 1679 uti
1188 1613 1404 1681 vides:
1445 1613 1865 1693 ἒςραγγεύετο
1909 1610 1971 1675 δὲ
2014 1611 2208 1676 πολὺν
2246 1610 2356 1686 ἤδη
2381 1612 2594 1692 χρόνον
2616 1660 2636 1693 ,

248 1718 358 1799 οὐχ
406 1716 581 1801 ἡδονῇ
631 1719 827 1800 φέρων
876 1721 1064 1785 Γαίου
1111 1723 1222 1794 τὴν
1271 1718 1756 1801 συναναςροφῆν.
1804 1716 2049 1783 Deinde
2086 1719 2331 1785 tributa
2367 1717 2629 1785 mollius

249 1826 485 1914 exegit,
535 1846 698 1912 quae
745 1846 846 1893 res
890 1823 1045 1893 Gaio
1092 1826 1290 1893 bilem
1339 1828 1565 1893 movit.

326 2038 692 2125 Sequuntur
713 2102 718 2109 ,
737 2038 980 2107 multae
1026 2041 1298 2129 pag-inae
1344 2042 1412 2106 in
1460 2038 1692 2126 quibus
1738 2040 1849 2105 vix
1894 2035 2245 2122 quidquam
2289 2036 2589 2125 intelligo
2605 2087 2624 2118 ,

248 2144 396 2211 adeo
452 2152 530 2211 ut
592 2144 892 2232 pleraque
952 2148 1248 2233 quamvis
1311 2150 1609 2231 corrupta
1674 2164 1865 2232 cog-ar
1917 2146 2231 2209 intentata
2278 2143 2619 2211 dimittere.

244 2248 504 2336 Reliqua
565 2253 826 2318 fortasse
888 2254 1055 2318 tanti
1115 2273 1240 2318 non
1305 2258 1474 2317 sunt.
1561 2250 1781 2317 Veluti
1844 2246 2159 2317 Chaereae
2210 2250 2407 2317 verba
2474 2256 2626 2319 sunt

245 2354 456 2445 Antiq.
512 2357 617 2424 19.
661 2359 720 2423 l.
764 2357 838 2424 9:
888 2359 994 2425 καὶ
1041 2354 1103 2423 ἓν
1148 2359 1262 2435 μὲν
1309 2357 1673 2440 ὑπέζωσμαι
1720 2355 1941 2441 ξίφος,
1990 2358 2232 2439 ἀμφοῖν
2278 2356 2330 2421 δ’
2378 2356 2471 2424 ἂν
2519 2360 2625 2441 ἀρ-

245 2463 393 2530 κέσει
415 2515 433 2550 ,
474 2464 746 2531 correxit
786 2464 1117 2532 Bekkerus
1161 2464 1470 2545 ἀρκέσειεν
1486 2515 1504 2550 ,
1553 2464 1664 2530 sed
1709 2464 1973 2530 fortasse
2018 2468 2326 2549 praestat:
2380 2464 2623 2547 ἀμφοῖν

245 2567 291 2633 δ’
331 2568 406 2636 ἓν
457 2572 720 2653 ἀρκέσει.
760 2571 982 2657 Antiq.
1029 2571 1130 2638 19.
1183 2575 1242 2638 1.
1276 2572 1393 2650 10,
1440 2571 1791 2660 legendum
1838 2575 1935 2636 est
1978 2571 2245 2651 ἀφῖκτο,
2298 2591 2423 2637 non
2470 2574 2623 2655 ἀφί-

244 2699 390 2743 κετο.
438 2678 661 2764 Antiq.
708 2676 816 2744 19.
861 2679 919 2743 1.
970 2676 1086 2743 12:
1140 2679 1531 2761 ἠνείχετο
1582 2678 1647 2744 δὲ
1694 2676 2000 2759 Χαιρέας,
2043 2677 2153 2743 sed
2197 2699 2366 2743 nunc
2412 2680 2621 2755 ἠπεί-

245 2803 462 2862 γετο,
524 2787 634 2869 qui
695 2788 881 2850 antea
941 2784 1385 2864 ἒςραγγεύετο.
1435 2785 1655 2871 Antiq.
1713 2782 1817 2850 19.
1873 2784 1931 2848 1.
1988 2783 2099 2848 14:
2149 2781 2512 2862 βουλόμενοι
2562 2787 2622 2852 ἐν

245 2888 451 2975 ἐρημία
499 2896 614 2955 τῶν
661 2890 1192 2968 ἀμυνομένων
1244 2891 1723 2968 καταστήσαντες
1757 2891 1947 2956 αὑτὸν
1980 2888 2290 2956 ἅπτεσθαι
2315 2897 2426 2964 τῆς
2452 2897 2621 2972 σφα·

247 3003 394 3081 75⁶,
443 2996 623 3083 lege:
676 2998 1279 3076 ἀμυνουμένων.
1329 2997 1550 3082 Antiq.
1609 2995 1711 3062 19.
1766 2997 1825 3062 1.
1871 2995 1991 3075 15,
2040 2995 2353 3062 Anteium
2402 2996 2620 3064 κτείνει

248 3102 578 3182 ς’ρατιῶτας
630 3101 1192 3184 ἀποπέμψας,
1241 3103 1418 3192 lege:
1469 3101 1991 3184 ἐπιπέμψας.
2060 3101 2351 3188 Denique
2396 3101 2620 3191 Antiq.

250 3204 341 3270 19.
372 3209 429 3273 1.
462 3206 584 3274 16:
625 3204 822 3289 ἕτερος
870 3209 1265 3289 ἐπεφοιτήκει
1314 3208 1500 3288 λόγος
1541 3208 2038 3286 ὡμιληκέναι
2078 3207 2191 3287 μὲν
2230 3208 2413 3274 Γάῒον
2436 3210 2621 3291 τραύ-

248 3335 424 3387 μασιν
447 3361 464 3393 ,
527 3316 593 3380 οὔ
639 3316 762 3392 μὲν
814 3317 1175 3394 ἀποθανεῖν,
1224 3318 1508 3402 primum
1555 3318 1945 3381 conieceram
1992 3316 2460 3401 ἰλιγγιακέναι,
2509 3316 2619 3384 sed

247 3437 383 3485 mox
425 3419 717 3487 intellexi
765 3442 990 3488 verum
1037 3443 1170 3488 esse
1216 3420 1787 3502 ὦρακιακέναι.

325 3633 554 3702 Praeco
600 3634 864 3721 quidam
908 3635 1151 3701 Romae
1202 3635 1438 3701 dicitur
1482 3634 1681 3701 fuisse
1726 3634 2152 3701 divitissimus
2171 3682 2189 3714 ,
2234 3634 2459 3722 Antiq.
2515 3635 2615 3705 19.

255 3739 304 3802 1.
353 3740 460 3820 18,
527 3741 786 3818 δύναμίς
848 3766 921 3806 τε
983 3743 1155 3823 αὐτῷ
1220 3739 1288 3817 ἦν
1351 3742 1454 3824 ἐφ’
1484 3737 1597 3812 οἷς
1648 3741 1948 3817 ἐθελήσειε
2000 3765 2049 3806 π
2066 3740 2395 3818 ράσσειν
2444 3745 2616 3810 κατά

249 3844 346 3918 την
388 3846 599 3926 πόλιν,
649 3845 1048 3935 intelligam:
1101 3847 1625 3928 πιπράσκειν.
1678 3846 2027 3912 Arruntius
2061 3849 2296 3936 igitur,
2321 3850 2617 3918 namhoc

249 3946 474 4018 homini
519 3974 754 4020 nomen
801 3959 966 4038 erat,
1016 3954 1309 4042 prodiens
1355 3955 1425 4018 in
1461 3953 1782 4019 theatrum
1817 3951 2168 4037 proclamat
2200 3974 2453 4021 caesum
2480 3978 2617 4025 esse

249 4057 608 4144 principem,
660 4080 785 4144 quo
831 4060 999 4126 facto
1046 4060 1304 4126 sedatur
1351 4059 1674 4124 tumultus
1720 4061 1831 4144 qui
1878 4079 2170 4125 summus
2216 4067 2380 4139 erat,
2412 4082 2615 4148 quum

251 4171 606 4244 spectatores
659 4185 770 4250 spe
829 4186 900 4232 ac
961 4172 1140 4231 metu
1185 4165 1358 4232 ultro
1405 4166 1689 4252 citroque
1731 4167 2137 4232 iactarentur.
2210 4167 2332 4233 Καὶ
2378 4166 2613 4235 ἔπαυσε

253 4266 376 4338 ’τοὺς
428 4272 762 4352 ἀνθρώπους
821 4273 923 4338 ἐπὶ
988 4271 1174 4337 πλέον
1221 4273 1448 4355 ἀγνοίᾳ
1497 4271 2059 4353 συμπεριφέρεσθαι
2107 4278 2215 4339 τοῦ
2262 4273 2613 4352 γεγονότος.

255 4367 472 4442 Deinde
531 4399 598 4444 se
661 4379 1010 4445 Arruntius
1075 4378 1155 4444 ad
1213 4379 1458 4446 milites
1503 4381 1846 4446 convertit:
1896 4378 2003 4454 ἤδη
2054 4379 2117 4446 δὲ
2164 4381 2296 4446 καὶ
2346 4381 2439 4457 ςιὶ
2461 4397 2610 4452 Aac
