3150 5000
1157 341 1244 391 m
1293 341 1643 391 munzun.
2468 320 2597 391 1⁹7⁷

439 507 523 572 14
567 506 681 573 illa
709 508 761 594 1)
821 507 1062 593 placet,
1125 511 1422 594 quamvis
1483 507 1731 574 inculto
1799 509 2042 573 venerit
2106 526 2210 573 ore
2230 557 2248 590 ,

221 613 319 678 sed
361 612 550 699 paulo
592 617 739 699 post
784 612 1114 679 florentem
1133 663 1152 697 ,
1203 611 1288 680 4¹7
1314 660 1330 692 ,
1376 634 1552 699 sqq.:

566 724 635 785 at
671 725 781 798 tu,
833 719 990 785 dum
1038 722 1234 806 primi
1273 718 1454 786 floret
1496 720 1615 785 tibi
1657 720 1962 804 temporis
2002 721 2177 786 aetas
2197 769 2217 795 ‚

657 831 838 892 utere
856 873 873 904 ,
910 847 1032 892 non
1079 826 1260 892 tardo
1305 825 1546 892 labitur
1593 823 1711 891 illa
1757 824 1935 910 pede.

219 931 396 997 Initio
448 930 801 1017 alloquitur
845 931 1124 1017 aliquam
1144 979 1162 1010 ,
1217 952 1379 1017 quae
1426 930 1792 997 dissimulat
1840 951 2125 998 amorem
2145 981 2163 1014 ,
2217 929 2429 998 1--82

565 1038 781 1104 desine
827 1037 1265 1104 dissimulare:
1316 1038 1472 1104 deus
1519 1037 1841 1104 crudelius
1888 1039 2021 1102 urit

657 1164 816 1229 quos
852 1144 1030 1210 videt
1065 1147 1302 1211 invitos
1359 1143 1769 1210 succubuisse
1832 1144 1994 1228 sibi,

223 1253 276 1313 et
329 1252 545 1315 statim
600 1249 821 1315 eadem
871 1248 1159 1337 placendi
1209 1260 1376 1315 artes
1422 1245 1707 1334 exercetg
1760 1248 2019 1314 9-16:

471 1354 514 1420 9
569 1355 725 1441 quid
773 1357 894 1422 tibi
945 1377 1112 1422 nunc
1160 1355 1374 1422 mollis
1416 1360 1652 1439 prodest
1700 1354 1969 1422 coluisse
2010 1355 2274 1442 capillos
2293 1359 2325 1422 Ρ

221 1461 414 1545 itaque
473 1461 733 1527 lucrum
791 1461 1051 1547 aliquod
1113 1464 1250 1529 sive
1311 1462 1718 1529 commodum
1790 1467 2089 1528 sectatur.
2162 1462 2357 1533 Modo
2405 1464 2483 1529 ad
2529 1483 2597 1530 se

221 1567 408 1650 ipsum
459 1588 804 1634 conversus
851 1571 1160 1634 miserum
1211 1588 1457 1652 amore,
1513 1565 1820 1632 17-26:

430 1674 516 1740 1²7
566 1695 726 1740 num
773 1681 838 1741 te
884 1675 1273 1740 carminibus
1296 1725 1310 1748 ‚
1357 1695 1515 1739 num
1565 1679 1629 1740 te
1674 1672 2065 1761 pallentibus
2110 1675 2325 1741 herbis

659 1782 920 1848 devovit
967 1783 1162 1846 tacito
1209 1787 1490 1866 tempore
1537 1782 1742 1846 noctis
1787 1777 1989 1846 anus?

223 1883 354 1950 haec
401 1889 574 1951 enim
623 1889 974 1954 necessario
1019 1887 1320 1954 dicuntur
1369 1887 1446 1952 de
1491 1907 1564 1953 eo
1584 1935 1599 1964 ,
1650 1889 1758 1972 qui
1802 1887 2139 1952 manifesta
2174 1887 2412 1953 indicia
2448 1907 2594 1954 con-

225 1994 366 2076 cepti
401 1992 638 2058 furoris
679 1993 953 2059 ostendit
992 2013 1188 2079 eoque
1229 1992 1552 2078 displicet,
1596 1993 1762 2078 quod
1802 2012 1926 2058 non
1968 1994 2141 2059 cadit
2178 1995 2243 2059 in
2270 1993 2554 2078 puellam
2578 2040 2594 2071 ,

225 2116 392 2180 quam
440 2097 637 2183 paulo
683 2104 830 2164 ante
875 2097 1378 2186 significaverat,
1432 2099 1541 2164 sed
1588 2101 1657 2164 in
1702 2101 1915 2184 ipsum
1962 2105 2254 2185 poetam3
2302 2101 2411 2166 sed
2456 2101 2594 2167 sive

229 2221 311 2278 se,
362 2207 496 2269 sive
545 2204 747 2270 alium
799 2211 1148 2271 amatorem
1199 2205 1372 2281 vult,
1429 2205 1704 2270 miserum
1750 2227 1947 2269 amore
1992 2195 2185 2270 dicit:

431 2309 520 2374 25
569 2311 678 2376 sed
727 2331 955 2396 corpus
1003 2314 1290 2398 tetigisse
1336 2319 1539 2393 nocet,
1587 2311 1695 2376 sed
1742 2310 1939 2398 longa
1985 2310 2231 2377 dedisse

669 2415 882 2482 oscula
899 2465 916 2493 ,
969 2417 1078 2482 sed
1123 2417 1350 2482 femori
1395 2419 1785 2482 conseruisse
1830 2417 2062 2484 femur.

297 2522 483 2590 Modo
501 2574 522 2607 ‚
588 2528 654 2589 et
712 2526 930 2589 statim
995 2523 1253 2609 quidem
1273 2571 1288 2599 ,
1365 2530 1727 2590 exsecratur
1794 2523 2133 2589 formosam
2156 2571 2172 2600 ‚
2246 2544 2409 2609 quae
2477 2546 2595 2589 non

226 2634 371 2694 amet
414 2636 478 2695 et
527 2651 566 2697 a
613 2631 856 2714 nuptiis
903 2629 1249 2709 (Plautinis
1296 2628 1470 2716 volo)
1514 2632 1601 2695 sit
1649 2632 1884 2707 aliena,

430 2734 518 2801 39
567 2756 694 2800 non
741 2733 905 2820 lapis
951 2736 1114 2800 hanc
1158 2756 1583 2822 gemmaeque
1627 2739 1889 2813 iuvant,
1943 2755 2102 2821 quae
2140 2736 2375 2823 frigore
2412 2735 2545 2801 sola

659 2840 935 2907 dormiat
981 2846 1044 2906 et
1090 2840 1258 2905 nulli
1301 2844 1387 2907 sit
1431 2841 1743 2927 cupienda
1781 2840 1938 2906 viro.

299 2942 361 3009 In
419 2946 547 3012 alio
611 2948 892 3011 carmine
957 2946 1188 3030 (veluti
1252 2947 1306 3012 Ι.
1373 2949 1442 3033 4)
1507 2947 1588 3013 ad
1648 2948 1892 3011 iustum
1942 2949 2400 3013 sententiarum
2449 2967 2588 3031 pro-

231 3068 488 3133 gressum
540 3052 758 3136 aliqua
805 3051 1061 3129 desunt,
1112 3054 1179 3117 in
1228 3052 1355 3118 alio
1399 3052 1619 3118 volens
1664 3054 1993 3137 sciensque
2030 3053 2155 3117 sibi
2191 3054 2327 3138 ipse
2364 3051 2591 3117 infelix

233 3164 444 3223 amator
491 3157 896 3243 obloquitur,
943 3160 1254 3223 castitatis
1295 3180 1360 3224 se
1401 3158 1622 3226 Deliae
1650 3159 1974 3225 custodem
2000 3157 2327 3242 pollicitus
2346 3208 2364 3243 ,
2391 3158 2591 3223 simul

233 3266 508 3329 maritum
560 3266 704 3330 eius
749 3283 1045 3341 monens,
1093 3270 1168 3329 ut
1218 3270 1440 3329 caveat
1485 3285 1524 3329 a
1568 3285 1637 3330 se
1682 3270 1963 3329 amatore
2010 3262 2087 3349 (Ι.
2137 3263 2224 3350 6).

304 3366 458 3435 Fieri
527 3372 640 3436 vix
703 3388 881 3454 posse
942 3370 1222 3447 videtur,
1290 3376 1366 3435 ut
1423 3370 1733 3436 traditum
1782 3370 2020 3455 ubique
2070 3370 2357 3435 ordinem
2401 3369 2592 3435 hodie

233 3469 434 3556 aliquis
491 3474 802 3541 defendat.
877 3475 1281 3560 Quamquam
1331 3478 1633 3542 novimus
1680 3474 2009 3541 Disaenius
2054 3476 2209 3560 quid
2258 3474 2593 3560 explicarit

233 3580 284 3639 et
339 3580 713 3665 implicarit,
773 3581 927 3665 quid
988 3579 1220 3669 legerit
1260 3582 1328 3646 in
1374 3580 1633 3645 Tibullo
1681 3600 1795 3646 suo
1814 3628 1829 3657 ,
1881 3581 2035 3666 quid
2087 3579 2299 3668 legere
2346 3600 2413 3645 se
2466 3600 2594 3646 cre-

234 3678 455 3752 diderit.
525 3686 728 3753 Velut
786 3690 854 3751 in
917 3690 1196 3752 carmine
1251 3686 1368 3753 illo
1429 3694 1652 3753 octavo
1713 3686 1958 3752 bellum
2025 3693 2121 3751 est
2172 3685 2292 3751 hoc
2338 3708 2401 3772 p.
2460 3685 2584 3753 171

233 3786 296 3851 ad
353 3812 438 3857 vs.
499 3793 587 3859 25
608 3840 625 3871 ,
689 3814 817 3878 sq.:
877 3814 1064 3875 „cum
1111 3792 1351 3858 Pholoe
1393 3794 1711 3878 nequitias
1757 3792 2027 3859 leviores
2056 3789 2135 3877 [Y]
2185 3794 2588 3878 permitteret

235 3894 540 3967 „Marathe
603 3902 673 3985 [a
728 3898 1026 3965 Maratho
1087 3902 1221 3966 sine
1282 3900 1478 3965 dubio
1537 3898 1615 3964 D.
1671 3901 1942 3984 accepit]
1966 3944 1981 3975 ,
2033 3898 2139 3963 hic
2185 3898 2594 3983 impudenter

238 4003 424 4071 „tactu
469 4004 722 4091 puellae
765 4007 1053 4091 propiore
1099 4010 1166 4069 et
1203 4005 1603 4070 diuturniore
1638 4007 1967 4092 ingentem
2008 4002 2422 4088 cupiditatem
2466 4003 2593 4070 sibi

243 4111 615 4178 „accenderat
643 4160 658 4186 ,
729 4112 910 4176 cuius
971 4113 1352 4177 temeritatis
1411 4130 1578 4175 nunc
1641 4130 1871 4195 poenas
1918 4109 2049 4174 dat.
2120 4108 2385 4175 Poetam
2432 4114 2592 4195 puta

243 4208 378 4282 „hoc
418 4236 536 4281 non
582 4216 720 4282 sine
764 4218 1052 4283 irrisione
1099 4216 1522 4303 significare”.
1595 4214 1911 4281 Irrisionis
1959 4222 2176 4281 tamen
2216 4236 2341 4280 non
2382 4219 2480 4280 est
2518 4234 2592 4280 ea

299 4452 344 4518 l)
373 4458 457 4507 ina
488 4476 580 4509 non
613 4458 762 4511 habet
795 4476 888 4525 quo
925 4461 1184 4519 reseratum
1224 4462 1422 4511 fortasse
1454 4462 1592 4512 bolla.
