3150 5000
609 232 742 299 362
1465 252 1739 301 rmvms
1782 248 2127 302 sosarnus.

704 414 912 482 Audio
973 414 1322 501 Josephum
1376 415 1723 505 diligenter
1748 418 1972 482 ‘vitare
2018 415 2269 482 hiatum
2290 465 2308 500 ,
2356 415 2463 481 sed
2512 417 2660 501 quia
2705 434 2833 480 non
2872 412 2979 478 ha-

613 524 816 589 bitare
877 524 1180 587 constitui
1243 524 1313 587 in
1365 520 1402 587 J
1407 522 1626 607 osephi
1672 508 1856 587 libris
1874 570 1891 600 ‚
1939 523 2106 587 inter
2151 521 2496 611 legendum
2544 522 2624 587 ad
2670 542 2818 587 eam
2866 539 2985 584 rem

609 627 932 695 attendere
981 626 1159 693 nolui
1205 634 1268 693 et
1317 636 1599 714 praestat
1643 627 1910 695 lectores
1960 628 2253 717 ablegare
2301 628 2375 693 ad
2426 626 2741 694 Dindorfii
2790 626 2989 711 dispu-

608 738 954 819 tationem,
1001 737 1070 799 in
1119 755 1243 820 qua
1289 735 1471 800 docte
1517 743 1583 800 et
1627 733 1937 801 laboriose
1984 738 2233 819 quaerit
2277 735 2355 800 de
2400 754 2687 801 sermone
2732 752 2859 819 quo
2894 728 2987 796 Jo-

611 842 844 928 sephus
890 862 1044 907 usus
1092 847 1207 907 est.
1257 840 1400 907 Hoc
1445 840 1657 907 solum
1704 842 1967 918 addam,
2004 838 2389 927 Josephum‚
2424 846 2502 906 nt
2524 841 2781 906 hiatum
2807 839 2991 919 vitet,

609 949 933 1013 interdum
979 949 1511 1034 praepositionem
1558 949 1704 1026 πρὸς
1750 967 2085 1033 usurpare,
2139 947 2252 1012 ubi
2303 949 2540 1013 rectius
2586 952 2787 1011 staret
2829 962 2991 1028 prae-

608 1056 841 1138 positio
885 1055 994 1126 εἲς.
1067 1053 1231 1119 Ecce
1275 1052 1464 1120 locos.
1511 1053 1740 1139 Antiq.
1794 1052 1857 1119 6.
1906 1052 1971 1119 8.
2026 1053 2097 1119 1:
2146 1055 2250 1118 καὶ
2301 1053 2483 1135 πρὸς
2534 1053 2606 1117 τὸ
2652 1046 2754 1125 οὖς
2804 1046 2983 1130 ἠρέμα

609 1168 820 1225 λαλεῖ.
867 1160 1090 1247 Antiq.
1140 1158 1202 1225 6.
1256 1158 1360 1225 13.
1415 1160 1488 1225 l:
1538 1163 1723 1240 Φήμη
1772 1159 1823 1225 δ’
1868 1159 1970 1225 ἐπὶ
2018 1162 2147 1224 πᾶν
2194 1158 2310 1232 εἷς
2358 1184 2426 1224 τε
2475 1160 2595 1232 τὰς
2629 1165 2749 1223 τῶν
2792 1154 2986 1220 ἄλλων

609 1266 805 1337 ἀκοὰς
854 1270 958 1331 καὶ
1007 1268 1195 1346 πρὸς
1245 1266 1367 1338 τὰς
1412 1270 1519 1330 τοῦ
1567 1264 1882 1344 βασιλέως
1933 1266 2303 1344 διεκομίσθη.
2373 1268 2594 1352 Antiq.
2644 1263 2709 1333 6.
2764 1260 2870 1328 13.
2920 1259 2986 1322 4:

612 1372 663 1437 el
711 1373 956 1453 πονηρὸς
999 1368 1171 1446 οὗτος
1223 1374 1329 1446 εἷς
1380 1375 1583 1452 ἡμᾶς,
1635 1374 1786 1439 ἀλλ’
1835 1373 1944 1439 οὐκ
1989 1372 2102 1452 ἐμὲ
2154 1374 2250 1440 δεῖ
2289 1377 2552 1439 τοιοῦτον
2600 1368 2757 1438 εἶναι
2811 1364 2985 1448 πρὸς

611 1478 824 1545 αὐτόν.
1457 1472 1464 1491 ’

699 1695 917 1782 Antiq.
960 1692 1024 1761 6.
1064 1692 1128 1759 8.
1167 1692 1244 1759 2:
1297 1700 1476 1760 ποιῶν
1523 1695 1817 1761 ἑαυτοῦ
1843 1694 2151 1779 ,γενέσθαι
2201 1696 2306 1761 τὸν
2352 1694 2629 1761 Σάουλον
2670 1660 2735 1760 et
2776 1692 2982 1773 Antiq.

485 1858 497 1869 .
613 1799 674 1868 6.
729 1802 833 1868 14.
882 1804 958 1867 3:
1006 1800 1188 1882 μόλις
1238 1801 1304 1867 δὲ
1353 1803 1653 1869 ἑαυτοῦ
1702 1802 2064 1883 γενόμενον,
2113 1802 2337 1891 supple
2380 1804 2459 1869 ἐν
2506 1804 2826 1869 ἑαυτοῦ.

698 2016 903 2083 Paulo
941 2016 1129 2102 plura
1161 2016 1568 2083 describenda
1603 2023 1790 2082 erunt
1826 2023 1902 2082 ut
1940 2022 2239 2104 appareat
2278 2021 2411 2083 aine
2434 2037 2621 2083 sensu
2646 2017 2749 2082 edi
2772 2013 2975 2093 Antiq.

611 2122 672 2191 6.
704 2125 808 2190 ll.
837 2123 910 2189 2:
950 2126 1014 2188 r!
1053 2122 1436 2204 προσέταξας
1477 2125 1716 2189 ἀνελεῖν
1760 2121 1952 2204 ἄνδρα
1980 2162 2059 2173 -
2092 2123 2319 2203 ὕβρεως
2363 2127 2465 2189 καὶ
2507 2124 2747 2207 χλεύης
2781 2124 2979 2187 α’παλ-

608 2229 906 2307 λοὶξοιντα
969 2233 1085 2298 τῶν
1139 2232 1445 2311 Ἑβραίων
1501 2231 1685 2310 λαόν,
1749 2220 1815 2303 ἣν
1882 2231 1982 2296 ἐπὶ
2044 2230 2512 2308 τεσσαράκοντα
2563 2230 2793 2310 ἡμέρας
2844 2222 2974 2291 ὑπέ-

607 2360 777 2418 μεινε
832 2336 1067 2416 μόνος
1128 2342 1446 2414 τολμῶν
1511 2336 1805 2412 ὑποςῆναι
1853 2340 1963 2412 τὴν
2007 2342 2115 2404 τοῦ
2164 2338 2461 2414 πολεμίου
2509 2339 2839 2417 πρόκλησιν
2882 2327 2972 2397 καὶ

607 2443 780 2522 μετὰ
825 2449 1038 2510 ταῦτα
1085 2444 1472 2523 κομίσαντα,
1520 2443 1653 2510 me.
1727 2443 2170 2510 Necessarium
2218 2450 2314 2511 est
2359 2447 2711 2532 corrigere:
2757 2442 2975 2523 μόνον

607 2553 1068 2630 τολμῶντα.
1134 2551 1370 2616 Itidem
1414 2549 1475 2615 6.
1525 2551 1629 2617 14.
1676 2548 1749 2616 4:
1798 2550 1985 2626 μηδὲν
2033 2552 2507 2630 ὑπολαμβάνειν
2551 2551 2798 2630 ἄμεινον
2836 2543 2973 2626 μηδὲ

606 2662 856 2738 μᾶλλον
916 2681 975 2722 τι
1039 2661 1354 2740 προσήκειν
1413 2659 1498 2738 τῷ
1556 2663 1676 2721 τῶν
1722 2657 2039 2737 ἀνθρώπων
2086 2657 2249 2736 γένει
2298 2659 2560 2736 τούτων,
2609 2657 2753 2736 μηδ’
2799 2657 2895 2736 ἐφ’
2936 2641 2970 2728 ᾧ

606 2767 709 2831 τὸν
771 2764 898 2830 θεὸν
959 2766 1181 2843 εὐμενῆ
1238 2765 1344 2828 καὶ
1407 2763 1675 2846 χορηγὸν
1732 2769 1847 2828 τῶν
1897 2764 2146 2841 ἀγαθῶν
2195 2761 2521 2843 ἕξομεν,
2566 2761 2968 2830 necessarium

607 2879 705 2939 est
761 2874 1080 2949 μᾶλλον
1140 2869 1457 2950 ἕξομεν.
1525 2870 1707 2938 Idem
1752 2869 2138 2937 vocabulum
2181 2871 2445 2938 fortasse
2492 2870 2732 2937 excidit
2774 2867 2967 2948 Antiq-

697 3191 775 3257 In
821 3193 1226 3277 paucissimis
1271 3190 1715 3258 memorabilia
1760 3199 1911 3258 sunt
1955 3191 1994 3258 J
1998 3193 2214 3279 osephi
2258 3193 2480 3270 verba,
2522 3195 2743 3280 Antiq.
2779 3191 2838 3257 6.
2876 3187 2961 3256 14.

610 3298 685 3376 4,
734 3298 801 3364 in
846 3297 1103 3364 laudem
1150 3299 1320 3386 regis
1366 3297 1579 3377 Sauli,
1631 3301 1744 3385 qui
1788 3320 1913 3365 non
1963 3303 2279 3367 recusavit
2319 3306 2593 3366 mortem
2632 3323 2746 3387 pro
2786 3297 2952 3387 patria

607 3414 920 3493 oppetere.
991 3403 1162 3471 Satis
1208 3412 1303 3471 est
1350 3403 1428 3471 de
1475 3404 1703 3471 multis
1748 3426 1950 3491 pauca
1999 3407 2372 3473 describere.
2443 3404 2479 3472 J
2486 3408 2759 3494 osephus
2804 3404 2954 3484 λόγον

605 3516 926 3589 ποιήσεται
962 3550 1026 3562 --
1063 3512 1300 3587 πολλὴν
1345 3511 1450 3576 καὶ
1498 3511 1867 3590 βασιλεῦσιν
1917 3513 2087 3578 ἐθνῶν
2133 3513 2238 3579 καὶ
2283 3512 2541 3595 ἄρχουσι
2584 3515 2821 3580 πόλεων
2857 3513 2961 3578 ἔτι·

605 3622 828 3702 θυμίαν
888 3621 992 3688 καὶ
1047 3618 1309 3692 σπουδὴν
1352 3626 1468 3684 τῶν
1514 3625 1722 3683 καλῶν
1769 3620 2089 3694 ἐνθήσοντα
2137 3619 2243 3685 καὶ
2296 3621 2442 3700 πρός
2490 3643 2561 3686 τε
2608 3621 2752 3695 τοὺς
2798 3617 2962 3686 κινδύ-

605 3751 733 3800 νους
780 3728 883 3792 καὶ
932 3727 1035 3791 τὸν
1077 3727 1225 3805 ὑπὲρ
1273 3733 1386 3791 τῶν
1427 3725 1734 3805 πατρίδων
1776 3727 2030 3791 θάνατον
2070 3727 2557 3807 προτρεψόμενον
2593 3730 2698 3792 καὶ
2740 3729 2961 3794 πάντων

606 3840 1016 3914 καταφρονεῖν
1076 3833 1400 3911 διδάξοντα
1456 3839 1570 3898 τῶν
1616 3834 1831 3897 δεινῶν.
1883 3833 2298 3899 Admirabilis
2344 3833 2469 3899 fuit
2518 3833 2763 3900 Romae
2808 3829 2963 3920 quid-

605 3943 707 4008 vis
764 3937 1078 4004 scribendi
1139 3938 1432 4022 licentia,
1480 3958 1605 4023 qua
1650 3936 1687 4003 J
1693 3940 1963 4024 osephus
2009 3961 2177 4004 nunc
2225 3959 2351 4005 non
2398 3943 2643 4018 utitur,
2693 3940 2803 4006 sed
2846 3956 2962 4025 pro-

605 4045 951 4132 pemodum
998 4045 1299 4110 abutitur.
1374 4044 1665 4125 Εὕψυχοι
1706 4045 1778 4110 ’δὲ
1826 4047 1930 4110 καὶ
1978 4045 2449 4125 μεγαλότολμοι
2491 4047 2595 4113 καὶ
2638 4054 2754 4113 τῶν
2790 4047 2960 4112 δεινῶν

606 4152 1076 4233 καταφρονηταὶ
1133 4153 1311 4229 μόνον
1367 4153 1613 4225 δικαίως
1662 4151 1741 4217 ἂν
1786 4154 2065 4230 λέγοιντο
2114 4150 2165 4218 οἱ
2215 4153 2490 4219 Σάουλον
2538 4147 2957 4232 μιμησάμενοι.

603 4260 758 4327 Fuit
805 4259 1061 4347 quidem
1111 4262 1223 4346 qui
1267 4260 1422 4326 haec
1466 4261 1721 4346 scripsit
1766 4260 1939 4325 idem
1986 4259 2134 4345 ille,
2174 4263 2285 4347 qui
2321 4259 2360 4326 J
2364 4269 2619 4348 otapata
2657 4267 2955 4346 totamque

521 4445 532 4452 ⁵
606 4365 968 4434 Galilaeam
1026 4364 1332 4432 Romanis
1383 4365 1698 4452 prodidit3
1746 4364 1858 4432 ille
1900 4364 1941 4433 J
1944 4366 2215 4453 osephus
2260 4371 2357 4435 est
2372 4415 2391 4450 ,
2442 4371 2555 4455 qui
2602 4367 2953 4456 Vespasiano
