3150 5000
1067 344 1342 397 rmvms
1388 346 1728 397 Josnrnus.
2464 326 2549 393 37
2556 326 2595 391 9

309 508 513 595 Antiq.
560 506 665 575 16.
708 509 815 575 11.
852 509 930 589 6,
971 511 1163 577 index
1204 508 1327 593 ἔφη
1368 512 1657 589 μηνύσειν
1697 511 1782 593 τῷ
1820 512 2089 589 βασιλεῖ
2124 512 2237 584 τῆν
2270 509 2596 587 ἆλήύειαν,

233 612 275 675 εἱ
313 616 926 694 παραιτήσεται
974 618 1076 681 διὰ
1126 622 1235 683 τοῦ
1284 618 1526 699 Φράσαι
1574 625 1687 694 τῆς
1737 618 2021 697 βασάνου
2071 618 2174 681 καὶ
2226 622 2337 690 τῆς
2388 616 2597 689 αἰκίας

229 718 390 785 αὐτόν
435 746 507 787 τε
557 724 660 789 καὶ
707 722 811 788 τὸν
857 723 1128 806 πατέρα.
1201 724 1611 815 Intelligam:
1662 725 2300 807 παραιρήσεται.

301 932 480 1013 Quod
541 954 732 1020 supra
795 938 926 1002 ism
988 956 1094 1003 me
1157 937 1364 1004 dicere
1419 939 1729 1021 memini,
1777 940 1842 1003 in
1890 958 1963 1003 ea
2006 942 2183 1023 parte
2232 936 2599 1021 Antiquita-

222 1042 376 1117 tum,
425 1044 497 1105 in
544 1061 669 1126 que.
714 1042 1112 1109 emendanda
1159 1064 1327 1110 nuno
1375 1064 1744 1128 versamur,
1804 1045 1971 1109 miro
2016 1044 2207 1109 modo
2251 1048 2601 1127 usurpatur

221 1148 613 1232 participium
661 1148 864 1213 futuri
909 1150 1018 1216 vel
1064 1153 1410 1235 praesentis
1461 1152 1790 1236 temporis.
1840 1150 1937 1215 De
1982 1170 2057 1216 eo
2102 1172 2223 1215 usu
2264 1149 2474 1215 dicam
2518 1170 2597 1215 an

221 1250 400 1317 abusu
451 1251 795 1320 Holwerda
843 1254 1187 1343 diligenter
1235 1256 1591 1342 disputavit
1630 1258 1697 1319 in
1739 1256 2307 1321 Emendationibus
2346 1254 2601 1321 Flavia·

219 1359 306 1421 nis
359 1380 423 1445 p.
493 1358 622 1425 128
687 1382 820 1447 sqq.
901 1361 1227 1442 Quantum
1295 1364 1482 1441 novi,
1553 1365 1843 1447 primum
1917 1362 2163 1451 legitur
2231 1361 2600 1447 exemplum

218 1464 418 1551 Antiq.
474 1463 582 1533 17.
633 1466 692 1530 1.
747 1467 824 1533 1ε
874 1468 1288 1547 ἀπαλλαγεὶς
1336 1468 1540 1551 φόβου
1589 1456 1693 1533 διὰ.
1744 1469 1813 1532 τὸ
1864 1474 1981 1533 τῶν
2022 1467 2311 1549 ἀδελφῶν
2352 1470 2440 1545 μὴ
2470 1469 2602 1532 ἐπι-

218 1579 548 1645 κοινωνῆσον
571 1619 588 1649 ,
647 1577 1042 1659 postremum
1106 1580 1324 1639 sutem
1346 1620 1362 1653 ‚
1419 1576 1531 1640 ubi
1577 1571 1915 1661 Caligulae
1961 1595 2132 1640 mors
2181 1574 2593 1650 describitur,

217 1676 422 1763 Antiq.
469 1676 572 1743 19.
620 1678 676 1743 1.
707 1676 828 1756 20,
874 1680 1049 1744 αἰτία
1092 1679 1140 1744 δ’
1183 1676 1249 1754 ἦν
1288 1684 1394 1745 τοῦ
1442 1680 1757 1761 προθύμως
1799 1678 2300 1759 διαφευξομένου.
2352 1679 2595 1745 Eadem

215 1779 442 1848 locutio
483 1790 796 1870 quantum
845 1787 1176 1854 observavi
1195 1836 1213 1871 ,
1261 1790 1653 1873 conjecturae
1701 1806 1817 1871 ope
1864 1788 2164 1852 restituta
2210 1788 2337 1851 fuit
2376 1788 2598 1871 Antiq.

222 1887 315 1953 17.
363 1890 428 1955 6.
479 1888 520 1953 3
567 1896 632 1956 et
683 1891 788 1960 17.
843 1891 947 1958 10.
996 1897 1074 1977 3,
1141 1913 1296 1978 quos
1358 1892 1528 1959 locos
1574 1913 1695 1981 ego
1742 1912 1992 1979 quoque
2036 1898 2204 1959 inter
2248 1893 2599 1981 legendum

220 1995 574 2062 adnotarem
595 2046 612 2073 ,
681 1998 790 2063 sed
857 2001 1246 2065 inventionis
1313 1998 1655 2087 gloriolam
1716 2000 1881 2063 mihi
1946 2005 2343 2085 praereptam
2409 2001 2596 2066 sensi.

217 2102 386 2169 Addo
407 2154 424 2187 ,
473 2104 642 2189 quod
687 2104 1099 2171 Holwerdam
1147 2126 1273 2171 non
1320 2107 1753 2173 observavisse
1792 2106 2013 2191 video,
2048 2105 2087 2172 J
2092 2106 2400 2192 osephum
2424 2104 2599 2171 locu-

218 2208 446 2275 tionem
509 2210 768 2276 fortasse
833 2215 1100 2277 traxisse
1176 2233 1254 2279 ex
1317 2212 1604 2279 Nicola0.
1686 2211 1902 2277 Huius
1966 2219 2132 2278 certe
2196 2214 2387 2279 verba
2449 2218 2601 2277 sunt

219 2314 421 2400 Antiq.
477 2314 582 2383 17.
631 2315 692 2382 9.
741 2316 820 2381 6:
882 2318 1135 2395 τοσήνδε
1197 2319 1408 2391 αὐτοῖς
1474 2314 1630 2384 εἶναι
1681 2319 1910 2396 βουλὴν
1958 2323 2066 2383 τοῦ
2118 2319 2595 2399 ὑβριοῦντος

219 2419 292 2494 εἷς
338 2420 527 2503 ἄνδρα
578 2432 854 2503 συγγενῆ
904 2430 969 2490 et
1013 2410 1122 2490 τοῦ
1171 2425 1791 2503 συναπολαυσομένου
1830 2432 2023 2505 τιμῶν
2046 2422 2268 2512 Antiq.
2301 2423 2407 2491 17.
2438 2424 2498 2489 5.
2535 2424 2599 2490 4.

299 2633 544 2703 Milites
587 2643 738 2702 sunt
785 2639 1004 2722 Antiq.
1059 2637 1167 2705 17.
1223 2641 1279 2703 1.
1333 2639 1368 2704 l
1391 2685 1408 2717 ‚
1457 2640 1542 2711 εἷς
1593 2635 1690 2712 οὓς
1737 2638 1825 2703 τὰ
1872 2637 2087 2704 πάντα
2126 2635 2195 2714 ἦν
2243 2645 2369 2708 τοῖς
2410 2636 2599 2714 βασι-

222 2745 415 2809 λεῦσιν
479 2743 864 2820 ἀνακείμενα
928 2749 1033 2809 τοῦ
1097 2744 1398 2810 οἰκείου
1459 2747 1943 2826 ἀσφαλοῦς,
2023 2742 2208 2808 ὁπότε
2270 2742 2453 2822 τύχοι
2523 2743 2595 2806 τὸ

221 2845 365 2921 ἔθνος
411 2850 704 2929 νεωτέρων
752 2850 1141 2929 ὀριγνώμενον
1189 2851 1608 2931 πραγμάτων.
1661 2851 1906 2916 Mirum
1953 2854 2021 2915 ni
2068 2871 2295 2916 verum
2342 2851 2459 2915 sit:
2484 2853 2594 2914 τοῦ

221 2954 737 3038 οἰκωφελοῦς.
785 2957 1002 3042 Antiq.
1049 2957 1153 3024 17.
1198 2958 1259 3022 1.
1303 2957 1382 3036 2,
1432 2978 1657 3023 verum
1707 2979 1843 3022 esse
1886 2977 2011 3022 non
2060 2957 2442 3032 πολιτεύειν,
2486 2955 2591 3021 sed

220 3062 598 3140 τολυπεύειν,
648 3065 780 3128 iam
828 3064 996 3129 vidit
1044 3062 1426 3130 Dindorfius.
1500 3063 1691 3130 Brevi
1735 3069 1876 3150 poet
1920 3061 2057 3128 fieri
2103 3083 2226 3128 non
2273 3068 2481 3148 potest
2520 3067 2597 3126 ut

221 3186 431 3233 verum
496 3172 582 3234 sit
646 3170 814 3254 quod
859 3170 1102 3258 legitur
1147 3170 1232 3234 τὰ
1281 3173 1398 3235 τῶν
1445 3171 1778 3249 ὁμολογιῶν
1828 3175 1935 3234 τοῦ
1983 3169 2199 3249 γάμου
2249 3169 2591 3240 ἄκοντος

221 3277 318 3337 τοῦ
376 3275 690 3351 βασιλέως
713 3323 728 3354 ,
789 3278 971 3360 quasi
1027 3276 1314 3344 Herodes
1368 3297 1565 3365 regno
1613 3277 2055 3344 abdicavisset.
2129 3275 2595 3364 Corrigendum

221 3385 308 3443 est
351 3380 712 3454 εἴκοντος
761 3387 868 3447 τοῦ
916 3381 1229 3460 βασιλέως
1277 3383 1469 3468 idque
1514 3385 1729 3468 ipsum
1780 3403 1970 3469 supra
2018 3383 2294 3471 legitur:
2337 3382 2442 3447 καὶ
2484 3403 2595 3458 με-

221 3484 505 3554 τέπιπτεν
552 3486 812 3567 Ἡρώδης
861 3487 1033 3554 εἴκων
1083 3489 1280 3565 δεήσει
1329 3499 1408 3572 τῇ
1457 3487 1893 3570 Ἀντιπάτρου.

305 3697 426 3766 Ubi
471 3700 508 3766 J
514 3703 786 3789 osephus
833 3702 1056 3767 scribit
1100 3723 1199 3768 res
1216 3749 1234 3782 ,
1283 3703 1516 3789 quibus
1560 3703 1855 3768 interfuit
1891 3702 2027 3787 ipse
2044 3747 2062 3779 ‚
2100 3700 2263 3766 utile
2301 3704 2399 3765 est
2426 3700 2595 3765 inter

221 3801 545 3891 legendum
597 3829 844 3896 semper
890 3811 1292 3892 meminisse,
1341 3811 1697 3896 Agrippam
1739 3811 2051 3874 minorem
2091 3807 2237 3874 odio
2276 3809 2336 3872 ei
2376 3806 2590 3872 fuisse.

221 3909 355 3978 Hoc
411 3914 628 3981 odium
693 3917 886 3982 etiam
951 3924 1210 4001 apparet
1269 3915 1486 4001 Antiq.
1557 3915 1660 3982 17.
1728 3915 1790 3980 2.
1844 3914 1919 3993 2,
1984 3915 2096 3980 ubi
2142 3913 2215 3979 fit
2262 3933 2469 3980 sermo
2517 3912 2593 3978 de

221 4012 555 4088 Batanaeae
599 4020 843 4086 incolis.
895 4021 1258 4101 Ἀγρίππας
1307 4022 1598 4101 μέντοιγε
1647 4022 1675 4085 ὅ
1723 4023 1933 4101 μέγας
1984 4021 2089 4086 καὶ
2131 4021 2159 4084 ὁ
2204 4028 2355 4093 παῖς
2400 4021 2591 4085 αὐτοῦ

225 4121 322 4185 καὶ
381 4127 726 4207 ὁμώνυμος,
788 4127 892 4192 καὶ
956 4126 1120 4193 πάνυ
1185 4127 1615 4211 ἐξετρύχωσαν
1662 4127 1925 4204 αύτούς,
1976 4128 2043 4192 οὗ
2090 4125 2295 4205 μέντοι
2346 4127 2433 4192 τὰ
2481 4133 2591 4202 τῆς

229 4227 546 4315 ἐλευθερίας
593 4241 776 4300 κινεῖν
824 4232 1145 4310 ἠθέλησαν.

321 4437 471 4511 Leve
514 4449 752 4514 vitium
796 4470 923 4516 non
968 4447 1142 4514 leves
1189 4450 1479 4516 tenebras
1530 4447 1799 4515 offundit
1846 4451 2064 4534 Antiq.
2116 4448 2216 4514 17.
2260 4446 2321 4512 3.
2352 4448 2421 4512 1:
2464 4447 2592 4512 civo*

2236 4573 2299 4621 ει
