3150 5000
1297 205 1762 255 meorumve.
2352 154 2361 170 ’
2594 191 2724 258 237

345 365 663 465 templum
711 376 978 441 misisse
1036 373 1404 450 fatidicum,
1469 374 1895 457 quaeritatum
1957 394 2350 458 expresse
2392 395 2469 440 an
2516 376 2575 440 ei
2621 373 2729 441 fir-

345 505 532 550 mum
580 481 1055 568 portenderetur
1092 481 1474 565 imperium,
1527 486 1600 543 ut
1646 481 1973 566 cupiebat,
2022 486 2087 546 et
2134 489 2441 546 cunctu
2464 481 2597 546 m.”

441 589 853 674 Expresse
914 588 1155 674 legitur
1211 589 1277 649 in
1339 585 1519 650 editt.
1582 590 1855 651 uetustis
1906 583 2206 666 Castam,
2255 585 2549 674 Gelenii,
2605 592 2728 654 Ac-

347 698 566 762 cursii.
635 695 831 760 Verae
889 693 1177 759 lectionis
1237 692 1578 758 manifesta
1644 695 1919 781 uestigia
1971 693 2225 759 exhibet
2273 693 2438 773 vat„
2488 697 2553 760 in
2602 717 2725 781 quo

348 809 448 870 est
518 821 822 887 praesa.
898 799 1225 865 Scribatur
1293 801 1499 886 igitur
1571 820 1652 885 „p
1672 802 2165 886 raesa<giis>
2233 821 2312 866 an
2361 803 2421 866 ei
2467 798 2727 866 firmum

347 909 828 997 portenderetur
871 905 1272 992 imperium.”
1327 904 1595 991 Saepius
1643 907 1710 970 in
1758 905 1978 972 eadem
2026 927 2093 992 re
2142 927 2279 972 uoc.
2329 910 2730 993 praesagium

351 1017 690 1101 usurpauit
730 1016 948 1079 Amm.
997 1012 1073 1078 cf.
1123 1011 1265 1079 XV.
1315 1011 1375 1076 5.
1428 1010 1550 1090 343
1603 1011 1925 1079 XXXIX.
1978 1012 2035 1077 1.
2088 1011 2127 1077 6
2174 1019 2239 1078 et
2283 1013 2460 1080 alibi.

443 1122 568 1188 Pro
616 1126 1010 1186 cunctum
1059 1117 1284 1183 malim
1333 1123 1671 1184 cautum
1719 1121 1762 1183 i.
1788 1139 1843 1184 e.
1888 1124 2122 1184 tutum.
2176 1117 2274 1186 Cf.
2318 1118 2732 1189 XIV.8.13:

357 1229 691 1314 „ciuitates
740 1247 1070 1292 murorum
1094 1224 1400 1292 firmitate
1424 1226 1895 1292 cautissimae.’'
1942 1226 2015 1291 In
2043 1226 2183 1294 Vat.
2208 1233 2301 1294 est
2352 1249 2385 1293 c
2402 1248 2523 1293 um
2543 1235 2626 1294 tu
2645 1250 2734 1295 m.

449 1445 510 1513 ¹7.
579 1443 685 1511 13.
759 1442 1029 1523 „Gallus
1098 1450 1171 1509 ut
1241 1465 1494 1531 serpens
1557 1443 1877 1529 adpetitus
1939 1443 2065 1510 telo
2130 1443 2234 1510 uel
2280 1466 2433 1511 saxo
2478 1448 2735 1530 iamque

351 1575 541 1639 spes
580 1559 896 1619 extremas
935 1553 1262 1636 opperiens
1301 1556 1367 1616 et
1405 1571 1774 1616 succurrens
1808 1549 1999 1616 saluti
2042 1572 2192 1617 suae
2231 1555 2457 1637 quauis
2496 1555 2739 1618 ratione
2806 1541 2821 1590 ⁸

351 1659 574 1744 colligi
619 1679 836 1724 omnes
880 1660 1070 1723 iussit
1117 1657 1450 1723 armatos.”

445 1765 664 1852 Inepte
725 1764 932 1830 editur
1001 1785 1228 1849 „spes
1290 1763 1683 1830 extremas.”.
1753 1762 2021 1849 Scripsit
2076 1767 2152 1830 A.
2207 1786 2376 1843 „res
2425 1771 2741 1830 extremas

354 1872 715 1958 opperiens”
761 1873 805 1935 i.
833 1892 888 1938 e.
938 1892 1271 1936 summum
1307 1871 1481 1936 uitae
1521 1871 1882 1937 discrimen.
1937 1868 2033 1937 Cf.
2078 1868 2255 1938 Caes.
2296 1871 2370 1935 B.
2399 1869 2481 1937 G.
2507 1869 2585 1936 11.
2615 1870 2737 1950 25;

352 1977 534 2045 Suet.
586 1979 754 2044 Nero
803 1977 864 2042 6.

450 2085 626 2151 Idem
672 2091 798 2163 est,
855 2084 1022 2170 quod
1066 2085 1310 2174 legitur
1355 2082 1520 2150 XJV.
1582 2083 1686 2149 11.
1737 2082 1809 2149 8:
1862 2083 2139 2163 „ultima
2190 2081 2585 2171 opperiens.”

452 2302 514 2368 8.
566 2301 628 2367 3.
695 2301 1072 2382 „Ciliciam‚
1137 2323 1297 2386 quae
1360 2301 1584 2390 Cydno
1631 2305 1809 2368 amni
1856 2301 2229 2380 exultat,
2282 2301 2515 2392 Tarsus
2561 2302 2742 2370 nobi·

355 2409 542 2486 litat,
593 2411 742 2475 urbs
787 2407 1276 2495 perspicabilis?

454 2514 713 2581 Conicio
754 2537 955 2601 „quae
993 2512 1218 2603 Cydno
1261 2516 1435 2582 amni
1481 2515 1932 2582 sulcaturss’
1982 2514 2077 2583 Cf.
2120 2515 2237 2581 Sil.
2284 2515 2361 2581 It.
2415 2515 2519 2581 VI.
2577 2514 2741 2583 140:

362 2621 683 2687 Turbidus
731 2626 976 2687 arentes
1023 2622 1196 2688 lento
1241 2623 1400 2707 pede
1447 2620 1655 2687 sulcat
1702 2643 1919 2688 arenas
1967 2622 2276 2707 Bagrada.
2328 2620 2538 2710 Vulgo
2587 2623 2742 2686 Am-

363 2729 614 2793 mianus
659 2728 910 2794 secandi
958 2728 1154 2794 uerbo
1205 2730 1409 2794 utitur
1454 2730 1565 2793 ubi
1612 2728 1882 2794 flumina
1928 2728 2227 2794 describit
2276 2728 2436 2793 hanc
2484 2725 2747 2793 illamue

362 2836 687 2923 regionem
737 2838 1146 2921 permeantia.
1189 2831 1520 2901 Contraria
1559 2838 1804 2901 ratione
1843 2857 1883 2920 p
1902 2857 1936 2900 e
1951 2856 1983 2899 r
2001 2858 2029 2900 s
2044 2835 2127 2901 ul
2145 2856 2180 2901 c
2197 2855 2234 2900 a
2249 2835 2289 2899 b
2307 2844 2387 2899 at
2428 2854 2540 2921 pro
2580 2857 2620 2920 p
2638 2856 2672 2900 e
2687 2857 2745 2900 r-

361 2964 392 3007 s
409 2940 493 3007 ul
510 2948 540 3006 t
555 2962 592 3006 a
609 2940 652 3005 b
669 2948 751 3007 at
797 2940 990 3006 habet
1037 2939 1191 3009 Cod.
1245 2939 1387 3006 Vat.
1421 2939 1637 3006 ’XVIL
1694 2939 1800 3005 13.
1850 2940 1958 3007 27.

455 3161 518 3227 8.
575 3162 678 3225 11.
729 3159 1013 3239 „Vltima
1050 3157 1387 3246 Syriarum
1429 3166 1524 3225 est
1569 3158 1967 3243 Palaestina,
2006 3182 2117 3245 per
2148 3159 2486 3226 interualla
2510 3178 2747 3247 magna

363 3270 690 3353 protenta,
735 3266 924 3330 cultis
971 3266 1299 3331 abundans
1345 3268 1530 3331 terris
1576 3273 1643 3331 et
1688 3266 2055 3331 nitidisl'

456 3372 665 3438 Immo
708 3374 920 3457 potius
970 3373 1318 3436 mitibus
1364 3374 1408 3438 i.
1435 3393 1489 3437 e.
1540 3372 1935 3437 maturandis
1975 3374 2272 3459 frugibus
2306 3375 2491 3456 aptis.
2548 3370 2745 3450 „Mite

364 3478 571 3546 solum
638 3476 938 3543 Tiburis”
1002 3484 1232 3542 notum
1289 3484 1385 3543 est
1443 3498 1519 3543 ex
1582 3476 1837 3545 Horatii
1900 3477 2015 3544 Od.
2066 3477 2114 3543 Ι.
2170 3477 2275 3543 18.
2322 3476 2385 3543 2.
2435 3476 2532 3545 Cf.
2582 3478 2743 3544 Stat.

360 3584 529 3653 Silu.
577 3582 689 3651 111.
742 3584 800 3649 5.
855 3581 964 3650 ¹79.

459 3786 521 3851 9.
575 3787 631 3853 1.
688 3786 1055 3866 „Vrsicinus
1103 3786 1370 3853 occultis
1420 3786 1867 3855 Constantium
1917 3787 2151 3855 litteris
2200 3789 2499 3856 edocebat
2544 3791 2749 3877 inplo-

363 3915 511 3962 rans
579 3894 896 3972 subsidia,
968 3914 1238 3979 quorum
1315 3900 1492 3961 metu
1559 3901 1777 3961 tumor
1841 3898 2214 3960 notissimus
2277 3894 2561 3963 Caesaris
2622 3918 2748 3963 ex-

366 3999 769 4065 halaren”

456 4104 606 4170 Noli
656 4103 948 4170 dubitare
997 4107 1151 4190 quin
1200 4128 1234 4172 e
1252 4128 1291 4170 x
1311 4108 1352 4171 h
1373 4107 1448 4172 al
1467 4128 1504 4172 a
1521 4130 1552 4172 r
1567 4115 1646 4173 et
1693 4106 2038 4172 ridiculum
2089 4111 2174 4174 sit
2219 4107 2529 4175 librarioli
2576 4130 2747 4175 com-

369 4217 684 4277 mentum.
732 4211 1114 4278 Ammianus
1161 4215 1417 4300 scripsit
1462 4235 1495 4279 r
1511 4236 1546 4281 e
1561 4214 1588 4281 1
1605 4235 1641 4279 a
1658 4238 1700 4279 x
1717 4234 1756 4278 a
1770 4236 1802 4279 r
1818 4234 1853 4279 e
1874 4220 1920 4278 t.
