3150 5000
1215 248 1682 300 mnonnmnvs.
2514 231 2645 298 257

349 408 677 501 Gon-igere
743 435 824 482 ne
893 414 1117 480 dubita
1180 419 1288 493 „et
1346 418 1540 482 auia
1586 427 1697 503 per
1744 422 1993 484 aestum
2040 417 2217 484 arida
2261 419 2373 484 siti
2419 438 2646 504 repe-

261 519 609 584 tentes.”
660 558 740 568 —
792 518 864 584 In
910 519 1059 585 Vat.
1111 526 1204 586 est
1252 529 1785 607 reputantes.

353 733 479 812 „Et
524 771 605 782 —
655 736 748 803 ita
792 736 1007 822 pergit
1057 773 1138 784 —
1194 735 1398 822 [quia]
1451 757 1655 821 neque
1690 737 2109 804 descendendi
2131 759 2282 823 prae
2308 737 2647 804 altitudine

254 861 369 906 nec
413 841 682 906 restium
732 839 948 907 aderat
997 843 1204 927 copia,
1233 845 1609 908 necessitate
1635 843 1896 912 docente
1920 853 2239 930 postrema
2265 843 2643 910 indumenta

256 945 456 1014 lintea
475 995 492 1025 ‚
531 947 770 1032 ,quibus
818 949 1224 1034 tegebamur,
1259 950 1330 1012 in
1368 948 1675 1036 oblongos
1710 950 2088 1016 discidimus
2113 949 2454 1035 pannulos,
2481 949 2651 1015 unde

257 1051 594 1141 explicato·
635 1053 784 1118 fune
840 1055 1088 1141 ingenti
1135 1061 1502 1140 centonem,
1554 1076 1745 1140 quem
1796 1055 1916 1120 sub
1964 1055 2153 1143 galea
2198 1077 2364 1122 unus
2410 1057 2652 1122 ferebat

258 1181 292 1226 e
361 1162 630 1246 nostris,
699 1159 970 1226 ultimae
1036 1161 1406 1246 aptauimus
1479 1164 1846 1228 summitati
1866 1212 1884 1246 ‚
1963 1163 2097 1248 [qui
2154 1165 2297 1246 per]
2369 1162 2650 1228 funem

259 1267 702 1332 coniectus
746 1286 1062 1352 aquasque
1103 1266 1402 1334 hauriens
1448 1318 1465 1336 .
1496 1314 1555 1332 ..
1608 1269 1824 1354 sitim,
1877 1288 2003 1355 qua
2050 1270 2649 1349 hauriebamur,

262 1375 608 1440 extinxit.”

351 1479 558 1547 Verba
601 1487 706 1566 qm·
736 1502 852 1563 per
895 1482 1134 1546 inserta
1178 1487 1328 1547 sunt
1373 1481 1530 1548 olim
1582 1503 1618 1547 a
1667 1479 1955 1548 GeIenio,
2004 1481 2181 1547 Num
2208 1484 2376 1548 recte
2402 1479 2647 1547 dubito.

253 1587 426 1654 Nam
473 1591 538 1654 et
587 1586 992 1664 „coniectus”
1043 1587 1454 1655 uehementer
1493 1587 1789 1674 displicet
1831 1593 1895 1653 et
1935 1590 2047 1654 uix
2087 1588 2388 1654 credibile
2414 1592 2511 1654 est
2535 1589 2611 1652 A.
2629 1634 2647 1666 ,

253 1698 594 1780 postquam
667 1692 864 1758 semel
935 1696 1288 1778 scripsisset
1355 1700 1687 1761 centonem
1762 1701 2045 1760 extremo
2100 1695 2241 1760 funi
2302 1693 2645 1782 alligatum

168 1826 180 1838 ·
256 1821 390 1868 esse
409 1850 427 1884 ‚
475 1800 768 1885 deinceps
811 1819 1094 1866 narrasse
1140 1821 1252 1886 per
1296 1800 1514 1866 funem
1565 1799 1757 1866 illum
1806 1803 1873 1866 in
1921 1806 2189 1886 puteum
2240 1821 2375 1866 esse
2414 1800 2649 1866 demis-

254 1927 422 1972 sum.
482 1905 580 1971 Ex
626 1905 1364 1972 funemconiectus
1412 1905 1616 1974 efficio
1662 1907 2509 1993 puteoqueiniectus.
2561 1941 2647 1954 —

254 2012 331 2078 In
401 2033 572 2097 seqq.
642 2014 979 2078 nouissimi
1049 2012 1320 2078 editores
1387 2016 1663 2099 recipere
1733 2011 2153 2099 neglexerunt
2220 2013 2641 2078 certissimam

258 2117 521 2186 Gruteri
567 2118 1071 2185 emendationem
1127 2140 1292 2205 „qua
1341 2121 1862 2185 utebamur.”

347 2338 412 2405 8.
463 2338 570 2405 12.
621 2336 829 2417 „Cum
879 2359 1068 2406 omne
1112 2341 1243 2405 iam
1295 2345 1460 2406 esset
1497 2341 1566 2404 in
1602 2336 1927 2405 celeritate
1963 2338 2193 2405 salutis
2215 2337 2603 2424 praesidium
2622 2386 2642 2422 ,

257 2467 371 2532 per
415 2446 679 2513 dumeta
723 2451 788 2512 et
832 2445 1031 2513 siluas
1074 2449 1142 2511 in
1189 2452 1439 2515 montes
1487 2445 1920 2531 petimus.”

349 2552 420 2619 Si
467 2556 750 2638 petimus
795 2555 1076 2640 genuina
1120 2558 1216 2619 est
1259 2552 1483 2630 lectio,
1533 2552 1964 2619 abiiciendum
2011 2555 2325 2617 nimirum
2366 2558 2463 2618 est
2507 2552 2649 2629 „in”

258 2665 404 2725 ante
471 2660 829 2737 „montes.''
898 2658 1191 2724 Forsitan
1238 2664 1452 2724 autem
1501 2660 1824 2743 scripserit
1868 2659 1943 2722 A.
1998 2660 2109 2737 „in
2155 2664 2404 2723 montes
2450 2662 2650 2743 repi-

257 2766 499 2832 mus.'’
571 2763 670 2832 cf.
737 2764 979 2830 XVIII.
1039 2764 1102 2829 8.
1170 2765 1274 2829 11.
1351 2762 1743 2842 „Ciuitatem
1814 2765 2105 2849 petebam
2172 2763 2399 2831 anhelo
2461 2786 2651 2830 cursu

258 2871 531 2957 rependo
572 2918 588 2936 .
618 2919 632 2935 .
662 2918 677 2934 .
722 2873 789 2935 in
857 2870 1053 2936 arduo
1123 2874 1312 2937 sitam
1336 2870 1396 2949 ‚’'
1467 2870 1546 2936 ad
1616 2890 1806 2954 quem
1869 2868 2085 2935 locum
2153 2871 2309 2935 haec
2355 2870 2651 2936 obseruat

257 2976 554 3043 Erfurdt:
606 2975 918 3062 „rependo
964 2997 1086 3042 non
1133 2983 1343 3063 potest
1389 2998 1522 3042 esse
1569 2975 1808 3041 lentius
1846 2976 2220 3053 incedendo,
2264 2977 2373 3042 sed
2395 2996 2651 3063 respon-

259 3083 366 3149 det
409 3103 638 3171 graeco
683 3079 912 3163 ἕρπειν,
961 3083 1129 3170 quod
1175 3082 1252 3148 de
1299 3084 1526 3169 quouis
1572 3084 1865 3169 ingressu
1912 3082 2199 3149 adhiberi
2247 3083 2557 3149 constat.”

350 3287 414 3353 9.
468 3290 531 3352 4.
612 3287 825 3365 „onr
871 3284 1206 3375 Craugasii
1255 3334 1274 3353 .
1301 3334 1316 3352 .
1346 3336 1362 3351 .
1409 3286 1797 3354 familiarem
1846 3308 2038 3353 suum
2090 3334 2106 3351 .
2135 3335 2152 3353 .
2180 3335 2199 3351 .
2248 3287 2503 3353 Nisibin
2552 3306 2651 3353 oc-

260 3395 431 3461 culte
477 3394 726 3459 dimisit
770 3394 1091 3459 mandatis
1137 3397 1502 3477 arcanisque
1548 3397 1725 3460 uitae
1766 3394 2121 3461 secretioris
2156 3396 2466 3460 maritum
2504 3413 2647 3459 exo·

259 3520 404 3567 rans
453 3506 528 3565 ut
574 3500 810 3566 auditis
829 3548 846 3578 ‚
895 3521 1056 3586 quae
1101 3503 1520 3587 contigerint,
1571 3503 1819 3565 ueniret
1858 3519 2076 3565 secum
2119 3498 2303 3564 beate
2337 3501 2649 3565 uicturus.

262 3608 493 3691 quibus
539 3614 998 3673 contentus
1041 3606 1374 3691 expeditus
1420 3608 1629 3673 uiator
1676 3626 1786 3687 per
1834 3602 2145 3671 saltuosos
2193 3608 2484 3671 tramites
2539 3653 2554 3671 .
2583 3654 2598 3670 .
2630 3654 2647 3672 .

261 3712 516 3778 Nisibin
563 3762 578 3776 .
609 3760 622 3776 .
656 3761 670 3776 .
720 3711 1089 3800 ingressus”
1139 3718 1294 3778 cett.

350 3819 570 3905 Inepte
614 3819 854 3905 legitur
892 3825 1360 3884 contentus.
1403 3816 1673 3903 Scripsit
1712 3820 1789 3883 A.
1834 3816 2109 3902 „quibus
2141 3816 2645 3885 contextis.”

262 3927 301 3989 i.
331 3946 384 3991 e.
435 3924 663 3991 callide
711 3928 970 3990 structis
1017 3937 1080 3989 et
1127 3926 1512 4009 compositis.

355 4126 418 4193 9.
465 4127 528 4194 9.
603 4128 1022 4207 „Nostrorum
1095 4129 1404 4194 cadauera
1468 4151 1536 4193 m
1554 4149 1592 4194 ο
1606 4151 1649 4193 x
1719 4148 2043 4195 caesorum
2105 4129 2269 4195 fati
2290 4148 2321 4194 s
2335 4149 2370 4194 c
2389 4149 2490 4193 un
2510 4133 2539 4193 t
2585 4134 2651 4194 et

264 4232 546 4301 defluunt
607 4235 762 4301 adeo
822 4242 896 4300 ut
957 4234 1198 4300 nullius
1245 4236 1485 4301 mortui
1530 4235 1724 4301 facies
1773 4242 1915 4320 post
1962 4234 2393 4319 quadriduum
2439 4254 2637 4322 agno-

267 4344 536 4406 scatur.''
