3150 5000
1200 295 1668 345 manuumve.
2499 274 2628 338 297

344 460 407 526 2.
455 459 562 526 25.
615 461 1116 547 „Philosophum
1167 462 1483 548 quendam
1531 459 1948 536 Coeranium,
1996 459 2166 525 haud
2207 459 2392 526 exilis
2415 459 2632 524 meriti

252 569 469 655 uirum
519 615 578 634 ..
608 620 624 635 .
673 574 1135 634 tormentorum
1186 570 1667 634 inmanitate
1713 567 2065 634 inultum
2110 565 2396 633 oceidit.''

336 675 416 740 In
485 674 554 740 V.
629 681 725 741 est
780 677 1337 741 inmanitatem
1394 675 1676 741 ultum.
1736 675 2091 760 Hauptius:
2139 675 2636 740 inmanitate

251 780 523 871 multa.
571 781 806 848 Malim
852 785 1324 849 inmanitate
1369 781 1680 848 ultima.

342 1009 409 1076 5.
458 1009 561 1076 19.
614 1009 802 1088 „Dux
849 1013 1132 1097 conperit
1174 1011 1469 1077 Firmum
1516 1030 1628 1096 per
1673 1013 1946 1096 speeiem
1994 1009 2340 1076 fauentis
2388 1013 2453 1074 et
2493 1029 2638 1094 sup-

246 1117 438 1202 plicis
482 1120 744 1184 tectiore
790 1117 1052 1183 consilio
1097 1117 1164 1182 id
1209 1117 1425 1182 moliri
1470 1123 1545 1182 ut
1591 1115 1755 1182 nihil
1800 1115 2031 1183 hostile
2078 1122 2470 1182 metuentem
2519 1135 2626 1180 ex·

250 1224 526 1289 ercitum
576 1274 591 1289 .
620 1272 636 1287 .
665 1271 681 1287 .
731 1222 1203 1289 conturbaret.”

335 1329 708 1417 Legendum
753 1335 848 1395 est
892 1350 1041 1416 „per
1076 1332 1349 1415 speeiem
1399 1350 1631 1416 paren
1649 1332 1756 1396 tis
1803 1334 1868 1397 et
1913 1327 2286 1415 supplicis.”
2337 1325 2432 1395 Of.
2460 1326 2636 1394 Vell.

244 1433 328 1502 11.
378 1434 489 1502 23.
545 1434 605 1500 6.

338 1659 405 1723 5.
456 1653 561 1722 56.
612 1655 1043 1733 „Theodosius
1087 1657 1183 1721 ibi
1231 1655 1552 1743 paulisper
1597 1663 1882 1724 moratus
1929 1655 2166 1722 Sitifim
2208 1654 2648 1740 triumphanti·

251 1762 489 1830 similis
534 1763 758 1830 redit.’'

340 1869 511 1950 Quia
563 1871 631 1933 in
687 1867 760 1935 V.
810 1875 906 1936 est
952 1870 1554 1955 triumphanteo
1604 1869 1949 1949 similis,
2001 1871 2076 1934 A.
2129 1870 2451 1954 scripsisse
2500 1889 2636 1934 ere-

251 1977 527 2044 diderim
574 1977 1109 2064 triumphanti
1162 1977 1639 2044 consimilis.

342 2193 404 2259 6.
461 2195 563 2260 ll.
634 2197 1014 2274 „Murorum
1078 2197 1431 2264 maximam
1479 2203 1725 2284 partem
1775 2200 1948 2284 pacis
1994 2198 2419 2264 diuturnitate
2465 2218 2644 2263 oon-

249 2305 627 2387 temptam
675 2310 739 2369 et
784 2305 1157 2370 subuersam
1206 2304 1285 2370 ad
1334 2325 1531 2390 usque
1582 2303 1892 2371 celsarum
1942 2308 2219 2372 turrium
2267 2307 2475 2370 minas
2523 2325 2633 2370 ex-

250 2407 524 2492 pediit.’'

340 2512 557 2582 Immo
601 2518 815 2602 potius
864 2522 1473 2603 „consumptam
1524 2524 1591 2583 et
1636 2518 2078 2585 subuersam.''

342 2734 405 2802 6.
460 2733 565 2802 12.
643 2736 945 2815 „Barbari
1005 2738 1083 2804 ab
1129 2739 1552 2826 oppugnanda
1598 2739 1756 2805 urbe
1802 2738 2054 2825 depulsi
2105 2787 2121 2803 .
2149 2786 2164 2801 .
2193 2786 2208 2803 .
2260 2738 2338 2803 ad
2387 2737 2634 2824 Equitii

252 2848 593 2909 uertuntur
657 2842 1024 2931 indaginem
1099 2850 1163 2910 et
1232 2866 1378 2910 eum
1439 2845 1518 2910 ad
1564 2842 1852 2911 Valeriae
1899 2847 2106 2931 spatia
2151 2844 2342 2933 longe
2389 2852 2636 2911 remota

251 2952 581 3015 secessisse
634 2956 962 3034 raptorum
1024 2950 1392 3017 didicissent
1450 2952 1706 3017 indiciis
1725 2999 1742 3031 ,
1802 2950 1958 3017 illue
2017 2959 2346 3037 properato
2394 2955 2564 3038 peti
2580 2972 2644 3016 e-

252 3060 429 3121 rant
475 3055 747 3143 gradu.’'

341 3159 468 3226 Vix
538 3181 697 3247 opus
759 3168 856 3228 est
922 3169 998 3228 ut
1068 3183 1359 3230 moneam
1430 3184 1543 3250 pro
1614 3166 2026 3250 petierant
2096 3165 2440 3252 legendum
2509 3185 2642 3231 esse

255 3272 713 3350 penetrant.

348 3480 411 3547 6.
466 3482 565 3547 15.
643 3481 1074 3561 „Theodosius
1119 3483 1274 3578 adeo
1319 3484 1694 3551 obsistentes
1742 3486 2086 3552 fortissime
2133 3486 2355 3550 turbas
2405 3486 2640 3551 conflu-

258 3595 431 3654 entes
499 3591 837 3674 oppressit,
900 3594 975 3653 ut
1030 3610 1354 3657 caesorum
1410 3590 1698 3676 plurium
1757 3590 1942 3658 alites
1990 3594 2197 3657 iuste
2245 3594 2646 3679 sang-uine

258 3695 516 3760 satiaret
560 3700 625 3761 et
668 3694 900 3761 feras.’'

344 3799 551 3888 Legae
616 3821 847 3886 quaeso
909 3806 1025 3881 „ut
1085 3822 1411 3868 caesorum
1458 3802 1814 3889 plurimum
1863 3802 2049 3869 alites
2093 3805 2309 3870 iusta
2354 3806 2647 3891 sagina

258 3908 516 3972 satiaret
559 3913 625 3973 et
668 3907 898 3974 feras.”
948 3945 1035 3959 -
1080 3907 1154 3974 In
1204 3907 1288 3976 V.
1338 3914 1436 3975 est
1484 3910 1952 3997 sanguinea.

1270 4182 1656 4195 ——-—

2281 4392 2348 4443 20
