3150 5000
500 218 589 285 88
1455 241 1542 287 An
1589 213 1942 288 ποιητέω.

594 403 743 490 Cap.
808 407 871 472 2.
932 409 1070 472 οέντὶ
1140 409 1202 472 δὲ
1251 407 1509 480 ἀνοήτου
1556 431 1629 470 τε
1685 407 1790 470 καὶ
1841 405 2280 486 τετυφωμένου
2330 408 2707 484 γενέσθαι
2757 432 2892 486 με·

504 534 545 575 τ
559 514 930 592 ριώτερον.
1016 512 1200 579 Nihil
1264 513 1479 578 minus
1541 511 1807 577 Luciani
1873 512 2123 587 πτοήσει
2186 516 2480 580 convenit
2541 534 2731 600 quam
2781 513 2894 578 hio

500 619 973 702 comparativus
990 665 1005 696 ,
1071 621 1181 704 qui
1251 619 1632 706 pervulgato
1707 639 1910 684 errore
1979 638 2092 704 pro
2158 619 2548 705 superlativo
2611 622 2889 706 irrepsit.

501 721 835 792 Praeterea
880 745 1074 812 paene
1120 726 1547 791 necessarium
1595 725 1854 792 videtur
1900 725 2430 803 γεγενῆσθαι.

596 919 752 1008 Gap.
790 919 857 988 2.
898 921 1003 987 καὶ
1054 885 1338 999 ηὖξοὶμην
1388 923 1457 988 σέ
1496 945 1612 987 τινι
1660 919 1968 1002 σπουδαίῳ
2015 923 2433 1003 ἐπιτυχεῖν.
2481 921 2714 988 Verius
2733 926 2898 1007 puto

506 1028 821 1110 ἐντυχεῖν.
890 1028 1134 1094 Notum
1182 1033 1279 1094 est
1324 1028 1708 1094 discrimen.»

599 1207 752 1296 Cap.
796 1211 858 1275 4.
899 1210 990 1274 ἔτι
1030 1233 1102 1276 τε
1146 1215 1380 1294 χρυσοῦ
1428 1210 1534 1276 καὶ
1585 1209 1901 1291 πορφύρας
1949 1212 2083 1276 καὶ
2123 1217 2268 1276 τῶν
2307 1209 2512 1277 πάνυ
2553 1210 2895 1292 περιβλέπ-

508 1339 627 1380 των
683 1323 811 1387 τοῖς
871 1326 1148 1388 πολλοῖς.
1231 1315 1362 1382 Vix
1424 1315 1612 1382 aliter
1666 1317 1986 1401 scripsisse
2046 1322 2255 1401 potest
2315 1337 2510 1402 quam
2574 1317 2706 1384 καὶ
2755 1325 2899 1382 τῶν

506 1418 779 1510 ἄλλων,
831 1429 976 1487 τῶν
1038 1423 1240 1488 πάνυ
1306 1420 1893 1501 περίβλεπτων.
1974 1420 2188 1488 Simili
2245 1423 2523 1488 remedio
2581 1423 2898 1489 utendum

507 1547 642 1612 cap.
704 1526 828 1612 29,
891 1529 1005 1593 ubi
1062 1527 1209 1615 lege
1268 1528 1371 1594 καὶ
1442 1533 1720 1592 πολλῶν
1790 1527 1925 1603 ἤδη
1977 1529 2110 1592 καὶ
2160 1535 2300 1594 τῶν
2348 1531 2692 1596 σπουδαίων
2739 1525 2896 1596 εἶναι

509 1632 830 1699 δοκούντων
878 1635 1254 1708 ἐπήλειττται
1307 1655 1416 1720 pro
1462 1639 1775 1699 πολλῶν
1825 1633 1963 1710 ἤδη
2009 1635 2485 1700 σπουδαίων.

600 1738 755 1805 Post
800 1759 1001 1824 pauca
1046 1739 1260 1806 locum
1306 1761 1428 1805 non
1476 1742 1720 1826 optime
1755 1739 2193 1805 cohaerentem
2232 1743 2324 1806 ita
2365 1744 2712 1807 constitue:
2753 1741 2897 1821 ἄρτι

513 1846 627 1925 μὲν
688 1845 1074 1924 ἐλυπούμην,
1130 1844 1559 1924 ἐληλεγμένων
1605 1868 1708 1922 μοι
1750 1852 1866 1910 τῶν
1913 1843 2241 1926 φιλτάτων
2271 1892 2602 1912 ........
2653 1843 2792 1925 ἄρτι
2843 1845 2897 1910 δ’

515 1945 612 2016 αὖ
656 1951 756 2017 τὰ
803 1952 944 2030 μὲν
992 1951 1181 2017 ἐδόκει
1226 1974 1328 2031 μοι
1378 1952 1645 2018 ταπεινοὶ
1685 1950 1789 2016 καὶ
1829 1951 2331 2028 καταγέλαστα,
2372 1948 2615 2032 ἔχαιρον
2652 1953 2715 2018 δὲ
2751 1948 2891 2037 [αὖ]

512 2055 711 2139 ὥσπερ
738 2105 937 2124 .....
999 2057 1395 2135 ἀναβλέπων.
1480 2057 1604 2122 Pro
1669 2053 1764 2122 αὗ
1809 2057 1908 2121 τά
1952 2056 2200 2122 librarii
2247 2077 2374 2123 uno
2425 2064 2638 2124 tenore
2686 2055 2896 2122 αὐτοὶ

406 2196 415 2206 ·
514 2163 823 2230 dederunt
881 2171 945 2229 et
1004 2163 1129 2229 loci
1192 2164 1682 2229 concinnitatem
1746 2163 2106 2228 turbarunt.
2185 2187 2228 2226 α
2247 2158 2314 2240 ὖ,
2365 2163 2540 2248 ,quod
2583 2164 2654 2228 in
2697 2162 2896 2230 altera

518 2277 698 2354 parte
744 2271 1091 2334 sententiae
1136 2270 1333 2344 eieci,
1381 2270 1449 2332 in
1498 2267 1727 2332 multis
1770 2267 1952 2332 libris
1999 2268 2158 2332 abiit
2203 2269 2274 2332 in
2320 2265 2363 2332 ἄ
2382 2290 2441 2352 ν,
2494 2268 2662 2353 quod
2697 2268 2896 2334 Fritz-

514 2373 728 2453 schin,
778 2375 913 2439 viro
960 2377 1365 2450 acutissimo,
1413 2372 1729 2458 placuisse
1775 2374 2184 2440 vehementer
2229 2376 2446 2440 miror.
2518 2375 2756 2441 Nullus
2787 2376 2896 2442 hic

511 2479 689 2547 locus
754 2486 847 2546 est
907 2481 1145 2568 gaudio
1204 2480 1551 2546 identidem
1614 2484 1936 2567 concepto.
2021 2479 2121 2546 Ad
2185 2479 2251 2545 id
2299 2481 2469 2566 quod
2515 2480 2769 2568 reposui
2815 2480 2894 2547 cf.

509 2587 703 2653 huius
772 2586 979 2653 libelli
1048 2607 1183 2671 cap.
1257 2584 1299 2651 2
1373 2584 1861 2662 καταλαμβάνω
1929 2586 2062 2651 τὸν
2117 2586 2258 2663 μὲν
2309 2587 2369 2651 ἐν
2414 2588 2593 2667 χερσὶ
2643 2586 2898 2666 βιβλίον

511 2691 779 2773 ἔχοντας
831 2699 897 2759 et
941 2695 1181 2779 passim
1227 2693 1318 2759 sic
1364 2693 1686 2759 scribitur.
2046 2694 2050 2699 ’

598 2874 754 2961 Cap.
806 2874 868 2941 9.
917 2872 1064 2949 ὥςτε
1114 2872 1230 2940 κᾶν
1280 2873 1648 2956 ἐνδεέστερόν
1695 2898 1753 2940 τι
1799 2874 1946 2941 δοκῶ
1991 2875 2202 2955 λέγειν
2226 2926 2242 2954 ,
2305 2877 2495 2943 ἐκεῖνο
2553 2875 2670 2952 μὲν
2741 2873 2895 2941 ἔστω

510 2978 853 3065 πρόχειρον,
914 2984 991 3054 ὥς
1060 2980 1374 3059 ἄμεινον
1439 2978 1521 3056 ἦν
1582 2980 1709 3046 καὶ
1771 2977 2035 3055 ἄλλως
2084 2983 2111 3047 ὁ
2162 2985 2413 3059 ποιητὴς
2462 2981 2602 3053 ἴσως
2652 2980 2896 3063 διεξῄει.

511 3086 635 3166 Qui
697 3086 859 3151 hanc
904 3085 1246 3151 lectionem
1296 3092 1549 3169 tuetur,
1595 3107 1718 3152 non
1764 3084 1950 3152 facile
1995 3088 2326 3173 expediet,
2370 3108 2498 3175 qua
2541 3087 2618 3153 de
2665 3108 2735 3153 re
2778 3088 2898 3153 hoc

506 3191 939 3278 praedicetur,
1002 3192 1292 3255 meliorem
1357 3214 1481 3256 eam
1534 3192 1769 3278 fuisse.-
1845 3194 2126 3278 Apparet
2184 3194 2445 3279 quidem
2508 3194 2585 3259 de
2633 3192 2896 3282 Nigrini

508 3298 935 3383 disputatione
991 3298 1110 3363 hoc
1167 3297 1329 3382 dici3
1378 3298 1489 3363 sed
1534 3297 1690 3364 talia
1736 3299 2064 3364 subaudiri
2109 3320 2289 3386 posse
2335 3304 2476 3386 quis
2525 3301 2688 3366 serio
2735 3300 2897 3365 affir-

506 3402 682 3471 met?
751 3403 893 3469 Una
954 3402 1212 3468 literula
1275 3404 1534 3489 dempta
1590 3403 1792 3469 scribe
1849 3408 1927 3478 ὡς
1989 3403 2318 3483 ἄμεινον
2368 3405 2400 3481 ἢ
2451 3404 2584 3471 καὶ
2636 3402 2896 3477 ἄλλως

506 3512 534 3579 ὃ
586 3514 838 3587 ποιητὴς
887 3508 1027 3581 ἴσως
1080 3508 1332 3595 διεξῄει,
1380 3516 1446 3577 et
1484 3514 1796 3596 optimam
1836 3510 2185 3578 lucraberis
2231 3514 2614 3579 sententiam
2660 3512 2894 3578 hance:

502 3640 662 3703 quae
710 3620 845 3704 ipse
892 3622 1077 3704 poeta
1119 3617 1499 3682 disseruerat
1540 3637 1664 3681 non
1705 3618 1953 3681 meliora
1991 3624 2246 3684 tantum
2293 3624 2508 3697 erant,
2549 3618 2658 3683 sed
2696 3620 2892 3683 etiam

500 3726 763 3791 fortasse
812 3727 1081 3801 diversa,
1132 3726 1225 3788 ita
1272 3729 1345 3787 ut
1392 3742 1536 3787 mea
1585 3725 1785 3788 oratio
1831 3743 1954 3788 non
2001 3724 2209 3791 solum
2259 3726 2451 3789 verbis
2473 3772 2492 3801 ,
2543 3726 2653 3789 sed
2694 3724 2893 3789 etiam

500 3832 675 3895 rebus
723 3831 985 3896 fortasse
1030 3830 1108 3895 ab
1155 3828 1357 3914 ipsius
1405 3830 1687 3895 oratione
1714 3829 2004 3917 aberret.

594 4012 749 4101 Gap.
818 4014 923 4079 11.
983 4014 1193 4091 μικρὸν
1248 4012 1638 4091 Φθὲγγονται
1701 4010 1804 4076 καὶ
1870 4011 2082 4092 ἰσχνὸν
2145 4010 2250 4077 κα)
2303 4011 2674 4090 γυναικῶδες
2727 4011 2896 4095 [καὶ]

499 4126 612 4193 τῆς
663 4119 943 4197 Ἑκάβης
995 4118 1027 4189 ἢ
1077 4118 1420 4195 Πολυξένης
1468 4119 1628 4182 πολὺ
1683 4116 2120 4197 ταπεινότερον.
2202 4116 2520 4205 Expunge
2566 4114 2892 4202 copulam;

494 4247 621 4293 non
682 4228 851 4292 enim
914 4234 1240 4309 tamquam
1303 4229 1603 4309 quartum
1669 4223 1984 4310 quoddam
2045 4223 2200 4289 haec
2249 4223 2609 4300 adduntur,
2659 4220 2769 4289 sed
2817 4219 2894 4285 ad

494 4352 636 4399 rem
684 4330 977 4418 exemplo
1023 4328 1489 4396 illustrandam.
