3150 5000
1167 263 1635 314 manuumve.
2467 243 2599 312 277

308 427 373 494 2.
423 425 528 493 13.
604 427 815 507 „Cum
884 428 1303 515 prohibitores
1374 429 1718 516 catapultis
1788 435 2151 496 nostrorum
2220 433 2602 516 urgerentur

215 541 407 622 atque
464 535 771 614 ballistis,
824 537 950 623 ipsi
996 556 1243 622 quoque
1290 557 1367 603 ex
1414 537 1584 602 edito
1633 557 1816 603 arcus
1861 538 1981 602 eri
1999 557 2096 624 ge
2114 536 2153 601 b
2171 556 2263 603 an
2282 541 2311 601 t
2357 536 2605 603 fortiter

216 645 496 710 tensos.'’
1544 643 1553 652 '

306 749 683 838 Legendum
729 749 1250 837 dirigebant.

308 961 373 1030 2.
428 963 534 1029 14.
611 963 771 1048 „Die
830 968 1046 1029 secuto
1109 984 1257 1030 cum
1306 969 1654 1030 certaretur
1700 967 2046 1051 asperrime
2091 963 2415 1051 multique
2461 965 2606 1030 fun-

219 1069 517 1137 derentur
563 1070 936 1136 altrinsecus
981 1083 1047 1135 et
1092 1090 1349 1158 aeque
1396 1073 1627 1136 uires
1672 1077 1854 1159 gesta
1901 1071 2271 1155 librarent'’,
2320 1078 2470 1138 cett.

308 1175 510 1243 Verae
565 1176 856 1242 lectionis
902 1179 1181 1264 uestigia
1226 1176 1566 1242 manifesta
1615 1178 1871 1244 exhibet
1919 1178 2108 1244 Liber
2154 1177 2297 1243 Vat.
2345 1180 2413 1242 in
2483 1197 2608 1262 quo

216 1305 365 1350 cum
414 1285 721 1369 scriptum
770 1286 857 1348 sit
906 1286 1151 1369 aequi
1192 1277 1527 1360 'uiores,
1578 1287 1892 1373 corrigere
1937 1307 2017 1350 ne
2065 1285 2290 1350 dubita
2355 1286 2608 1368 aequi

215 1390 416 1478 uigo
436 1412 581 1456 res.
635 1427 713 1439 —
768 1388 1032 1478 Vigores
1080 1389 1245 1476 plur.
1292 1411 1475 1455 num.
1526 1390 1768 1477 legitur
1815 1392 1985 1478 apud
2033 1390 2205 1458 Vitr.
2246 1389 2354 1457 VI.
2399 1393 2458 1458 1.
2492 1391 2608 1469 113

218 1493 383 1562 Gell.
440 1495 617 1562 XIX.
666 1495 769 1561 12.
826 1496 904 1581 43
956 1494 1075 1561 Sil.
1125 1495 1204 1562 It.
1254 1494 1394 1562 XV.
1448 1494 1601 1562 355.

311 1709 373 1776 2.
432 1710 533 1776 16.
603 1711 922 1799 „Legerat
968 1709 1255 1776 Iulianus
1303 1708 1667 1795 Scipionem
1715 1731 1863 1776 cum
1911 1710 2184 1798 Polybio
2233 1717 2299 1777 et
2343 1713 2613 1798 triginta

220 1816 545 1883 militibus
612 1822 862 1903 portam
934 1814 1343 1904 Carthaginis
1418 1819 1672 1902 impetu
1742 1815 1944 1882 simili
2013 1817 2386 1884 subfodisse.
2459 1815 2505 1882 S
2522 1839 2556 1883 e
2572 1816 2614 1882 d

220 1922 374 1989 fides
420 1932 673 2009 recepta
716 1923 1095 2010 scriptorum
1145 1932 1441 1989 ueterum
1487 1943 1703 1989 recens
1749 1923 1990 1990 factum
2037 1923 2339 1990 defendit.

311 2031 553 2118 Legere
599 2030 799 2097 uelim
853 2027 1034 2108 „Sic
1082 2028 1235 2096 fides
1280 2032 1598 2116 recepta.’'

314 2241 375 2308 3.
430 2242 492 2306 4.
566 2241 706 2319 „Ex
756 2243 1091 2307 immensis
1139 2242 1365 2328 opibus
1413 2245 1828 2330 egentissima
1876 2248 1973 2308 est
2019 2241 2276 2308 tandem
2327 2242 2616 2310 Romana

220 2370 318 2414 res
364 2347 624 2434 publica
666 2369 777 2434 per
822 2367 927 2414 eos
945 2395 961 2427 ,
1008 2351 1121 2433 qui
1160 2355 1234 2414 ut
1272 2355 1583 2436 augerent
1623 2348 1886 2414 diuitias
1925 2349 2275 2416 docuerunt
2297 2353 2616 2436 principes

223 2474 375 2521 auro
423 2455 637 2540 quiete
675 2475 710 2520 a
750 2454 1033 2521 barbaris
1071 2454 1400 2540 redempta
1441 2454 1693 2521 redire
1720 2503 1735 2519 .
1761 2456 2255 2541 impetitum
2298 2453 2616 2523 aerarium

225 2567 352 2641 est,
399 2561 589 2627 urbes
634 2563 1027 2646 exinanitae,
1076 2561 1416 2647 populatae
1463 2562 1892 2646 prouinciae.”

218 2710 229 2719 ·
312 2668 460 2735 Vox
526 2670 1023 2753 impetitum
1096 2687 1133 2731 a
1180 2664 1446 2735 Gelenio
1496 2670 1858 2755 excogitata
1904 2672 2015 2733 est.
2068 2667 2323 2753 Inepte,
2373 2672 2613 2755 opinor.

226 2772 298 2839 ln
346 2774 491 2840 Vat.
540 2782 636 2841 est
682 2777 849 2859 imp
869 2780 1064 2838 tum.
1112 2773 1403 2839 Priorem
1451 2772 1750 2840 uocabuli
1795 2779 2043 2859 partem
2085 2772 2285 2841 latere
2333 2776 2616 2861 suspicor

228 2883 295 2945 in
356 2881 609 2948 ultimis
668 2880 1097 2966 praecedentis
1155 2881 1336 2947 uerbi
1398 2880 1657 2946 litteris.
1707 2878 2004 2967 Corrigas
2050 2882 2257 2968 igitur
2309 2881 2617 2968 „direp-

228 2992 399 3053 tum
446 2988 762 3053 aerarium
810 2987 972 3052 est.''

320 3202 382 3268 3.
432 3201 489 3267 8.
558 3200 742 3280 „Hac
803 3200 1090 3266 modesta
1153 3202 1556 3288 imperatoris
1602 3202 1884 3267 oratione
1929 3202 2098 3267 inter
2141 3201 2508 3267 secunda
2554 3204 2622 3266 et

233 3327 449 3394 aspera
494 3307 695 3373 medii
739 3305 928 3372 miles
974 3327 1087 3392 pro
1132 3314 1417 3394 tempore
1464 3306 1776 3374 delenitus
1827 3358 1842 3373 .
1874 3356 1889 3372 .
1917 3354 1934 3372 .
1983 3306 2326 3394 regibilem
2374 3328 2440 3375 ee
2487 3307 2620 3374 fore

234 3414 554 3499 pollicitus
600 3414 763 3481 est.'’

320 3520 747 3587 Praetulerim
814 3523 1023 3599 „inter
1083 3523 1334 3586 iucun
1354 3520 1393 3585 d
1412 3542 1448 3587 a
1508 3525 1573 3586 et
1623 3523 1908 3606 aspera'',
1958 3527 2034 3586 ut
2081 3524 2395 3588 contraria
2439 3524 2620 3587 resti-

238 3632 515 3693 tuantur.

328 3827 390 3893 4.
440 3826 546 3892 15.
620 3826 937 3905 „Romani
999 3827 1249 3893 hostem
1298 3825 1581 3913 undique
1627 3826 1962 3892 lamminis
2008 3827 2230 3893 ferreis
2279 3876 2295 3893 .
2324 3874 2340 3891 .
2370 3875 2384 3890 .
2411 3872 2427 3889 .
2479 3847 2622 3894 con-

242 3939 490 4019 ceptum
540 3932 965 4019 fidentemque
986 3982 1004 4018 ‚
1051 3934 1219 4019 quod
1267 3932 1395 3999 tela
1445 3935 1717 4021 rigentis
1756 3933 1907 3999 ferri
1944 3933 2078 4019 lap
2101 3932 2331 3999 sibus
2370 3935 2626 4019 inpacta

238 4040 601 4107 resiliebant
615 4089 633 4120 ,
698 4042 931 4107 crebris
993 4038 1573 4124 procursationibus
1639 4046 1703 4107 et
1761 4042 1999 4107 minaci
2043 4060 2378 4106 murmure
2421 4037 2623 4105 laces-

244 4146 530 4214 sebantss’

329 4253 469 4321 Non
537 4253 843 4341 intellego
912 4252 1050 4340 lap
1068 4253 1192 4320 sib
1210 4274 1317 4320 us.
1413 4252 1715 4340 Suspicor
1781 4272 2003 4319 ueram
2075 4252 2415 4319 lectionem
2485 4270 2622 4317 esse

249 4378 372 4426 cas
390 4363 460 4427 si
480 4362 521 4429 b
539 4382 652 4428 us.
