3150 5000
1063 311 1340 362 muns
1379 311 1717 363 sosarnus.
1844 332 1852 345 ·
2448 293 2581 363 353

221 475 528 563 Scriptura
589 483 728 544 tam
785 479 900 545 diu
959 475 1222 546 Graecis
1271 479 1566 567 ignorata
1614 479 1824 547 fuerit.
1872 477 2199 546 Aristeam
2249 479 2583 566 descripsit

217 583 514 670 Josephus
573 583 795 671 Antiq.
847 586 952 651 12.
1001 585 1066 650 2.
1112 585 1187 650 4:
1235 587 1324 652 διὸ
1371 586 1475 650 καὶ
1520 585 1667 658 τοὺς
1716 585 1995 658 ποιητάς
2028 587 2222 662 αὐτῆς
2274 586 2379 652 καὶ
2430 609 2584 665 συγ-

217 697 474 771 γραφεῖς
521 692 638 755 τῶν
688 692 912 770 ἱςοριῶν
955 693 1065 758 οὐκ
1109 691 1553 768 ἐπιμνησθῆναί
1598 699 1785 773 Φησιν
1834 693 1895 758 'E
1911 701 2167 764 καταῒος
2217 694 2245 759 ὅ
2294 693 2583 774 ’Λβδηρί-

214 820 358 880 της,
403 797 528 863 οὐδὲ
569 803 690 862 τῶν
736 799 879 864 κατ’
927 799 1124 874 αὐτὺν
1171 798 1704 877 πολιτευσαμένων
1749 798 2007 883 ἀνδρῶν,
2046 801 2124 872 ὥς
2164 799 2363 877 άγνῆς
2399 800 2580 874 οὔσης

213 901 314 967 καὶ
377 904 462 981 μὴ
523 903 650 969 δέον
711 907 903 980 αὐτὴν
964 905 1266 984 βεβήλοις
1327 906 1561 981 ςδμασι
1626 905 2107 986 διασαφεῖσθαι,
2168 926 2329 990 quae
2386 906 2582 975 verba

212 1017 374 1076 certe
429 1031 552 1077 non
609 1017 893 1098 tempore
955 1011 1300 1080 Alexandri
1345 1013 1578 1101 Magni
1634 1033 1837 1099 neque
1901 1014 1970 1078 in
2024 1009 2293 1079 Graecia
2346 1014 2581 1098 scripte

212 1125 373 1184 sunt.
437 1118 580 1184 Nisi
642 1121 786 1206 quis
847 1121 983 1206 ipse
1043 1123 1176 1186 suis
1235 1119 1440 1186 oculis
1501 1141 1639 1186 rem
1694 1121 2261 1208 pervestigaverit,
2324 1119 2581 1186 difficile

213 1229 302 1288 est
344 1224 592 1291 credere
636 1245 962 1312 quousque
1005 1225 1121 1292 illa
1161 1233 1370 1293 aetate
1407 1247 1739 1315 progressa
1778 1228 1865 1292 sit
1907 1227 2260 1292 mentiendi
2297 1226 2578 1293 licentia.

213 1329 348 1416 Ipse
399 1327 714 1417 Josephus
771 1332 1141 1418 imprudens
1202 1332 1241 1399 J
1247 1332 1594 1399 udaeorum
1657 1336 1831 1419 piam
1895 1331 2183 1399 fraudem
2246 1336 2452 1418 aperit
2509 1333 2578 1398 in

210 1433 487 1502 Prooem.
535 1436 616 1520 4,
663 1438 776 1504 ubi
823 1437 1035 1505 Moses
1079 1438 1378 1506 laudatur
1414 1445 1671 1527 propter
1708 1441 2024 1505 eximium
2068 1441 2358 1505 veritatis
2398 1459 2579 1505 ame—

211 1562 368 1620 rem,
431 1545 631 1609 καίτοι
694 1570 811 1623 γε,
873 1541 1008 1610 ὅσον
1067 1545 1170 1612 ἐπὶ
1220 1549 1405 1624 μήκει
1453 1546 1673 1628 χρόνον
1719 1547 1823 1612 καὶ
1875 1547 2295 1620 παλαιότητι.
2344 1547 2582 1620 πολλὴν

213 1645 360 1729 ἔχων
405 1649 618 1716 άδειαν
663 1652 900 1733 ψευδῶν
949 1651 1382 1729 πλασμάτων·
1428 1653 1653 1734 γέγονε
1700 1677 1747 1732 γ
1767 1653 1858 1732 ἄρ
1904 1652 2017 1730 πρὸ
2066 1655 2212 1717 ἐτῶν
2259 1651 2578 1732 δισχιλίων

213 1755 326 1822 nri.
418 1756 727 1824 Hecataei
803 1761 1060 1828 nomine
1131 1760 1695 1826 circumferebatur
1762 1759 2101 1844 peculiaris
2170 1759 2429 1825 libellus
2499 1759 2579 1826 de

213 1863 509 1943 Abi-amo,
572 1866 788 1952 Antiq.
854 1867 912 1932 1.
983 1866 1046 1934 ’7.
1113 1866 1157 1931 2
1177 1913 1194 1946 ‚
1257 1887 1448 1953 quem
1509 1865 1807 1933 libellum
1868 1887 2059 1932 nemo
2118 1866 2304 1933 facile
2363 1866 2578 1934 credet

213 1970 465 2037 Abderis
525 1978 855 2038 exaratum
917 1973 1131 2042 fuisse.
1202 1974 1420 2049 Alibi,
1467 1971 1649 2041 locus
1696 1978 1792 2040 est
1836 1975 1905 2038 in
1952 1973 2171 2058 Antiq.
2221 1971 2280 2037 2.
2337 1972 2444 2038 16.
2495 1973 2569 2052 5,

102 2119 103 2142 2
213 2073 508 2162 Josephus
552 2078 812 2145 fortasse
856 2082 1138 2167 genuina
1180 2079 1524 2147 Abderitae
1571 2081 1765 2147 verba
1810 2084 1958 2146 ante
2004 2079 2220 2146 oculos
2266 2079 2513 2146 habuit.

288 2183 486 2251 Venio
523 2207 688 2251 nunc
734 2185 812 2251 ad
861 2189 1077 2272 Antiq.
1119 2171 1184 2252 1.'
1223 2185 1286 2252 3.
1314 2185 1389 2264 9,
1431 2187 1543 2252 ubi
1579 2185 1895 2272 Josephus
1933 2185 2277 2252 lectoribus
2314 2189 2577 2252 conatur

101 2346 103 2348 .
215 2290 566 2375 persuadere
603 2291 1005 2359 Patriarchas
1044 2295 1196 2359 olim
1235 2295 1441 2359 vitam
1481 2313 1595 2379 per
1630 2292 1893 2380 longam
1918 2291 2316 2358 saeculorum
2342 2292 2574 2358 seriem

214 2399 593 2482 produxisse:
657 2404 1027 2480 μαρτυροῦσι
1091 2399 1156 2466 δέ
1215 2424 1334 2477 μου
1381 2402 1466 2481 τῷ
1510 2398 1681 2480 λόγῳ
1730 2399 1964 2471 πάντες
2010 2401 2061 2465 οἱ
2111 2402 2259 2480 παρ’
2302 2397 2573 2475 Ἕλλησι

217 2506 302 2568 καὶ
359 2507 533 2586 παρὰ
593 2506 937 2586 βαρβάροις
1002 2506 1526 2589 συγγραψάμενοι
1590 2508 1709 2580 τάς
1772 2508 2250 2588 άρχαιολογίας.
2332 2506 2576 2575 Deinde

217 2624 523 2678 enumerat
581 2616 690 2698 qui
756 2613 835 2679 de
897 2614 1180 2681 barbaris
1244 2618 1666 2701 scripserunt:
1715 2614 1820 2679 καὶ
1869 2616 1995 2693 γὰρ
2045 2615 2148 2677 καὶ
2198 2614 2495 2679 Μανεθῶν
2543 2615 2573 2681 δ

219 2718 304 2791 τὴν
360 2726 478 2783 τῶν
539 2720 898 2797 Αἰγυπτίων
963 2720 1367 2798 ποιησάμενος
1430 2722 1812 2801 α’ναγραφῆν
1874 2719 1979 2786 κα)
2044 2721 2355 2800 Βηρωσσὸς
2410 2722 2439 2785 ὃ
2487 2720 2574 2786 τά

221 2825 528 2893 Χαλδαϊκὰ
585 2829 960 2907 συναγαγὼν
1023 2828 1127 2892 καὶ
1192 2810 1429 2910 Μῶχός
1489 2852 1562 2893 τε
1631 2827 1735 2892 καὶ
1809 2830 2169 2898 Ἐςιαῒος
2238 2826 2345 2891 καὶ
2424 2827 2572 2906 πρὸς

221 2932 402 3005 αὐτοῖς
470 2934 496 2997 ὀ
561 2932 904 3013 Αἰγύπτιος
970 2934 1353 3013 Ἱερώνυμος,
1423 2934 1477 2999 οἱ
1545 2932 1635 2999 τὰ
1708 2933 2018 2998 Φοινικικὰ
2081 2932 2571 3019 συνταξάμενοι,

223 3042 585 3113 συμφωνοῦσι
647 3048 771 3112 τοῖς
823 3040 926 3105 ὑπ’
975 3042 1121 3118 ἐμοῦ
1171 3040 1548 3119 λεγομένοις.
1621 3038 1988 3125 Sequuntur
2048 3038 2277 3106 Graeci
2338 3041 2448 3125 qui
2496 3038 2575 3107 de

223 3136 454 3211 Graecis
497 3148 915 3233 scripserunt:
964 3148 1235 3220 Ἡσίοδός
1286 3171 1356 3213 τε
1405 3147 1509 3212 καὶ
1559 3150 1893 3218 Ἑκαταῖος
1944 3146 2048 3212 καὶ
2076 3144 2441 3217 Ἑλλάνικος
2464 3148 2569 3213 καὶ

226 3248 594 3326 Ἀκουσίλαος
659 3254 764 3319 καὶ
829 3256 972 3335 πρὸς
1017 3254 1252 3328 τούτοις
1295 3258 1567 3335 Ἔφορος
1617 3254 1721 3319 καὶ
1772 3250 2080 3326 Νικόλαος
2132 3255 2389 3332 ἱςοροῦσι
2433 3256 2576 3327 τοὺς

225 3356 484 3437 ἑρκαίους
553 3360 867 3443 ζήσαντας
933 3360 1039 3437 ἔτη
1102 3362 1313 3442 χίλια.
1398 3364 1611 3448 Atque
1672 3361 1779 3426 hic
1834 3360 2107 3447 quidem
2176 3360 2574 3428 Hecataeum

227 3460 522 3533 Milesium
568 3466 928 3555 intelligere
973 3468 1314 3546 debemus,
1355 3488 1544 3553 quem
1589 3474 1803 3532 tamen
1842 3465 2157 3552 Josephus
2196 3488 2321 3533 non
2360 3470 2574 3554 magis

226 3568 468 3656 inspexit
510 3596 704 3660 quam
753 3570 1108 3641 Hesiodum
1150 3574 1254 3640 vel
1295 3574 1707 3658 Acusilaum‚
1752 3594 1902 3639 nam
1944 3574 2291 3639 secundum
2332 3574 2574 3640 saeculi

228 3693 438 3744 morem
494 3679 808 3767 descripta
856 3684 1070 3748 omnia
1113 3686 1264 3747 sunt
1311 3702 1388 3746 ex
1436 3700 1508 3747 eo
1555 3700 1747 3765 quem
1798 3685 2195 3764 postremum
2245 3679 2570 3759 laudavit,

96 3816 97 3819 =
229 3778 454 3852 Nicolao
513 3786 937 3871 Damascene,
1001 3808 1188 3872 quem
1250 3790 1464 3872 ipsum
1525 3806 1605 3853 ex
1666 3786 1921 3871 Ephoro
1989 3804 2208 3872 sapere
2276 3786 2568 3852 dixerim.

231 3882 332 3953 Nec
373 3893 826 3982 negligendum
875 3900 970 3960 est
1017 3896 1187 3961 inter
1223 3892 1498 3961 Graecos
1539 3892 1879 3959 Nicolaum
1919 3913 2086 3957 nunc
2126 3892 2343 3959 referri
2367 3915 2572 3981 neque

231 3986 503 4063 Judaeum
565 4000 794 4077 fuisse,
857 3999 1024 4085 quod
1089 3999 1233 4065 aliis
1294 4000 1681 4085 quibusdam
1740 4001 2137 4087 argumentis
2200 4020 2355 4066 usus
2403 4004 2574 4067 recte

231 4096 474 4169 instituit
515 4108 778 4192 probare
825 4104 1123 4173 Gratzius
1168 4105 1282 4171 111.
1331 4128 1394 4191 p.
1443 4104 1597 4171 483.

301 4203 502 4277 Restat
557 4232 728 4279 nunc
789 4232 1088 4297 quaerere
1145 4215 1290 4298 quis
1351 4212 1675 4277 Hestiaeus
1734 4210 1955 4290 fuerit,
2016 4232 2207 4297 quem
2254 4210 2570 4299 Josephus

237 4306 372 4377 iuter
425 4336 520 4383 eos
579 4319 771 4385 refert
829 4322 941 4405 qui
1001 4320 1080 4385 de
1138 4318 1482 4385 Phoenicia
1541 4321 1948 4404 scripserunt.
2034 4318 2164 4385 Hic
2225 4319 2569 4387 Hestiaeus

239 4426 508 4496 praeterea
553 4424 852 4492 laudatur
897 4428 1114 4513 Antiq.
1169 4427 1230 4493 1.
1277 4426 1337 4491 4.
1394 4424 1471 4493 3:
1519 4426 1653 4507 περὶ
1706 4426 1768 4491 δὲ
1814 4430 1919 4492 τοῦ
1969 4427 2176 4493 πεδίου
2221 4430 2329 4492 τοῦ
2375 4441 2563 4505 λεγο-
