3150 5000
526 246 613 312 26
1038 264 1049 275 ·
1444 268 1691 317 roman
1735 268 1984 317 aaaron

620 428 698 495 V.
746 428 913 498 288·
950 432 1277 521 Ignoravit
1340 434 1547 501 editor
1607 435 2009 500 verissimam
2069 434 2345 503 Nauckii
2397 435 2904 502 emendationem

531 536 804 606 mia-am
854 560 969 625 pro
1014 539 1296 607 πῶσοντι.

613 754 691 823 V.
750 756 878 826 381
925 762 1051 842 xpi,
1099 760 1163 826 δέ
1210 786 1281 826 σε
1327 766 1626 835 τετληῶτι
1673 759 1780 842 νόῳ
1830 760 2337 839 ἐπακουέμεν
2386 762 2543 839 αἰεί,

931 868 1150 945 μήπως
1202 866 1520 942 ἥπεδανοῒο
1567 867 1765 939 λυθεὶς
1815 867 1930 932 ὑπὸ
1979 867 2269 944 δείματος
2317 866 2463 946 ἔξω

934 975 1002 1039 ἐκ
1048 975 1265 1057 χειρῶν
1312 972 1566 1039 οὖδάσδε
1618 973 1834 1050 βαλὼν
1881 972 2072 1054 χόλον
2117 975 2282 1040 αἰνὸν
2329 973 2516 1055 &plum

931 1080 1275 1146 α’θανοὶτων.

620 1184 1005 1252 Mendosum
1068 1186 1325 1253 videtur
1367 1186 1481 1264 ἔξω
1502 1234 1518 1265 ,
1566 1187 1732 1273 quod
1793 1193 1979 1274 poeta
2024 1186 2338 1253 scribendi
2383 1185 2740 1274 elegantiae
2783 1206 2918 1252 non

524 1310 747 1377 expers
806 1292 961 1358 adeo
1020 1295 1233 1379 inepte
1294 1293 1521 1359 addere
1579 1314 1704 1359 non
1769 1296 1998 1379 potuit.
2071 1291 2344 1359 Difficile
2395 1298 2612 1359 tamen
2673 1298 2770 1358 est
2829 1291 2917 1357 ad

526 1398 1009 1485 corrigendum3
1057 1420 1208 1465 nam
1254 1420 1415 1485 quae
1462 1405 1608 1485 apte
1655 1400 2006 1465 substituas
2051 1397 2234 1465 velut
2271 1395 2415 1479 ἦτορ
2457 1403 2520 1464 et
2559 1394 2730 1477 αἶψα
2763 1397 2917 1463 duc-

526 1504 701 1569 tibus
746 1504 1153 1572 dissimiliore
1198 1514 1367 1573 sunt.
1432 1504 1752 1586 Quaerant
1798 1505 1930 1571 alii.
1993 1504 2362 1572 Admodum
2412 1509 2630 1571 autem
2669 1507 2920 1570 incerta

526 1611 692 1676 mihi
738 1611 990 1678 videtur
1038 1611 1251 1678 Abelii
1294 1615 1657 1679 coniectura
1703 1610 2089 1689 ἐπακουέμεν
2134 1633 2246 1698 pro
2289 1610 2603 1677 librorum
2642 1608 2918 1676 lectione

530 1715 704 1782 αἲνέ
721 1740 817 1795 με
837 1742 897 1796 ν,
946 1719 1063 1783 sub
1110 1738 1236 1804 qua
1274 1721 1490 1806 potins
1528 1718 1726 1785 latere
1749 1720 1844 1784 ἐπ·
1864 1718 1991 1784 au
2010 1743 2108 1796 με
2127 1744 2157 1782 ν
2183 1720 2564 1805 suspicarer,
2590 1718 2717 1783 nisi
2740 1736 2919 1783 scru-

527 1822 756 1910 pulum
820 1830 1107 1891 moveret
1158 1823 1467 1911 producta
1530 1831 1748 1891 contra
1809 1846 2053 1891 morem
2117 1827 2186 1890 in
2230 1823 2350 1890 hoc
2395 1824 2590 1890 verbo
2635 1821 2879 1890 vocalis
2897 1869 2915 1899 ,

527 1930 683 1995 licet
740 1929 893 2020 quid
955 1933 1023 1996 in
1085 1929 1412 1998 vocabulis
1473 1929 1940 2018 multisyllabis
2004 1936 2225 2016 poetae
2285 1932 2449 2017 epici
2510 1929 2636 1996 sibi
2675 1931 2747 1993 in
2793 1927 2918 1993 hoc

526 2055 756 2123 genere
814 2040 1218 2122 permiserint
1282 2040 1671 2103 noverimus.
1741 2037 2076 2102 Praeterea
2137 2034 2274 2101 fieri
2335 2042 2546 2121 potest
2603 2040 2680 2100 ut
2725 2038 2917 2100 vetus

530 2139 843 2228 glossator
920 2145 1030 2227 qui
1104 2145 1443 2230 adscripsit
1506 2150 1749 2221 κρατεῖν
1813 2146 2266 2227 interpretatus
2325 2144 2410 2206 sit
2472 2142 2682 2207 nescio
2744 2139 2916 2225 quod

530 2248 795 2312 verbum
815 2296 833 2331 ,
897 2247 1063 2332 quod
1126 2248 1283 2315 olim
1340 2252 1442 2315 hic
1486 2248 1730 2315 lectum
1776 2250 1967 2314 fuerit
2014 2246 2377 2335 significans
2423 2248 2674 2332 (manu)
2716 2254 2920 2311 tenere

531 2348 645 2437 (sc.
707 2350 1051 2440 lapidem),
1128 2355 1334 2441 qualis
1400 2358 1575 2422 notio
1637 2356 1743 2420 hic
1804 2354 1995 2441 longe
2047 2354 2382 2439 aptissima
2429 2364 2543 2418 est.
2614 2350 2919 2438 Exempli

529 2460 741 2546 gratia
784 2454 1094 2546 propono:

854 2568 977 2649 χρὴ
1027 2567 1092 2633 δέ
1135 2595 1209 2636 σε
1253 2575 1552 2643 τετληῶτι
1601 2566 1706 2650 νόῳ
1755 2569 1784 2633 ὲ
1830 2564 2236 2648 πιεζέμεν
2283 2566 2444 2641 αἰεί,
2494 2566 2620 2631 κτέ.

529 2670 637 2741 vel
684 2696 821 2751 μιν
877 2677 1295 2757 θλιβέμεν.

623 2891 700 2959 V.
752 2892 883 2961 39¹7
1607 2896 2037 2975 γουνούμενος,
2086 2891 2248 2976 ὄφρα
2296 2895 2408 2960 τιν’
2455 2891 2599 2974 εἴπῃ

846 3003 1205 3082 θαλπωρῆν,
1256 3000 1423 3080 εἴπερ
1476 3005 1616 3067 ποτ’
1669 3003 1768 3067 ἐπὶ
1818 3003 2013 3084 χθόνα
2060 2999 2301 3082 μητέρα
2346 3003 2527 3079 θηρῶν

846 3106 1144 3186 ἔρχηται,
1193 3111 1317 3180 πῶς
1365 3133 1468 3172 κεν
1515 3107 1796 3173 πολιὸν
1841 3110 2014 3186 γένος
2061 3106 2512 3190 ἐκπροφύγῃσι.

530 3211 951 3300 Intellege-'andi
996 3222 1325 3298 serpentes,
1374 3213 1482 3278 sed
1530 3216 1694 3280 mire
1739 3217 1801 3278 in
1853 3236 2054 3301 genus
2102 3215 2300 3280 πολιοί
2336 3218 2678 3290 vocantur,
2721 3213 2916 3298 siqui-

532 3318 679 3383 dem
724 3317 1102 3403 plerumque
1150 3325 1298 3383 sunt
1345 3321 1505 3384 varii
1558 3324 1625 3384 et
1671 3319 2092 3385 versicolores.
2159 3319 2516 3385 Lenissima
2561 3321 2917 3384 mutatione

532 3424 837 3490 rescribas
898 3423 1163 3489 δόλιον
1226 3425 1420 3502 γένος.
1502 3424 1714 3489 Possis
1778 3429 1970 3490 etiam
2035 3431 2178 3494 πῶς·
2225 3424 2314 3489 ἄν
2375 3429 2429 3490 κ’
2495 3425 2720 3490 ὀλοὸν
2783 3422 2915 3510 (vel

533 3529 817 3616 ὀφίων)
878 3530 1051 3609 γένος
1116 3533 1579 3611 ἐκπροφύγῃσι,
1643 3551 1792 3596 nam
1855 3535 2102 3596 iunctae
2169 3532 2514 3616 particulae
2578 3529 2654 3594 ἄν
2698 3537 2764 3597 et
2811 3555 2914 3596 κεν

532 3636 881 3722 (interdum
930 3637 1099 3722 apud
1146 3639 1357 3722 ipsum
1405 3636 1762 3703 Homerum
1809 3640 1870 3701 in
1923 3639 2280 3702 recensione
2327 3636 2753 3704 Alexandrina
2799 3639 2914 3704 ob-

527 3743 695 3828 viae)
744 3744 813 3806 in
859 3745 1144 3829 sequiora
1191 3742 1417 3808 saltem
1467 3749 1653 3829 poeta
1703 3742 2026 3808 offensioni
2069 3763 2193 3809 non
2243 3747 2420 3807 sunt.·
2474 3743 2914 3811 Veruntamen

530 3845 789 3935 longius
834 3849 989 3914 haec
1038 3848 1273 3915 distant
1324 3869 1361 3914 a
1408 3850 1643 3915 tradita
1688 3848 1974 3915 lectione.

622 4051 696 4117 V.
750 4048 879 4117 522

808 4159 967 4232 αὐτὴ
1007 4157 1063 4222 δ’
1114 4160 1172 4222 ἐν
1225 4160 1540 4239 βένθεσσιν
1590 4155 1738 4224 ὑπὸ
1785 4160 2236 4242 Φλοίσβοιο
2285 4157 2603 4233 θαλάσσης

810 4265 1092 4342 νήχεται.

535 4373 776 4438 Iniuria
812 4370 1018 4436 editor
1055 4374 1295 4456 sprevit
1332 4371 1755 4438 Slothouweri
1791 4375 2238 4440 correctionem
2282 4371 2908 4456 πολυφλοίσβοιο.
