3150 5000
488 232 579 305 20
1412 252 1658 303 Pomm
1703 250 1952 303 smol.

580 421 653 487 V·
708 418 837 592 133
870 527 939 603 δὴ
984 526 1145 605 μοῖρ’
1193 524 1518 604 ἐδάμασσε
1542 575 1558 603 ,
1610 524 1783 598 τέλος
1833 524 1884 590 δ’
1932 524 2220 600 ἐπέθηκεν
2269 522 2559 607 ἀνάγκη,

762 634 1017 715 Φθίσθαι
1067 634 1213 715 ὑπὲρ
1255 632 1539 718 Λιβύης,
1589 632 1868 698 νόστον
1915 632 1969 697 δ’
2017 629 2264 697 οἴκοιο
2310 630 2626 697 λαθέσθαι.

488 741 699 809 Immo
743 760 927 809 vero:
978 739 1261 807 νόστου
1310 739 1364 805 δ’
1412 736 1727 806 οἶκόνδε
1773 737 2088 805 λαθέσθαι.

578 955 655 1021 V.
695 953 825 1021 291

853 1060 1003 1126 άλλ’
1047 1063 1113 1127 οὐ
1162 1062 1213 1127 οἱ
1258 1058 1698 1141 κάρτιστον
1743 1056 2075 1141 άρειθτερόν
2120 1083 2192 1125 τε
2239 1056 2524 1137 γενέσθαι

895 1168 1235 1249 Ἡρακλῆος
1282 1166 1546 1242 άνακτος
1593 1169 1832 1247 ὀΐομαι·
1880 1164 2014 1233 ἵστε
2063 1166 2169 1231 καὶ
2216 1166 2416 1232 αὐτοί.

484 1274 819 1362 Suspicor:

712 1384 864 1445 ἀλλ’
910 1384 975 1446 οὕ
1021 1380 1082 1446 οἵ
1117 1405 1305 1447 τινα
1352 1380 1453 1447 κά
1469 1406 1586 1461 ρρο
1606 1382 1650 1446 ν’
1694 1377 2025 1461 άρειότερόν
2071 1403 2142 1444 τε
2189 1377 2473 1457 γενέσθαι
2520 1376 2657 1442 κτὲ.

400 1532 405 1535 -
486 1486 583 1554 De
629 1490 904 1573 pei-miro
947 1488 1057 1553 sed
1103 1495 1273 1554 certo
1317 1488 1579 1555 voculae
1627 1489 1678 1553 οἱ
1721 1496 2022 1573 tanquam
2061 1484 2409 1583 particulae
2447 1484 2870 1550 affirmativae

487 1614 609 1659 usu
672 1596 839 1679 apud
900 1594 1070 1659 hunc
1132 1600 1525 1680 poetastrum
1589 1594 1669 1660 cf.
1719 1615 1847 1661 vss.
1893 1592 2048 1660 270.
2100 1590 2253 1659 473.
2304 1590 2456 1657 495.
2509 1588 2662 1655 530.
2715 1586 2873 1654 533.

490 1700 642 1767 588.
704 1700 852 1766 603.
924 1700 1076 1769 675.
1139 1698 1290 1765 684.
1359 1700 1509 1769 773.
1570 1700 1724 1767 818.
1791 1698 1945 1766 836.
2009 1697 2164 1765 838.
2215 1696 2369 1765 899.
2422 1695 2622 1765 1236.
2671 1694 2876 1763 1264.

494 1807 689 1877 1270.
741 1806 936 1873 1272.
992 1806 1189 1890 1331.Ι
1234 1806 1317 1874 al.

580 2012 653 2077 V.
698 2011 829 2077 313
900 2013 1004 2078 καὶ
1054 2012 1196 2077 τότε
1244 2014 1312 2087 δὴ
1361 2020 1688 2093 κραντῆρα
1716 2012 1872 2091 βοῶν
1921 2012 2262 2092 περιμήκεα
2315 2014 2532 2089 ταῦρον

896 2118 1170 2201 σφάζον,
1220 2120 1559 2189 ἀνακλίνας
1608 2123 1896 2207 κεφαλὴν
1943 2120 2029 2190 εἷς
2079 2116 2289 2196 αἰθέρα
2335 2118 2499 2194 δῖαν,

1010 2250 1037 2289 ο
1055 2250 1093 2289 τ
1110 2249 1154 2289 α
1241 2226 1284 2288 ώ
1304 2249 1333 2287 ν
1354 2248 1368 2263 ·

581 2226 939 2396 Βθτωοηίεζ
950 2248 1518 2419 ἔταθώμαῑιεΙορ-ία
1563 2330 1846 2416 postulat
1892 2329 1932 2412 ζ
1941 2356 1984 2412 ῳ
2002 2354 2029 2396 ο
2048 2355 2085 2395 τ
2101 2354 2128 2396 ο
2144 2354 2193 2408 μ
2213 2337 2256 2395 ῶ
2274 2355 2326 2395 ν.

580 2544 654 2610 V.
705 2543 836 2610 325
888 2545 1240 2628 στέψασθαι
1288 2544 1341 2609 δ’
1396 2544 1694 2610 ἐκέλευσα
1742 2545 2093 2618 κύκλους
2141 2543 2419 2625 ἐρόεντας
2472 2543 2709 2617 ἐλαίης.

485 2649 670 2717 Novo
730 2661 795 2718 et
852 2672 1079 2738 parum
1141 2651 1422 2741 eleganti
1485 2673 1604 2717 usu
1652 2659 1837 2738 poeta
1880 2654 1974 2717 ita
2020 2654 2272 2739 scripsit
2320 2671 2431 2738 pro
2479 2649 2828 2733 στεφάνους
2850 2697 2869 2728 ,

485 2757 677 2824 modo
716 2777 936 2824 revera
972 2760 1062 2823 sic
1084 2760 1423 2845 scripserit.
1472 2757 1642 2824 Nam
1669 2761 1952 2826 conicere
1972 2761 2040 2824 in
2066 2764 2367 2845 promptu
2393 2763 2492 2824 est
2515 2756 2800 2823 κλάδον
2815 2783 2867 2831 ς.

581 2971 655 3038 V.
698 2970 829 3038 393
901 2973 1008 3037 xa!
1054 2975 1105 3037 οἱ
1153 2971 1506 3051 κεκλιμένος
1554 2974 1668 3052 μὲν
1715 2975 1812 3039 ἐπ’
1859 2975 2115 3039 οὖδαίοιο
2161 2972 2484 3055 χαμεύνης

897 3085 1059 3143 κεῖτο
1105 3077 1315 3157 μέγας
1362 3077 1733 3160 Κένταυρος,
1782 3081 2335 3160 άπηρήρειστο
2385 3079 2450 3145 δὲ
2499 3079 2686 3161 πέτρη

894 3185 1203 3265 {nminem
1250 3185 1473 3267 ὅπλῇσι
1520 3186 1982 3264 τανυσσάμενος
2029 3187 2136 3250 θοὰ
2185 3193 2381 3252 κῶλα.

486 3291 755 3376 Propter
814 3290 1107 3357 additum
1171 3291 1356 3372 πέτρη
1417 3295 1829 3376 expectabam
1875 3295 2088 3378 potius
2136 3293 2283 3368 ἔτη
2303 3297 2383 3371 ρή
2405 3316 2712 3374 ρειστο,
2759 3292 2872 3358 sed

487 3399 721 3464 certius
769 3397 1021 3462 videtur
1067 3416 1216 3462 mox
1262 3417 1354 3462 vs.
1407 3396 1534 3462 401
1586 3419 1678 3490 sq.
1727 3399 2094 3464 sribendum
2144 3420 2278 3465 esse

1386 3502 1538 3581 μέθυ
1581 3505 1630 3570 δ’
1675 3505 2099 3589 ἀμφιφορεῦσι
2146 3505 2448 3582 κομίσσας

834 3697 841 3705 ι
894 3609 1243 3691 ῥωγαλέαις
1294 3609 1588 3691 ἔστρωσεν
1634 3611 1763 3676 ἐπὶ
1813 3610 2181 3689 στιβάδεσσι
2228 3611 2476 3688 πέτηλα

488 3741 600 3808 pro
646 3718 764 3785 ὑπό
778 3767 796 3797 ,
844 3718 1012 3804 quod
1056 3736 1181 3804 quo
1228 3723 1409 3802 pacto
1456 3719 1606 3784 ferri
1651 3721 1849 3804 possit
1891 3739 2017 3785 non
2062 3719 2269 3785 video.

580 3935 655 4000 V.
701 3932 831 4002 712

664 4040 783 4106 Καὶ
833 4037 977 4104 τότε
1027 4039 1095 4115 δὴ
1144 4039 1565 4118 προφυγόντες
1615 4039 1878 4105 άδευκέα
1925 4043 2233 4118 πήματ’
2287 4039 2522 4121 ὀλέθρου

668 4145 961 4223 Ῥηβαίου
1010 4145 1283 4228 προχοὰς
1331 4147 1526 4222 άκτήν
1574 4145 1624 4212 θ’
1671 4147 1969 4224 ἱκόμεσθα
2018 4146 2343 4213 Μέλαιναν
2392 4148 2524 4216 κτέ.

485 4253 630 4320 Non
674 4255 765 4317 sic
812 4263 1181 4337 personatus
1224 4250 1511 4339 Orpheus
1546 4254 1868 4339 scripsisse
1904 4253 2186 4334 videtur,
2229 4254 2339 4320 sed
2355 4251 2626 4322 Homeri
2649 4275 2866 4322 exem-

487 4359 595 4446 plo
644 4360 957 4437 πείρατ’
1006 4357 1259 4439 ὀλέθρου.
