3150 5000
1184 291 1508 346 namus.
2415 274 2542 341 361

168 465 296 528 ferri
331 461 529 550 vulgo
570 451 892 540 videntur,
934 467 1000 526 et
1037 461 1421 526 immensam
1460 458 1646 525 illam
1684 459 2048 547 congeriem
2087 457 2302 552 lucido
2329 457 2549 524 ordine

166 569 529 634 distribuere
589 566 921 654 disponere
984 566 1331 632 diudicare.
1380 563 1688 633 Gratulor
1731 566 1938 652 igitur
1985 565 2124 630 viro
2172 563 2355 632 docto
2372 612 2391 643 ,
2438 565 2552 650 qui

164 697 193 740 e
248 673 511 741 Christii
576 672 911 760 disciplina
956 673 1233 759 prodiit,
1278 679 1344 738 et
1390 693 1516 738 non
1563 693 1708 738 meo
1761 672 1967 737 solum
2015 672 2274 736 nomiae
2316 675 2395 738 ut
2445 691 2548 738 ar·-

161 783 377 860 bitror,
451 781 559 848 sed
632 783 923 847 omnium
994 780 1227 865 quibus
1302 779 1527 867 lingua
1596 779 1956 861 homerica,
2031 776 2098 842 id
2169 784 2267 844 est
2325 777 2554 866 lingua

158 908 406 974 graeca,
478 908 665 953 curae
724 893 820 952 est
839 934 855 964 ,
904 907 983 952 ex
1030 888 1232 952 animi
1276 887 1595 951 sententia
1641 887 1701 950 ei
1747 892 1962 973 grates
2011 903 2154 973 ago.
2204 883 2291 951 Et
2334 889 2412 950 ut
2455 885 2553 949 in-

159 1013 357 1079 genue
396 994 599 1059 fatear
636 993 805 1078 quod
848 992 1201 1057 iucundum
1241 994 1505 1058 fortasse
1546 993 1605 1056 ei
1647 993 1769 1056 erit
1792 988 2072 1078 legenti:
2099 991 2178 1056 de
2201 991 2321 1057 hoc
2340 1038 2358 1070 ,
2383 989 2552 1077 quod

158 1101 559 1183 pertractavit
575 1148 593 1177 ,
658 1107 1039 1187 argumento
1086 1099 1694 1164 commentationem
1745 1099 1900 1164 satis
1945 1096 2232 1182 amplam
2280 1099 2553 1164 conscri-

157 1209 291 1272 bere
342 1228 463 1296 ego
513 1227 763 1292 quoque
809 1206 977 1272 mihi
1025 1205 1181 1270 olim
1227 1224 1714 1290 proposueram3
1765 1203 1874 1270 sed
1923 1207 2165 1289 partim
2211 1207 2364 1270 novi
2409 1223 2556 1293 gra,

154 1314 523 1398 vissimique
598 1315 881 1378 muneris
953 1314 1229 1399 negotiis
1299 1312 1630 1377 districtus
1649 1359 1664 1388 ,
1739 1314 1977 1397 partim
2050 1311 2260 1378 victus
2343 1311 2555 1378 taedio

157 1419 407 1484 voculas
476 1418 843 1485 corradendi
861 1467 880 1503 ,
946 1421 1181 1504 partim
1252 1438 1402 1484 vero
1474 1419 1552 1484 de
1625 1417 1907 1483 utilitate
1971 1415 2209 1484 laboris
2273 1419 2554 1504 suscepti

154 1525 483 1610 desperans
502 1572 517 1602 ,
586 1523 751 1589 illud
816 1523 1153 1592 consilium
1203 1524 1369 1589 mihi
1416 1523 1824 1589 abiciendum
1873 1545 2007 1590 esse
2054 1525 2210 1590 duxi
2255 1531 2320 1592 et
2367 1523 2549 1590 binas

154 1631 592 1696 tantummodo
657 1630 1005 1715 particulas
1051 1630 1254 1714 operis
1302 1628 1547 1696 absolvi
1565 1678 1583 1706 ,
1633 1651 1905 1715 quarum
1959 1629 2193 1710 altera,
2243 1653 2404 1718 quae
2452 1636 2549 1698 est

153 1738 219 1800 de
268 1738 689 1820 pronominum
738 1737 963 1823 for-mie
1009 1737 1317 1800 homericis
1334 1783 1351 1814 ,
1396 1738 1466 1801 in
1514 1736 1969 1823 Mnemosyncs
2017 1736 2346 1806 volumine
2393 1737 2552 1804 XIII

154 1850 360 1926 extat,
429 1843 631 1909 altera
690 1845 759 1907 in
823 1844 997 1909 hisce
1062 1864 1224 1929 quae
1271 1843 1656 1927 praecedunt
1701 1844 1957 1930 paginis
2003 1864 2155 1909 cum
2202 1843 2552 1911 lectoribus

154 1947 469 2016 benevolis
532 1954 630 2014 est
690 1951 1183 2015 communicata.
1232 1949 1293 2014 N
1298 1969 1421 2013 unc
1469 1970 1622 2015 vero
1667 1949 1915 2036 gaudeo
1962 1950 2132 2034 quod
2179 1952 2510 2036 provincia
2533 1999 2550 2029 ,

156 2075 339 2138 quam
416 2055 700 2134 deserui,
776 2063 909 2120 tam
976 2062 1231 2122 strenue
1292 2061 1587 2141 suscepta
1649 2061 1746 2121 est
1791 2077 1830 2120 a
1873 2057 2011 2122 viro
2060 2057 2438 2124 eruditionis
2487 2063 2551 2123 et

152 2163 499 2228 industriae
535 2161 724 2246 pleno
741 2182 758 2240 ;
809 2171 873 2228 et
913 2183 1103 2249 opus,
1144 2161 1315 2247 quod
1337 2163 1504 2228 mihi
1528 2160 1684 2228 olim
1713 2162 2034 2250 agendum
2060 2182 2510 2250 proposueram
2531 2211 2548 2242 ,

150 2289 309 2333 nunc
370 2271 467 2334 ita
528 2273 863 2354 peractum
925 2290 1059 2336 esse
1108 2271 1293 2335 video
1339 2275 1416 2334 ut
1466 2290 1610 2336 mea
1655 2268 2191 2354 qualemcumque
2237 2269 2554 2337 allaturus

154 2394 318 2440 eram
370 2393 523 2440 cura
571 2377 843 2441 minime
890 2375 1099 2442 adhuc
1148 2375 1561 2442 desideretur.

233 2477 435 2547 Casus
482 2486 701 2547 autem
746 2483 841 2547 ita
892 2481 1049 2549 tulit
1093 2488 1170 2548 ut
1215 2484 1317 2548 vir
1364 2482 1590 2549 doctus
1639 2481 1907 2549 Menrad
1955 2483 2194 2551 librum
2238 2506 2429 2551 suum
2471 2485 2552 2553 ad

149 2582 335 2652 finem
386 2587 516 2653 fere
564 2588 963 2673 perduxisset
1010 2592 1382 2675 priusquam
1436 2589 1786 2675 disputatio
1837 2611 1980 2656 mea
2029 2591 2106 2656 de
2153 2592 2557 2659 Pronomini-

149 2692 261 2758 bus
323 2694 669 2761 homericis
689 2743 707 2773 ‚
773 2695 1170 2781 praecedenti
1237 2714 1399 2761 anno
1462 2696 1661 2772 edita,
1727 2699 1788 2761 ei
1851 2699 2264 2777 innotuisset;
2329 2698 2555 2765 deinde

148 2820 327 2886 vcro,
403 2822 441 2867 a
508 2801 804 2869 Nauckio
875 2810 949 2868 ut
1023 2804 1245 2868 scribit
1316 2802 1715 2880 admonitus,
1780 2806 2056 2889 priorem
2129 2810 2298 2870 certe
2376 2824 2557 2871 meae

149 2909 510 2992 scriptionis
570 2914 816 2993 partem
884 2908 1049 2996 legit
1066 2956 1082 2987 ‚
1147 2908 1417 2975 alteram
1482 2911 1793 2995 inspicere
1853 2929 1980 2975 non
2035 2914 2248 2996 potuit
2265 2959 2281 2989 ,
2333 2918 2408 2977 ut
2452 2914 2554 2977 vi-

150 3012 351 3079 detur.
420 3012 490 3078 Si
557 3015 935 3099 inspexisset
952 3065 970 3100 ‚
1039 3018 1105 3079 in
1154 3015 1273 3081 hac
1320 3036 1572 3100 quoque
1593 3063 1609 3093 ,
1657 3022 1734 3081 ut
1779 3018 1847 3080 in
1895 3018 2104 3102 priore
2124 3066 2142 3101 ,
2192 3016 2402 3083 multa
2447 3038 2554 3083 oc-

147 3127 377 3204 cupata
437 3121 802 3187 invenisset.
882 3119 1063 3202 Quod
1111 3120 1313 3187 nolim
1362 3143 1400 3187 a
1447 3142 1769 3207 quoquam
1813 3126 1910 3188 ita
1956 3126 2326 3209 accipiatur,
2375 3128 2556 3209 quasi

148 3246 287 3291 mea
348 3227 430 3292 ab
489 3247 563 3292 eo
630 3233 955 3312 repetam;
1015 3231 1218 3299 immo
1264 3227 1477 3293 mium
1525 3229 1697 3295 κοινὰ
1751 3231 1868 3294 τῶν
1915 3230 2117 3313 φίλων
2140 3281 2157 3304 ,
2207 3239 2272 3295 et
2316 3232 2556 3297 amicos

148 3352 276 3398 esse
324 3352 549 3398 censeo
598 3354 819 3399 omnes
866 3335 978 3419 qui
1024 3334 1256 3400 horum
1300 3334 1660 3401 studiorum
1705 3336 2031 3401 communi
2068 3335 2327 3402 vinculo
2351 3338 2555 3403 iuncti

149 3442 327 3518 sunt,
399 3459 604 3523 neque
671 3442 815 3525 quis
882 3440 1130 3525 quando
1195 3441 1429 3506 dixerit
1491 3443 1773 3527 primus,
1825 3442 2055 3508 referre
2102 3444 2394 3525 arbitror,
2437 3442 2549 3509 sed

82 3565 91 3578 ·
149 3564 345 3629 quam·
410 3565 559 3610 vere
630 3530 875 3611 dictum
935 3549 1039 3613 sit.
1113 3543 1279 3613 Oum
1342 3545 1455 3611 illo
1517 3548 1801 3635 gaudeo,
1853 3548 2021 3632 quod
2067 3554 2131 3613 et
2173 3548 2252 3613 de
2299 3563 2556 3614 summa

148 3670 359 3715 rerum
408 3650 595 3735 plane
643 3652 824 3716 nobis
874 3654 1203 3730 convenit,
1252 3658 1318 3719 et
1363 3652 1468 3719 vel
1510 3655 1577 3717 in
1617 3652 1973 3719 multorum
2013 3652 2300 3720 locorum
2341 3676 2556 3720 emen-

150 3754 403 3823 datione
466 3759 863 3823 concinimus
878 3779 895 3836 ;
965 3758 1186 3824 eadem
1246 3758 1491 3825 scilicet
1536 3760 1643 3823 via
1689 3759 1956 3845 profecti
2003 3758 2224 3825 eodem
2269 3763 2555 3846 perveni-

150 3882 329 3947 mus,
394 3870 699 3928 neutrum
764 3866 971 3952 igitur
1034 3885 1071 3930 a
1136 3870 1306 3933 recto
1373 3867 1636 3930 tramite
1681 3866 2002 3930 aberrasse
2047 3866 2232 3930 nobis
2278 3868 2552 3933 invicem

151 3974 314 4035 certe
336 4016 352 4045 ‚
421 3968 687 4035 fortasse
752 3970 949 4036 etiam
1014 3970 1161 4037 aliis
1179 4021 1196 4055 ,
1260 3970 1447 4037 facile
1494 3971 1925 4056 probabimus.
1977 3970 2294 4039 Indicatos
2340 3980 2553 4038 autem

152 4074 316 4158 apud
364 4073 755 4141 Mem-adum
804 4078 1023 4143 inveni
1068 4077 1241 4142 locos
1287 4076 1567 4162 aliquot,
1618 4098 1774 4163 quos
1821 4098 1943 4164 ego
1987 4078 2397 4167 neglexeram
2418 4128 2432 4156 ,
2489 4083 2555 4144 et

151 4180 261 4244 risi
322 4201 475 4245 cum
536 4202 615 4246 ex
681 4181 1084 4249 adnotatione
1130 4204 1281 4271 pag.
1334 4182 1460 4248 101
1495 4181 1547 4269 1)
1596 4182 2027 4271 intelligerem
2052 4232 2070 4265 ,
2119 4187 2187 4249 in
2235 4185 2441 4251 forma
2485 4181 2556 4251 εὖ

220 4420 269 4483 1>
322 4422 465 4488 Quod
511 4422 561 4471 in
608 4420 777 4471 eadem
825 4419 1129 4470 adnotatione
1180 4418 1345 4470 scribit
1379 4420 1614 4479 Meni-ad,
1649 4436 1725 4469 me
1767 4437 1833 4471 ,ω
1867 4421 1966 4475 257
2005 4422 2097 4470 τεῦ
2132 4437 2160 4471 ο
2190 4436 2354 4471 vernus
2387 4420 2528 4472 initio
2543 4460 2556 4485 ,
