3150 5000
1246 255 1677 305 rnucrnmm.
2519 235 2647 303 421

262 419 510 486 Tacent
571 421 946 506 interpretes
962 471 979 504 ,
1044 419 1153 487 sed
1213 421 1379 486 mihi
1440 419 1698 506 quidem
1750 419 2006 487 difficile
2052 421 2268 486 visum
2324 425 2421 488 est
2465 421 2653 488 intel-

257 525 506 614 ligere,
554 548 666 592 cur
710 527 1129 592 Athenienses
1175 527 1394 593 Nicias
1440 531 1615 592 vetet
1664 523 2013 600 ἐξωθεῖσθαι
2055 527 2115 596 ἐς
2156 529 2264 602 τὴν
2303 535 2446 606 γῆν,
2484 527 2652 614 quod

254 639 407 698 tum
480 637 625 720 apte
685 633 931 698 dictum
991 640 1191 718 esset,
1253 633 1311 700 si
1372 634 1491 699 hoc
1554 635 1769 719 ipsum
1833 635 1902 698 in
1966 633 2182 700 navali
2228 655 2446 722 pugna
2491 633 2651 700 olim

254 760 453 824 saepe
497 740 788 804 fecissent
834 738 1121 825 illudque
1168 738 1512 806 artificium
1561 739 1870 806 Phormio
1918 739 2112 806 aliive
2152 741 2343 806 duces
2382 739 2653 828 diligen-

254 851 355 910 ter
404 845 785 912 docuissent.
834 843 960 911 Sed
1004 867 1119 912 nec
1165 867 1333 911 nunc
1383 867 1583 931 neque
1633 845 1788 913 olim
1843 846 2159 912 debebant
2205 845 2547 922 ἐξωθεῖσθαι
2590 846 2650 920 ἐς

255 953 367 1026 τὴν
437 961 583 1036 γῆν,
652 972 812 1037 quae
867 973 967 1018 res
1012 974 1259 1038 semper
1306 957 1369 1018 et
1414 954 1650 1038 ubique
1697 954 2052 1037 perniciem
2109 953 2300 1018 affert.
2376 952 2510 1019 Iam
2561 953 2654 1018 di-

254 1063 445 1124 xerat
505 1059 723 1124 Nicias
778 1079 1050 1144 quanam
1098 1061 1167 1124 in
1213 1080 1280 1124 re
1328 1058 1612 1125 deserere
1663 1058 1858 1124 vellet
1903 1061 1972 1125 in
2016 1081 2267 1148 pugna,
2314 1081 2473 1150 quae
2519 1062 2651 1126 iam

256 1167 580 1250 instabat,
654 1185 793 1230 eam
866 1168 1178 1232 rationem
1240 1187 1364 1251 qua
1423 1167 1840 1232 Athenienses
1907 1167 2234 1251 hucusque
2294 1165 2650 1252 plurimum

254 1271 650 1338 valuissent:
700 1273 771 1337 τὸ
817 1274 967 1349 μήτ’
1017 1273 1239 1346 αὐτοὺς
1294 1273 1934 1353 άνακρούεσθαι“μῆτ’
1983 1273 2238 1346 ἐκείνους
2283 1274 2390 1338 ε’ὂὶν
2431 1274 2653 1352 ὠφέλι-

256 1403 379 1456 μον
417 1377 743 1458 Φαίνεται.
793 1377 866 1444 Si
902 1377 1255 1467 legeretur:
1294 1379 1398 1443 καὶ
1440 1381 1527 1457 μὴ
1570 1379 2008 1474 άνακρούεσθαι
2053 1401 2270 1447 eorum
2312 1381 2650 1446 verborum

258 1485 399 1551 loco
467 1505 626 1571 quae
688 1506 812 1551 non
877 1485 1310 1574 intelligimus
1329 1533 1344 1564 ‚
1392 1485 1553 1550 nihil
1608 1493 1929 1572 praeterea
1976 1489 2458 1572 requireremus.
2531 1485 2682 1551 Sed·

256 1591 695 1677 poterimusne
762 1591 881 1657 hoc
944 1593 1157 1676 ipsum
1217 1591 1346 1657 levi
1409 1594 1766 1658 mutatione
1828 1590 2154 1658 obtinere?
2211 1593 2346 1670 Ita,
2396 1595 2650 1677 opinor:

258 1695 334 1762 ὦν
406 1698 531 1778 χρη
602 1696 1025 1779 μεμνημένους
1102 1697 1533 1779 διαμάχεσθαι
1595 1693 1726 1762 ὅσον
1785 1695 1861 1761 ἂν
1925 1698 2170 1772 δύνησθε
2235 1699 2340 1763 κα)
2403 1699 2493 1775 μη
2555 1700 2648 1770 ὥς

258 1803 614 1889 εἴθισθε,
662 1803 839 1868 ἄλλα
888 1802 1319 1880 ξυμπεσούσης
1370 1806 1497 1869 κτὲ.
1552 1813 2034 1870 ΩΣΕῙΘΙΣΘΕ
2082 1808 2364 1892 primum
2407 1805 2651 1871 factum

260 1916 357 1978 est
434 1919 1011 1976 ΩΣΕΙΘΕΙΣΘΛΙ
1076 1917 1139 1977 et
1197 1921 1770 1989 ΕΞΩΘΕῙΣΘΑΙ,
1838 1910 2063 1977 deinde
2123 1917 2196 1978 ut
2255 1913 2374 1978 hoc
2435 1917 2650 1977 tamen

260 2017 511 2102 aliquid
552 2015 973 2105 significaret,
1013 2019 1402 2104 adscriptum
1440 2019 1565 2084 fuit
1607 2019 1666 2089 ἐς
1703 2019 1916 2091 αὐτήν.
1968 2017 2272 2084 Extrema
2317 2019 2511 2084 huius
2551 2039 2651 2083 ca-

260 2127 417 2210 pitis
460 2126 654 2190 verba
696 2129 880 2190 sunt:
928 2127 1073 2200 μετ’
1119 2127 1435 2198 ἀσθενείας
1481 2127 1586 2190 καὶ
1629 2125 1946 2208 ξυμφορῶν
1989 2127 2021 2199 ἦ
2067 2123 2335 2203 ὑμετέρα
2376 2124 2645 2200 ε’πιςῆμη

265 2230 559 2311 κρείσσων
609 2229 735 2298 ἕςὶν
782 2229 992 2310 ἑτέρας
1040 2223 1422 2313 εὐτυχούσης
1468 2232 1760 2316 ῥώμης,
1811 2230 1920 2296 sed
1969 2230 2160 2318 longe
2205 2231 2486 2317 praefero
2533 2230 2649 2311 ῥύ-

263 2361 366 2414 μη
388 2363 441 2410 ς.
520 2336 635 2402 Est
678 2335 837 2418 ῥύμη
890 2358 1079 2424 quam
1128 2337 1276 2404 Itali
1323 2341 1447 2404 nisi
1494 2337 1681 2405 fallor
1725 2337 1912 2403 hodie
1948 2338 2190 2423 furiam
2237 2337 2578 2422 appellant.

357 2556 519 2643 Cap.
570 2556 677 2625 69.
726 2557 945 2625 Nicias
990 2558 1369 2624 describitur
1410 2561 1477 2623 in
1526 2560 1957 2626 cohortatione
1996 2560 2075 2625 ad
2116 2558 2388 2637 milites,
2430 2558 2652 2637 πατρί-

266 2664 359 2737 δος
412 2690 487 2729 τε
536 2674 646 2741 τῆς
698 2665 1179 2746 ἐλευθερωτάτης
1231 2666 1702 2743 ὑπομιμνήσκων
1755 2665 1858 2731 καὶ
1909 2674 2018 2739 τῆς
2069 2669 2127 2731 ἕν
2169 2669 2328 2749 αὐτῇ
2379 2667 2652 2731 α’νεπι-

267 2770 591 2837 τάκτου
652 2774 841 2837 πᾶσιν
908 2773 967 2844 ἐς
1030 2774 1138 2847 τὴν
1204 2771 1446 2837 δίαιταν
1495 2770 1792 2848 ἐξουσίας.
1841 2772 2086 2838 Verum
2138 2773 2247 2837 ubi
2292 2780 2388 2839 est
2436 2774 2651 2837 άνεπί-

268 2902 500 2950 τακτος
552 2878 831 2957 ἐξουσία,
874 2878 968 2943 ibi
1007 2877 1269 2944 licentia
1306 2881 1518 2964 potius
1557 2884 1656 2943 est
1696 2898 1888 2964 quam
1926 2878 2192 2943 libertas
2231 2886 2295 2944 et
2331 2878 2653 2967 eleganter

269 2986 587 3073 corrigere
630 2987 904 3070 poteris:
954 2984 1597 3050 αὐτεπιτάκτου
1643 3006 1844 3070 neque
1890 2986 2056 3051 nihil
2095 2992 2189 3051 est
2226 2986 2346 3051 hoc
2384 2987 2654 3051 vocabu·

267 3088 405 3157 lum
476 3112 512 3157 a
573 3091 773 3157 Dione
836 3090 1053 3158 Cassio
1117 3094 1411 3177 usurpari
1476 3090 1828 3159 LXXVIII.
1881 3089 1990 3158 39.
2037 3088 2190 3177 Cap.
2242 3090 2320 3157 ¹71
2388 3096 2653 3177 uterque

270 3200 564 3263 terrester
613 3199 923 3263 exercitus
971 3198 1037 3263 in
1087 3197 1276 3265 litore
1313 3201 1638 3283 expositus
1678 3197 1934 3262 πολὺν
1975 3197 2076 3261 τὸν
2118 3199 2338 3276 ἀγῶνα
2365 3237 2446 3246 -
2475 3195 2650 3278 εἶχε,

272 3304 375 3369 sed
424 3302 812 3369 Plutarchus
860 3304 937 3369 de
986 3302 1166 3370 Glor.
1215 3305 1445 3370 Athen.
1490 3302 1644 3389 618,
1686 3306 1795 3389 qui
1834 3305 2004 3369 hunc
2037 3304 2246 3369 locum
2289 3304 2652 3390 descripsit,

274 3406 371 3475 ἄλ
392 3434 586 3477 αις-ον
636 3410 855 3489 ἀγῶνα
905 3409 1270 3497 appellavit.
1318 3408 1628 3485 Quaerere
1675 3413 1853 3495 coepi
1893 3409 2046 3495 quid
2082 3410 2344 3476 fortasse
2385 3409 2648 3497 lateret,

270 3536 417 3580 nam
483 3536 669 3581 nemo
731 3521 897 3581 certe
943 3516 1157 3581 credet
1202 3514 1439 3585 ἄλαςον
1486 3516 1712 3581 debere
1758 3517 2008 3601 probari
2057 3521 2120 3581 et
2168 3515 2440 3581 dixerim
2485 3537 2654 3582 nunc

272 3619 435 3688 ἄπλ
460 3646 637 3687 ετον
686 3624 903 3700 ἀγῶνα
953 3643 989 3688 a
1035 3621 1377 3688 Plutarcho
1423 3624 1620 3687 fuisse
1667 3622 1908 3686 dictum
1958 3642 2152 3707 eaque
2198 3621 2388 3687 lectio
2422 3624 2655 3708 poterit

274 3726 533 3795 fortasse
592 3729 715 3813 ipsi
780 3728 1141 3815 Thucydidi
1203 3728 1449 3794 utiliter
1498 3728 1714 3804 reddi3
1761 3728 1924 3816 nihil
1971 3734 2186 3793 tamen
2233 3727 2460 3795 definio
2481 3777 2496 3807 ,
2547 3730 2654 3795 sed

276 3830 393 3900 Dio
456 3832 711 3900 Cassius
759 3834 1142 3900 vocabulum
1195 3836 1563 3921 saepissime
1609 3836 1960 3919 usurpavit.
2015 3831 2166 3919 Cap.
2218 3832 2303 3900 ¹73
2354 3836 2655 3901 describit

277 3934 701 4023 Syracusanos
766 3942 889 4006 άπὸ
954 3942 1323 4021 ναυμαχίας
1372 3939 1666 4018 μεγάλης
1715 3940 2499 4019 άναπεπαυμένους·
2548 3943 2654 4008 hic

276 4042 601 4111 adnotavit
640 4044 1104 4113 Herwerdenus
1146 4068 1213 4112 se
1258 4052 1650 4132 exspectasse
1689 4045 2190 4125 ἀναπαυομένους
2212 4094 2228 4126 ,
2271 4048 2374 4114 sed
2394 4098 2412 4133 ,
2448 4049 2650 4127 cred0,

277 4153 683 4237 participium
734 4151 1073 4219 delendum
1124 4158 1260 4219 est:
1312 4154 1449 4225 τοὺς
1503 4152 1554 4216 δ’
1603 4148 1938 4232 ἀνθρώπους
1987 4150 2123 4232 ἄρτι
2172 4152 2472 4230 ἀσμένους
2526 4153 2652 4218 ἀπὸ

280 4259 636 4340 ναυμαχίας
709 4284 778 4323 τε
854 4257 1145 4338 μεγάλης
1205 4259 1308 4324 καὶ
1378 4256 1517 4337 ἅμα
1583 4260 1780 4341 ἑορτῆς
1833 4258 2021 4333 οὔσης
2073 4296 2153 4309 -
2204 4263 2268 4325 οὖ
2338 4260 2527 4325 δοκεῖν
2577 4258 2653 4325 ἂν

283 4362 483 4443 ῥᾳδίως
534 4366 818 4443 ἐθελῆσαι
874 4364 1255 4430 ὑπακοῦσαι·
1308 4366 1413 4431 hic
1465 4370 1787 4451 praeterea
1832 4365 1997 4431 nihil
2044 4367 2339 4453 requiro.-
