3150 5000
525 209 658 277 208
1207 179 1214 192 ’
1544 229 1879 280 Lucanus.

525 415 718 481 quam
781 395 1069 459 triticum
1077 393 1115 471 ’,
1179 397 1300 474 ait,
1365 391 1443 460 ‘si
1492 397 1560 460 in
1607 396 1886 462 diversos
1931 415 2192 484 sparges
2236 413 2423 486 agros
2442 441 2459 474 ,
2504 392 2891 475 ἀναφύσεται

525 549 540 566 .
729 500 1029 581 διαφόρως
1085 501 1245 567 καθ’
1311 499 1673 575 ἑκάστους
1736 501 2049 580 τόπους,
2111 499 2263 568 οὕτω
2328 501 2392 566 δὲ
2440 500 2543 566 καὶ
2592 501 2678 566 τά
2724 501 2892 575 νοσή-

523 630 710 684 ματα
780 608 988 686 παρὰ
1055 607 1231 678 τοὺς
1302 606 1919 688 ὑποδεξαμένους
1994 607 2339 696 [τόπους]
2404 607 2439 682 ἢ
2502 607 2735 688 εὔφορα
2789 605 2891 670 καὶ

523 712 797 792 εὔτροφα
860 713 894 790 ἢ
962 711 1203 780 ἐλάττω
1253 715 1566 794 γίγνεται.
1617 713 2000 801 Scripserat:
2048 717 2259 795 παρὰ
2305 713 2485 787 τοὺς
2538 711 2895 790 ὖποδεξα·

519 819 821 898 μένους,
884 821 928 885 i.
954 839 1009 887 e.
1069 841 1181 905 pro
1238 823 1545 907 cuiusque
1600 827 1829 887 natura
1875 827 1941 887 et
1986 827 2158 888 statu
2206 823 2482 908 corporis
2528 825 2593 886 et
2640 819 2891 894 habitu3

517 927 686 1014 quod
748 929 816 992 in
877 929 1260 1014 praegressis
1320 928 1694 1002 σωμάτων
1752 926 2033 1010 φύσεις
2096 928 2221 993 καὶ
2282 928 2595 1008 κράσεις
2643 926 2895 992 dicitur.

518 1034 834 1120 Lepidum
895 1039 1086 1119 caput
1104 1080 1120 1112 ,
1186 1035 1298 1119 qui
1355 1034 1634 1107 τόπους
1682 1033 2108 1121 supplendum
2154 1055 2291 1101 esse
2332 1021 2589 1120 'putavit
2609 1029 2663 1097 11
2712 1031 2896 1096 Prae-

517 1146 690 1207 terea
737 1161 847 1227 pro
891 1142 951 1206 ἐν
1000 1138 1142 1223 ὄρει
1192 1140 1298 1206 καὶ
1349 1140 1609 1222 ὑπολίθῳ
1657 1142 1847 1224 γηδίῳ
1896 1161 1973 1206 ex
2020 1139 2285 1208 Timone
2332 1137 2405 1208 G.
2458 1138 2537 1205 31
2594 1139 2895 1206 rescribe:

517 1249 579 1312 ἐν
626 1247 888 1329 ὀρεινῷ.

611 1351 766 1439 Cap.
815 1352 920 1420 28.
975 1351 1454 1439 Supplendum:
1505 1353 1929 1435 εὐαλωτότερα
1978 1357 2083 1420 καὶ
2132 1361 2275 1428 ταῖς
2318 1351 2503 1424 νόσοις
2542 1351 2897 1438 (μᾶλλον)

519 1443 867 1537 ἐκκείμενα.

610 1563 765 1652 Cap.
814 1563 922 1630 29.
989 1566 1092 1631 καὶ
1156 1565 1314 1640 τίνος
1362 1568 1723 1640 πλείονος
1773 1567 2054 1650 μετέχει.
2104 1565 2409 1634 Mendose
2452 1585 2566 1651 pro
2612 1573 2899 1632 πλεῖον.

609 1673 898 1738 Phalaris
940 1672 1137 1737 Prior.
1191 1670 1345 1759 Gap.
1395 1671 1458 1739 2.
1509 1673 2027 1751 ἐπιβουλεύοντας
2077 1673 2182 1738 καὶ
2228 1671 2306 1750 ἐξ
2340 1668 2677 1743 ἅπαντος
2718 1667 2897 1758 [τρό·

520 1780 692 1864 που]
762 1780 1002 1844 ἀνελεῖν
1065 1803 1148 1856 με
1212 1778 1566 1861 ζητοῦντας.
1632 1777 1898 1848 Collatis
1960 1777 2114 1866 Cap.
2168 1778 2230 1866 ’7,
2280 1780 2393 1845 ubi
2438 1779 2660 1845 eadem
2708 1777 2901 1844 verbe

517 1891 878 1952 recurrunt:
951 1883 1028 1962 ἐξ
1097 1882 1444 1958 ἅπαντος
1515 1887 1821 1953 ἀνελεῖν
1892 1887 2216 1952 σπεύδουσι
2287 1897 2353 1952 et
2421 1882 2575 1971 Gap.
2642 1885 2764 1952 11:
2824 1881 2897 1958 ἐξ

519 1988 866 2062 ἅπαντος
936 1990 1218 2072 κολάζειν
1287 1993 1707 2078 ἐπιθυμοῦντι,
1778 1998 1947 2060 certe
2016 1993 2326 2078 suspicari
2389 1991 2541 2058 licet
2606 1991 2897 2071 τρόπου

517 2116 639 2162 non
707 2096 815 2175 ab,
847 2099 984 2182 ipso
1047 2107 1301 2164 auctore
1361 2119 1495 2164 esse
1555 2099 1870 2164 additum.
1910 2097 1996 2164 Et
2041 2102 2139 2164 est
2182 2098 2336 2164 haec
2381 2096 2621 2163 locutio
2667 2097 2899 2163 Nostro

517 2201 984 2287 perfamiliaris.
1033 2203 1108 2268 In
1155 2202 1278 2269 fine
1315 2205 1544 2289 capitis
1582 2205 1775 2271 verba
1801 2205 1947 2271 inde
1971 2205 2049 2272 ab
2091 2202 2285 2282 ἦσαν
2323 2225 2523 2290 usque
2547 2203 2627 2269 ad
2666 2204 2813 2270 ἀνά
2825 2227 2899 2282 y-

518 2334 555 2374 κ
575 2335 651 2383 ην
698 2313 763 2372 im
796 2310 1146 2392 parenthesi
1189 2315 1340 2376 sunt
1387 2309 1769 2377 collocanda.

609 2412 763 2501 Cap.
813 2415 876 2480 3.
937 2416 1110 2488 εὐθὺς
1168 2420 1317 2495 γοῦν
1363 2425 1486 2490 τοῖς
1536 2417 1650 2494 μὲν
1696 2418 1932 2502 ἐχθροῖς
1980 2417 2320 2494 ἐσπείσμην
2366 2415 2471 2481 καὶ
2518 2415 2897 2494 συμβούλοις

520 2522 626 2587 καὶ
694 2522 1020 2592 συνεστίοις·
1087 2523 1372 2603 ἐχρώμην
1432 2530 1559 2596 τοῖς
1608 2526 2000 2597 πλείστοις
2050 2524 2271 2590 αὐτῶν.
2322 2521 2448 2590 Pro
2492 2522 2895 2594 πλείστοις

516 2630 729 2715 potius
791 2626 1046 2713 aliquod
1106 2629 1374 2695 verbum
1432 2633 1895 2716 expectaveris,
1946 2651 2069 2716 quo
2118 2630 2275 2695 ratio
2322 2630 2597 2694 redditur
2642 2649 2758 2695 cur
2798 2628 2899 2693 his

503 2735 878 2820 potissimum
929 2756 1084 2820 prae
1129 2736 1342 2801 ceteris
1387 2734 1725 2803 confideret
1770 2743 2081 2824 tyrannus
2126 2742 2192 2801 et
2238 2735 2709 2802 convictoribus
2755 2741 2897 2801 ute-

516 2848 690 2908 retur
755 2848 866 2907 aut
935 2844 1004 2907 in
1063 2841 1402 2908 consilium
1462 2842 1851 2911 admitteret.
1914 2844 2203 2911 Fortasse
2250 2842 2685 2909 scribendum:
2736 2849 2895 2914 τοῖς

515 2947 1032 3023 πιστοτάτοις
1097 2951 1316 3015 αὐτῶν.
1383 2948 1551 3017 Nota
1613 2971 1712 3017 res
1758 2957 1854 3017 est
1898 2951 2169 3022 πιστός
2216 2955 2282 3017 et
2328 2956 2703 3022 πλεῖστος
2752 2969 2895 3035 pas·

513 3058 636 3124 sim
686 3056 1004 3123 confundi.

607 3162 766 3229 Ibid.
835 3162 1070 3227 ὑδάτων
1126 3185 1196 3228 τε
1260 3160 1703 3246 ἐπιρροίαις.
1752 3162 1951 3231 Nulla
1996 3168 2255 3237 notatur
2301 3164 2649 3249 scripturae
2698 3166 2895 3230 varie-

515 3274 646 3347 tas3
697 3271 762 3334 in
810 3266 1080 3335 Timone
1124 3274 1341 3336 contra
1386 3266 1566 3357 (Gap.
1611 3268 1723 3357 18)
1762 3291 1981 3337 omnes
2019 3270 2204 3337 libri:
2253 3270 2623 3351 ἐπιρροήν,
2678 3270 2897 3337 nullus

515 3374 918 3456 ἐπίρροιαν.
967 3374 1124 3441 Mox
1169 3396 1246 3441 ex
1291 3374 1352 3441 Y
1389 3376 1857 3463 recipiendum:
1908 3376 2405 3457 περιβολαῖς,
2456 3376 2625 3462 quod
2662 3374 2897 3443 melius

513 3482 846 3567 respondet
877 3482 1260 3566 pluralibus:
1311 3484 1729 3563 ἐπιρροίαις
1778 3488 1844 3549 et
1888 3481 2447 3549 ἀναστάσεσιν.

603 3583 758 3673 Cap.
821 3588 883 3653 4.
948 3590 1055 3666 ἤδη
1103 3588 1168 3653 δὲ
1215 3588 1319 3654 καὶ
1369 3588 1501 3669 περὶ
1554 3594 1659 3655 τοῦ
1707 3592 1964 3672 ἀφεῖναι
2013 3591 2121 3666 τὴν
2169 3591 2370 3672 ἀρχὴν
2422 3638 2439 3655 .
2469 3638 2483 3654 .
2511 3635 2526 3653 .
2556 3636 2570 3653 .
2600 3588 2893 3654 ἐσκοπού-

512 3717 670 3772 μην,
729 3690 924 3768 όπως
970 3693 1196 3772 μόνον
1242 3696 1550 3777 ἀσφαλῶς
1592 3696 1894 3763 παύσαιτ’
1940 3696 2018 3761 ἄν
2068 3720 2161 3769 τις
2214 3698 2497 3761 ἐννοῶν.
2547 3692 2893 3761 Manifesto

512 3802 630 3869 hoc
679 3801 864 3867 dicit:
932 3822 998 3868 se
1060 3804 1192 3868 iam
1241 3801 1318 3869 de
1355 3822 1551 3890 reg-no
1592 3802 1939 3869 abdicando
1980 3804 2259 3891 cogitare
2280 3849 2296 3881 ,
2338 3801 2448 3867 sed
2486 3802 2649 3867 hanc
2690 3799 2891 3867 solam

511 3907 966 3997 cogitationem
1024 3928 1089 3973 se
1135 3910 1502 3975 etiamnunc
1551 3911 1785 3975 morari
1822 3908 2149 3994 ,quomodo
2195 3909 2261 3974 id
2307 3913 2448 3974 tuto
2496 3907 2702 3973 facere
2746 3926 2891 3993 pos-

511 4020 614 4083 sit.
689 4013 1115 4095 Quamobrem
1187 4014 1593 4080 scribendum
1657 4015 1963 4082 arbitror:
2027 4013 2123 4094 μό
2140 4039 2257 4080 νον
2321 4010 2521 4087 ὅπως
2582 4014 2888 4095 ἀσφαλῶς

511 4120 815 4189 παύσαιτ’
863 4117 938 4185 ἄν
985 4144 1078 4192 τις
1127 4118 1158 4184 ἔ
1173 4122 1230 4183 τ’
1279 4120 1550 4186 ἐννοῶν.
1598 4118 1695 4187 Of.
1745 4141 1907 4207 quae
1954 4141 2105 4187 mox
2150 4119 2489 4208 leguntur:
2537 4120 2694 4185 τὸδ’
2730 4116 2885 4192 ὅπως

509 4228 731 4305 μηκέτι
780 4228 1069 4301 τοιαύτης
1121 4228 1448 4306 θεραπείας
1499 4225 1783 4303 δεήσεται
1834 4230 1867 4302 ἡ
1910 4226 2121 4305 πόλις,
2172 4229 2371 4293 τοῦτ’
2407 4224 2716 4307 ἐζήτουν
2756 4226 2885 4293 ἔτι.

509 4336 664 4403 Post
684 4356 884 4423 pauca
907 4334 1176 4420 corrige:
1200 4332 1785 4399 διασπάσεσθαι
1814 4337 2096 4410 ἠπείλουν
2119 4355 2234 4423 pro
2259 4335 2556 4400 διασπά
2576 4358 2672 4399 σα
2693 4334 2883 4399 σθαι.
