3150 5000
1210 274 1639 329 mmmm.
1858 352 1867 361 .
2486 253 2615 323 13¹7

333 439 753 508 Vehementer
813 442 1014 508 miror
1058 431 1296 527 quidni
1323 440 1791 509 Herwerdenus
1838 462 1891 507 c.
1942 438 2065 506 58:
2126 440 2431 519 ἐτιμῶμεν
2478 442 2619 505 κατ’

247 545 374 619 ἔτος
436 544 654 619 ἕκατον
714 548 1121 628 ἐσθήμασί
1167 572 1237 614 τε
1286 550 1389 613 καὶ
1438 556 1561 621 τοῖς
1615 546 1829 621 ἄλλοις
1880 548 2155 624 νομίμοις
2178 597 2195 624 ,
2245 547 2426 614 edere
2476 568 2619 613 ma-

243 652 432 719 luerit
477 656 718 733 ἕναγί
733 679 988 733 σμασι
1040 676 1230 741 quam
1280 653 1567 733 θύμασι,
1617 676 1818 741 neque
1868 660 1940 720 ut
1988 637 2429 721 commendem
2479 655 2617 719 ἕνα·

241 760 514 839 γίσμασι
562 767 943 851 argumenta
989 762 1284 841 afferam,
1335 743 1748 848 quae’amico
1794 782 1938 828 meo
1985 781 2109 827 non
2150 764 2363 850 magis
2401 763 2623 849 ignota

241 874 417 948 sunt,
468 889 659 955 quam
711 869 874 934 mihi
920 869 1046 955 ipsi
1093 875 1275 949 sunt,
1325 869 1434 935 sed
1473 891 1586 935 cur
1624 870 1881 935 tandem
1920 872 2181 935 recessit
2220 871 2299 935 ab
2336 869 2421 934 iis
2460 887 2624 954 quae

163 1061 168 1069 .
241 974 398 1040 olim
446 977 780 1061 scripserat
826 975 1050 1041 Mum.
1098 974 1233 1041 XII
1281 972 1411 1040 82?
1459 972 1704 1041 Deinde
1749 977 1785 1061 ξ
1833 951 1905 1040 3ἶ
1951 976 2035 1056 τῷ
2085 976 2444 1057 αἲσχίςῳ
2492 974 2624 1040 ὃλέ-

243 1082 348 1161 ope
417 1090 825 1158 τελευτῆσαι,
901 1082 1157 1149 coniicit
1223 1080 1723 1147 Herwerdenus:
1780 1082 2075 1161 ’ἀλγίς-ῳ,
2144 1080 2253 1147 sed
2326 1080 2622 1166 equidem

239 1188 588 1273 praeferam
649 1188 975 1269 οἱκτίςῳ
1035 1194 1292 1273 propter
1357 1187 1583 1276 Odyss.
1649 1186 1787 1253 XII
1850 1186 2002 1252 342.
2071 1185 2370 1254 Ceterum
2417 1192 2623 1266 recte,

240 1297 494 1380 opinor,
561 1300 950 1381 expunctum
1010 1294 1137 1360 fuit
1184 1296 1345 1375 λιμῷ
1364 1342 1380 1369 ,
1430 1294 1599 1379 quod
1646 1290 2186 1380 interpretationis
2232 1314 2419 1360 causa
2466 1292 2623 1359 olim

236 1401 470 1467 sciolus
527 1402 895 1487 adscripsit,
961 1401 1071 1467 sed
1117 1408 1214 1467 est
1260 1421 1482 1487 operae
1530 1404 1811 1487 pretinm
1860 1401 2076 1467 videre
2126 1421 2320 1489 quam
2368 1405 2626 1468 vetusta

235 1529 308 1573 ea
375 1510 816 1595 interpretatio
885 1510 970 1573 sit
989 1556 1004 1585 ‚
1080 1530 1226 1574 cum
1299 1530 1377 1574 ex
1434 1508 1554 1573 hoc
1616 1507 2013 1595 Thucydidis
2076 1507 2213 1574 loco
2277 1507 2624 1595 Dionysius

235 1613 450 1682 Halic.
525 1618 742 1701 Antiq.
808 1614 899 1681 VI
961 1613 1049 1680 86
1109 1616 1528 1681 derivaverit:
1587 1618 1693 1681 οὐκ
1741 1614 1817 1681 ἂν
1867 1618 1950 1693 τῷ
1987 1618 2220 1697 nanis-q>
2266 1622 2383 1681 τῶν
2429 1613 2625 1697 μόρων

237 1722 576 1797 ἀναλωθείη
625 1723 808 1803 λιμῷ.
1596 1725 1601 1733 ’

325 1873 481 1963 Gap.
549 1872 635 1940 62
696 1875 982 1942 Thebani
1042 1878 1137 1941 ita
1195 1874 1576 1961 loquuntur:
1647 1873 1980 1956 σκέψασθε
2040 1876 2091 1940 εἰ
2156 1873 2509 1956 μαχόμενοι
2562 1876 2624 1940 ἐν

239 1985 534 2066 Κορωνείᾳ
595 1985 1087 2062 ἠλευθερώσαμεν
1151 1984 1262 2057 τὴν
1309 1983 1629 2059 Βοιωτίαν,
1680 1982 1789 2049 sed
1834 1982 2207 2070 infringitur
2251 1981 2445 2048 huius
2492 2003 2626 2048 sen-

235 2093 474 2155 tentiae
521 2091 656 2175 vis,
707 2089 959 2156 addito:
1009 2089 1141 2155 καὶ
1194 2089 1686 2163 νικήσαντες
1737 2088 2057 2162 αὐτούς.
2108 2086 2625 2176 Οοῃῦταξοιοὶᾶίίτ

235 2194 478 2283 aliquid
539 2198 608 2261 in
671 2203 958 2262 extremo
1017 2198 1224 2282 capite
1272 2194 1394 2261 63:
1459 2196 1733 2262 καίτοι
1781 2200 1899 2268 τοὶς
1949 2196 2161 2273 ὁμοίας
2209 2195 2483 2278 χάριτας
2534 2199 2621 2273 μὴ

233 2301 704 2368 ἀνταποδιδόναι
767 2302 1026 2384 αἰσχρὸν
1087 2306 1334 2379 μᾶλλον
1401 2302 1434 2377 ἢ
1483 2303 1604 2376 τὰς
1650 2303 1822 2380 μετὰ
1869 2300 2248 2379 δικαιοσύνης
2297 2303 2409 2379 μὲν
2459 2305 2625 2384 ὤφε-

235 2410 526 2482 andsto-aq
551 2458 568 2487 ,
636 2413 698 2481 ἐς
737 2409 980 2475 ἀδικίαν
1026 2410 1078 2474 δ’
1125 2409 1592 2485 ἀποδιδομένας.
1641 2409 1898 2498 Longae
1946 2415 2095 2475 sunt
2140 2410 2426 2475 virorum
2474 2408 2622 2477 doo-

234 2523 448 2582 torum
497 2517 577 2582 de
624 2518 742 2583 hoc
789 2517 1086 2603 perplexo
1123 2517 1262 2584 loco
1302 2516 1799 2602 disputationes,
1838 2538 1986 2582 cum
2026 2515 2400 2604 intelligent
2436 2515 2625 2602 plane

233 2626 623 2690 contrarium
668 2623 794 2689 dici
842 2625 1130 2689 debuisse
1152 2671 1168 2701 ‚
1215 2644 1330 2689 nec
1377 2631 1592 2688 tamen
1632 2623 1908 2689 audeant
1948 2621 2375 2689 Scholiastam
2420 2624 2621 2708 sequi,

231 2733 338 2816 qui
401 2732 566 2796 serio
630 2730 847 2796 docet:
914 2731 1117 2795 λείπει
1195 2732 1229 2805 ἦ
1292 2729 1395 2794 οὔ.
1459 2729 1708 2814 Nempe
1758 2727 2181 2814 supplendum
2230 2735 2360 2794 est:
2417 2729 2618 2793 καίτοι

231 2839 362 2923 (τί)
411 2875 498 2887 -
545 2835 802 2918 αἰσχρὸν
868 2840 1132 2914 μᾶλλον.
1195 2835 1281 2901 Et
1343 2855 1534 2902 causa
1582 2839 1809 2901 erroris
1855 2841 2116 2921 apparet
2163 2842 2227 2901 et
2273 2837 2491 2903 omnia
2526 2835 2620 2901 sic

230 2950 446 3029 aperta
493 2941 678 3009 fiunt.

320 3096 475 3184 Gap.
539 3097 665 3163 III.
730 3096 815 3163 66
887 3096 1030 3164 leve
1098 3101 1195 3163 est
1253 3097 1512 3183 quidem
1575 3116 1909 3183 reponere:
1974 3097 2399 3162 κάνταῦθα
2457 3103 2618 3178 τρεῖς

233 3203 475 3278 ἀδικίας
547 3205 610 3269 ἐν
680 3203 869 3286 ὀλίγῳ
936 3201 1286 3286 πράξαντες
1350 3223 1462 3291 pro
1525 3202 1657 3268 καὶ
1722 3207 2034 3282 ταῦτα,
2081 3203 2188 3269 sed
2236 3201 2382 3288 plus
2427 3201 2619 3268 refert

232 3308 436 3376 delere
497 3309 733 3376 ultima
792 3311 986 3376 huius
1050 3313 1278 3397 capitis
1339 3310 1562 3395 verba,
1624 3330 1785 3395 quae
1832 3310 2225 3398 ineleganter
2271 3309 2617 3375 abundant.

237 3415 556 3495 Ἀξιοῦτε,
621 3419 956 3502 inquiunt,
1019 3420 1108 3494 μὴ
1172 3416 1514 3482 ἀντιδοῦναι
1577 3416 1781 3491 δίκην·
1847 3416 1990 3495 οὔκ,
2055 3417 2122 3491 ἥν
2189 3439 2270 3494 γε
2323 3411 2483 3482 οὗτοι
2530 3416 2618 3481 τὰ

233 3521 367 3602 ὀρθὰ
430 3525 838 3602 γιγνώσκωσι.
888 3522 957 3590 Si
1004 3526 1146 3609 quis
1193 3524 1356 3590 forte
1400 3524 1597 3590 huius
1642 3513 2185 3609 breviloquentiae
2230 3522 2360 3588 alia
2404 3523 2617 3609 requi-

233 3639 328 3696 ret
373 3631 696 3717 exempla,
744 3633 1120 3716 interpretes
1167 3631 1342 3696 edire
1381 3632 1651 3716 poterit;
1680 3631 1807 3716 ‘qui
1844 3649 1984 3696 eam
2026 3628 2413 3716 elegantiam
2450 3630 2619 3696 inter

232 3734 573 3825 legendum
635 3737 1015 3803 iamdudum
1079 3738 1530 3814 observarunt,
1588 3736 1865 3802 libenter
1920 3735 2088 3801 mihi
2136 3735 2377 3801 dabunt
2422 3737 2619 3832 inter-

233 3843 442 3928 polata
485 3865 622 3911 esse
668 3845 896 3912 verba:
946 3841 1195 3909 πάντων
1240 3844 1293 3909 δ’
1335 3844 1534 3909 αὐτῶν
1575 3841 1755 3908 ἕνεκα
1797 3843 2267 3918 κολασθήσεσθε.
2315 3839 2618 3928 Sequenti

234 3951 465 4036 capite:
535 3952 641 4017 οὐκ
702 3949 1121 4016 ἀνταποδό
1138 3975 1321 4024 ντες
1385 3955 1483 4014 νῦν
1530 3949 1641 4024 τὴν
1686 3947 1819 4024 ἴσην
1866 3949 2196 4029 τιμωρίαν,
2246 3947 2612 4015 Dobraeum

234 4062 483 4124 secutus
543 4055 1006 4124 Herwerdenus
1067 4056 1145 4121 ἂν
1207 4057 1479 4123 inseruit
1539 4057 1651 4122 sed
1713 4055 2039 4142 aliquanto
2080 4051 2336 4121 facilius
2380 4055 2616 4142 corrigi

235 4167 497 4247 poterit:
561 4166 667 4231 οὔκ
727 4165 822 4231 ἂν
882 4163 1350 4237 ἀποδόντες.
1415 4163 1488 4229 In
1550 4169 1837 4230 extremo
1898 4164 2132 4248 capite:
2195 4159 2371 4239 λόγοι
2440 4160 2612 4226 ἔπεσι

239 4272 632 4348 κοσμηθέντες
681 4272 1358 4352 προκαλύμματα
1399 4271 1768 4349 γίγνονται,
1817 4269 2099 4357 praefero
2147 4267 2443 4354 equidem
2489 4268 2615 4333 sin-

238 4376 519 4462 gularem
565 4400 910 4448 numerum
955 4376 1541 4462 προκά>.υμμα.

2353 4497 2419 4548 10
