3150 5000
1071 308 1346 359 rnums
1390 306 1727 359 sosarnus.
2454 286 2577 357 371

309 474 661 541 Plurimum
705 476 1024 543 leotitavit
1070 474 1110 541 J
1111 476 1383 563 osephus
1433 474 1763 541 Strabonis
1802 474 2100 542 historias
2117 520 2133 553 ‚
2174 494 2365 559 quem
2401 492 2587 559 saepe
2680 487 2689 496 '

235 580 458 658 laudat,
503 602 686 665 saepe
731 583 926 649 etiam
977 580 1180 649 celato
1225 584 1482 677 nomine
1530 582 1865 659 describit;
1916 581 2023 647 sed
2064 588 2373 667 quantum
2416 600 2583 646 oom-

231 690 378 772 peri,
425 689 504 753 de
549 687 854 767 Strabone
899 689 966 753 id
1012 690 1291 754 nondum
1343 690 1751 778 observatum
1800 688 1955 771 fuit,
1992 688 2159 773 quod
2206 708 2372 752 nuno
2417 685 2587 751 nude

229 800 282 858 et
321 794 964 883 simpliciter-ponam
987 844 1004 873 ,
1054 802 1127 861 ut
1174 796 1286 861 alii
1337 802 1552 881 postea
1597 794 1955 861 cuiusmodi
1998 795 2069 860 id
2110 797 2232 878 sit,
2282 796 2362 859 ab
2410 796 2587 859 omni

227 907 382 985 parte
427 900 768 967 illustrent.
842 900 1070 967 Strabo
1117 904 1186 967 in
1232 900 1538 967 Historiis
1586 903 1720 967 suis
1768 901 2197 966 intermissam
2236 920 2273 965 a
2314 898 2586 986 Polybio

227 1006 400 1073 telam
448 1016 865 1085 resumserat,
917 1008 1082 1095 quod
1127 1008 1368 1073 indicat
1413 1011 1550 1093 ipso
1595 1010 1663 1072 in
1713 1005 1948 1095 Geogr.
1996 1007 2099 1072 XI
2143 1028 2207 1093 p.
2256 1004 2425 1090 515,
2472 1006 2588 1070 ubi
2644 1002 2649 1017 ¹

224 1111 421 1179 laudat
482 1116 590 1189 ‘tim
633 1113 814 1188 ἕκτην
860 1122 979 1179 τῶν
1027 1121 1320 1194 Ἱςορικῶν
1371 1114 1831 1193 ὑπομνημάτων
1876 1112 2140 1198 βίβλον,
2190 1113 2473 1192 δευτέραν
2522 1110 2587 1176 δὲ

223 1226 322 1283 τῶν
365 1221 536 1297 μετὰ
582 1220 910 1301 Πολύβιον.
991 1220 1164 1297 Quid
1208 1224 1448 1287 mirum
1469 1270 1486 1305 ,
1537 1223 1594 1286 si
1638 1224 1707 1285 in
1754 1241 1827 1285 eo
1874 1240 2059 1305 opere
2105 1219 2333 1285 Strabo
2379 1238 2587 1303 presse

223 1332 457 1393 secutus
519 1334 616 1393 est
663 1314 912 1393 dicendi
958 1346 1162 1415 genus
1182 1374 1198 1407 ‚
1249 1348 1373 1413 quo
1413 1330 1623 1393 utitur
1670 1329 1938 1411 scriptor
1982 1324 2587 1415 Megalopolitanus.

219 1429 374 1497 Haeo
434 1440 650 1499 autem
714 1434 998 1500 imitatio
1066 1436 1262 1500 etiam
1325 1434 1514 1501 hodie
1579 1433 1747 1519 apud
1805 1432 1845 1498 J
1848 1432 2153 1519 osephum
2214 1433 2386 1501 haud
2448 1450 2588 1497 raro

219 1538 498 1623 pellucet.
570 1540 789 1606 Veluti
849 1545 994 1627 quis
1042 1542 1333 1607 dubitare
1383 1544 1619 1627 poterit
1666 1540 1981 1605 undenam
2033 1540 2262 1605 habeat
2304 1539 2374 1603 id
2420 1536 2589 1622 quod

219 1656 410 1713 narrat
456 1645 679 1733 Antiq.
735 1646 840 1712 13.
894 1647 996 1712 12.
1039 1646 1103 1713 2.
1154 1647 1410 1713 Bellum
1459 1654 1593 1713 erat
1642 1654 1935 1713 exortum
1982 1640 2148 1711 inte‘r
2198 1643 2586 1709 Antiochum

218 1756 589 1844 φιλομήτορα
637 1759 702 1819 et
747 1754 1136 1821 Antiochum
1186 1752 1597 1842 Cyzicenum.
1667 1752 1981 1832 Ἑκάτεροι
2029 1753 2092 1818 δὲ
2137 1752 2209 1817 τὸ
2258 1750 2411 1816 αὐτὸ
2459 1756 2585 1823 τοῖς

187 1860 503 1935 ἀθληταῖς
553 1853 872 1941 ἔπασχον,
922 1853 974 1927 οἳ
1021 1871 1098 1943 τῇ
1147 1860 1402 1939 δυνάμει
1441 1862 1557 1937 μὲν
1600 1858 2127 1939 ἀπηγορευκότες,
2156 1856 2587 1940 αἰσχυνόμενοι

219 1964 270 2030 δὲ
325 1975 778 2049 παραχωρῆσαι
843 1967 1176 2045 διετέλουν,
1248 1968 1443 2052 άργίᾳ
1493 1968 1597 2032 κα)
1646 1966 2001 2032 ἀναπαύσει
2049 1964 2437 2045 διαφέροντες
2486 1965 2589 2029 τὸν

216 2074 436 2150 ἀγῶνα.
513 2074 636 2140 Illa
690 2095 937 2161 quoque
983 2073 1244 2161 Polybii
1289 2078 1719 2158 imitatorem,
1764 2074 1884 2139 hoo
1932 2077 2029 2138 est
2073 2070 2449 2137 Strabonem
2496 2090 2591 2135 sa-

217 2182 420 2264 piunt,
473 2202 640 2267 quae
686 2181 966 2270 leg-imus
1013 2182 1235 2267 Antiq.
1289 2180 1396 2245 14.
1455 2186 1510 2246 1.
1567 2182 1645 2258 1,
1696 2182 1810 2267 qui
1848 2179 2024 2245 locus
2059 2178 2411 2264 impeditus
2452 2178 2591 2262 qui-

217 2284 344 2351 dem
397 2294 536 2373 est,
583 2288 693 2353 sed
749 2294 1008 2374 apparet
1053 2287 1404 2374 Josephum·
1452 2289 1638 2352 unice
1684 2286 1877 2351 fuisse
1924 2284 2271 2351 sollicitum
2322 2289 2396 2348 ut
2440 2303 2592 2349 vera

219 2394 516 2459 traderet:
587 2396 834 2459 πάντων
898 2394 962 2460 δὲ
1010 2398 1255 2471 μᾶλλον
1301 2402 1410 2469 τῆς
1463 2393 1791 2473 ἀκριβείας
1844 2392 1984 2463 τοὺς
2033 2398 2435 2471 συγγραφεῖς
2486 2412 2589 2457 ςο-

214 2501 510 2582 χάζεσθαι
575 2501 672 2567 δεῖ
734 2502 835 2567 καὶ
905 2507 1010 2568 τοῦ
1076 2503 1158 2568 τὰ
1223 2503 1420 2577 άληθῆ
1486 2502 1695 2579 λέγειν
1750 2510 1879 2574 τοῖς
1930 2500 2061 2580 περὶ
2111 2492 2187 2564 ὧν
2234 2501 2341 2564 οὐκ
2386 2496 2589 2562 ἴσασιν

217 2607 372 2672 αὐτοὶ
443 2607 712 2676 πιστεύειν
775 2609 982 2680 αὐτοῖς
1050 2607 1404 2686 μέλλουσιν.
1475 2606 1600 2673 Sed
1663 2613 1795 2673 tota
1842 2606 2275 2694 paragraphus
2320 2603 2591 2691 legenda

215 2721 314 2778 est.
373 2714 525 2802 Ipse
572 2713 885 2802 Polybius
933 2735 1056 2780 non
1103 2714 1300 2780 semel
1347 2714 1647 2781 laudatur
1694 2715 2169 2798 Antiquitatum
2212 2711 2589 2777 duodecimo

213 2817 378 2886 libro.
451 2820 668 2888 Etiam
733 2821 794 2887 N
798 2820 1036 2887 ioolaus
1097 2821 1527 2887 Damas-oenus
1586 2822 1655 2885 in
1719 2820 2003 2885 historiis
2063 2817 2370 2884 Strabone
2436 2836 2591 2881 usus
2665 2871 2673 2878 .

217 2931 332 3012 est,
378 2928 528 2994 vide
577 2931 726 2994 Ant.
781 2927 884 2993 13.
941 2925 1048 2994 12.
1096 2926 1157 2992 6.

290 3140 505 3226 Antiq.
562 3138 665 3204 13.
721 3139 827 3205 12.
879 3140 954 3205 5:
1005 3137 1217 3219 θάρσος
1265 3140 1328 3206 δὲ
1373 3141 1587 3213 αὐτοῖς
1638 3140 1744 3205 οὐκ
1785 3139 1994 3217 ὀλίγον
2038 3136 2627 3226 ἕποίησεν,1εθςο’

214 3243 656 3320 ἐνεποίησεν.
731 3249 948 3334 Antiq.
1017 3245 1120 3313 13.
1197 3246 1296 3312 12.
1362 3246 1402 3311 6
1483 3245 1890 3312 Ptolemaeus
1950 3245 2273 3312 Lathurus
2340 3244 2590 3310 invadit

211 3346 474 3418 Judaeae
537 3354 749 3430 vince,
815 3374 972 3438 qnos
1032 3359 1335 3432 γυναικῶν
1382 3353 1561 3433 εὑρὼν
1608 3351 1833 3431 μεςοὺς
1880 3353 1984 3417 καὶ
2035 3351 2257 3426 νηπίων
2304 3351 2586 3416 ἐκέλευσε

211 3459 335 3528 τοὺς
383 3459 773 3537 ςρατιώτας,
831 3458 1366 3540 ἀποσφάττοντας
1413 3460 1639 3532 αὐτοὺς
1689 3459 1794 3525 καὶ
1845 3463 2313 3538 κρεουργοῦντας
2366 3455 2588 3522 ἔπειτα

213 3563 286 3634 εἷς
333 3563 614 3641 λέβητας
665 3564 1226 3647 ζέοντας-,ἐνιέντας
1275 3567 1360 3630 τοὶ
1408 3565 1572 3643 με’λη
1623 3565 2137 3644 ἀπάρχεσθαι.
2192 3561 2473 3629 Stultam
2500 3563 2589 3629 fa-

211 3668 416 3736 bulam
469 3693 543 3737 ex
593 3670 902 3737 Strabone
937 3671 1242 3738 Nicolaus
1280 3672 1504 3750 habet,
1541 3693 1620 3736 ex
1652 3670 1913 3737 Nicolao
1944 3669 2275 3755 Josephus.
2324 3669 2587 3734 Addunt

212 3778 396 3840 etiam
446 3799 698 3845 causam
721 3827 739 3862 ,
797 3799 910 3843 our
954 3799 1066 3844 rex
1111 3779 1232 3844 hoo
1278 3780 1584 3844 saevitiae
1630 3776 1995 3863 exemplum
2045 3774 2340 3840 ediderit:
2388 3771 2488 3839 ἵνα
2536 3777 2587 3840 οἱ

214 3879 616 3961 διαφυγόντες
667 3885 735 3950 ἐκ
785 3891 894 3958 τῆς
945 3883 1168 3966 μάχης
1199 3921 1282 3934 --
1315 3884 1755 3964 σαρκοφάγους
1806 3881 2201 3960 ὑπολάβωσιν
2246 3877 2399 3945 εἶναι
2448 3881 2587 3955 τοὺς

211 3990 551 4065 πολεμίους.
624 3989 748 4056 Sed
811 3991 965 4076 quid
1025 3991 1284 4058 tandem
1333 3997 1432 4057 est
1479 3986 1928 4072 άπάρχεσθαιῖ
1988 3988 2305 4074 Equidem
2352 3987 2591 4054 intelli-

214 4113 358 4179 gam
405 4096 952 4178 ἀπέρχεσθαι.

297 4305 664 4396 Cleopatra,
708 4315 782 4376 nt
831 4319 930 4378 est
975 4311 1192 4396 Antiq.
1250 4309 1352 4376 13.
1412 4309 1516 4377 13.
1569 4314 1605 4378 1
1630 4359 1649 4394 ,
1696 4307 1904 4376 filium
1954 4308 2237 4390 περιιδεῖν
2281 4310 2387 4374 οὐκ
2433 4308 2589 4388 ἔγνω

222 4448 294 4463 -
338 4419 738 4484 ποθοῦντα
802 4421 912 4494 τὴν
959 4419 1077 4482 τῶν
1127 4417 1488 4497 Αἰγυπτίων
1535 4417 1735 4499 άρχην
1781 4415 1969 4499 μείζω
2020 4417 2365 4496 γενόμενον.
2432 4413 2587 4482 Sine
