3150 5000
1195 315 1456 368 osssms
1499 316 1631 366 1³10.
2475 295 2609 365 32⁷7

251 481 476 548 saeculi
537 483 664 550 fere
724 482 1070 548 undecimi.
1155 480 1426 567 Singula
1485 480 1641 548 folia
1689 501 1908 548 versus
1958 484 2228 547 tricenos
2277 486 2618 567 quaternos

249 592 574 654 continent.
643 589 906 654 Litteris
964 588 1344 656 minusculis
1400 591 1655 676 mag-nis
1702 595 1767 654 et
1815 587 2265 675 pulcherrimis
2311 591 2621 674 perscrip-

249 700 344 760 tus
399 699 496 760 est
555 695 634 760 ab
686 715 815 761 una
859 715 1090 773 manu,
1140 715 1302 779 quae
1347 693 1533 782 siglis
1590 696 1719 761 fere
1764 713 1890 760 non
1939 715 2055 760 usa
2098 698 2230 778 est,
2276 696 2403 759 nisi
2450 693 2620 781 quod

245 821 350 887 pro
406 800 513 866 καὶ
575 821 760 888 saepe
823 804 1076 887 scripsit
1123 803 1260 869 sive
1320 825 1386 912 ιιε
1429 801 1564 866 sive
1615 787 1643 865 ὲ
1698 803 1762 866 et
1806 800 1877 864 in
1922 820 2229 866 versuum
2276 798 2399 865 fine
2438 800 2616 866 litte-

243 943 372 988 ram
419 947 450 986 ν
496 921 668 989 haud
715 943 856 988 raro
899 921 1134 989 lineola
1177 921 1448 988 ultimae
1494 920 1748 987 litterae
1798 913 2225 1008 superscripta
2286 923 2618 1007 expressit.

244 1027 567 1095 Praeterea
623 1052 720 1101 -ος
784 1035 850 1095 et
909 1053 1020 1101 -ως
1082 1049 1534 1115 nonnunquam
1598 1030 1693 1094 ita
1752 1035 2009 1094 exarata
2069 1019 2486 1094 inveniuntur
2543 1034 2621 1093 ut

242 1135 610 1219 praecedens
654 1160 694 1199 σ
739 1135 1026 1202 litteram
1073 1160 1101 1201 ο
1152 1142 1450 1221 tanquam
1501 1134 1793 1202 involvat
1833 1135 1886 1221 (ο
1938 1137 2009 1220 (ω
2030 1183 2045 1208 ,
2108 1135 2219 1200 sed
2258 1135 2321 1200 id
2370 1155 2619 1221 quoque

242 1243 300 1304 in
343 1241 602 1307 ultimis
637 1246 889 1308 tantum
939 1243 1257 1320 versibus;
1310 1243 1443 1308 iota
1466 1291 1482 1318 ‚
1527 1241 1693 1328 quod
1736 1241 1970 1307 dicitur
1998 1242 2431 1328 subscriptum
2453 1290 2469 1320 ‚
2493 1263 2619 1307 non

243 1347 550 1435 neglexit,
617 1348 728 1414 sed
768 1337 852 1414 'ut
895 1370 1011 1435 par
1055 1354 1191 1425 est,
1238 1349 1446 1416 vocali
1497 1348 1857 1434 adscripsit.
1930 1347 2164 1414 Lineae
2212 1347 2362 1414 stilo
2409 1369 2617 1414 mem-

244 1453 462 1520 branae
507 1456 854 1540 impressae
903 1475 1190 1520 summas
1235 1453 1484 1520 litteras
1530 1456 1883 1541 attingunt.
1950 1451 2283 1520 Orationes
2323 1463 2388 1519 et
2428 1454 2618 1521 collo-

241 1561 380 1644 quia
441 1563 696 1646 appicto
758 1565 904 1628 ante
965 1559 1253 1650 singulos
1316 1582 1536 1627 versus
1595 1563 1780 1648 signo
1825 1571 1889 1639 >
1938 1560 2460 1648 distinguuntur;
2506 1563 2621 1627 ubi

244 1665 356 1733 duo
419 1665 871 1752 colloquuntur
927 1667 1032 1734 vel
1081 1668 1350 1733 duorum
1402 1667 1911 1733 adversariorum
1963 1668 2290 1732 conciones
2336 1689 2401 1733 se
2446 1667 2619 1735 invi-

243 1793 370 1838 cem
427 1774 758 1858 excipiunt
817 1773 1180 1858 posterioris
1240 1773 1452 1839 verbis
1517 1771 1752 1858 duplex
1818 1774 2079 1859 signum
2139 1775 2203 1843 >
2224 1775 2287 1844 >
2338 1774 2615 1839 additur.

242 1875 656 1944 Tenuioribus
701 1877 937 1944 litteris
981 1877 1343 1944 uncialibus
1389 1884 1699 1943 corrector
1745 1881 2043 1963 antiquus
2090 1883 2155 1943 et
2201 1881 2269 1943 in
2320 1882 2619 1967 margini-

241 1983 350 2050 bus
415 1989 484 2050 et
543 1986 713 2049 inter
769 1984 972 2050 lineas
1018 1984 1224 2049 multa
1267 1985 1502 2050 vitiosa
1549 1986 1856 2060 correxit,
1906 2003 2067 2068 quae
2113 1983 2283 2049 male
2332 1985 2617 2050 abunda-

243 2095 372 2157 rent
413 2091 706 2169 induxit,
753 2090 1037 2176 explevit
1084 2111 1244 2176 quae
1291 2091 1611 2165 deessent,
1657 2092 2033 2174 plerumque
2082 2093 2249 2155 recte
2276 2088 2353 2176 1).
2400 2091 2497 2156 Ex
2544 2111 2617 2157 eo

244 2203 450 2264 autem
513 2197 683 2284 quod
743 2218 928 2282 saepe
987 2196 1247 2262 lectioni
1293 2196 1671 2281 depravatae
1717 2195 1984 2260 alteram
2036 2195 2384 2261 substituat
2430 2197 2619 2262 vitio·

246 2323 366 2369 sam
409 2303 673 2389 quidem
695 2351 712 2386 ,
763 2302 872 2368 sed
927 2323 1004 2368 ex
1051 2323 1176 2388 qua
1220 2304 1498 2389 genuina
1545 2303 1869 2385 scriptoris
1915 2301 2109 2367 verba
2154 2304 2293 2366 erui
2337 2305 2614 2387 possint,

246 2410 553 2495 addetque
615 2406 928 2475 vocabula
991 2428 1152 2493 quae
1198 2408 1275 2473 de
1321 2427 1434 2472 suo
1482 2406 1777 2494 supplere
1821 2427 1945 2472 non
1991 2410 2305 2493 potuerit,
2358 2414 2619 2494 apparet

247 2537 383 2583 eum
445 2516 554 2583 vel
614 2516 816 2583 alium
863 2516 1147 2581 codicem
1193 2513 1298 2581 vel
1344 2514 1607 2580 fortasse
1652 2534 1803 2579 eum
1848 2514 2062 2599 ipsum
2111 2516 2220 2599 qui
2268 2515 2619 2601 descriptus

250 2630 370 2689 erat
411 2626 484 2689 in
529 2622 901 2711 corrigendo
945 2622 1327 2688 adhibuisse.
1398 2620 1583 2701 Quod
1630 2626 1704 2685 ut
1750 2622 2009 2706 probem
2058 2640 2262 2706 pauca
2306 2622 2617 2708 quaedam

251 2730 528 2817 exempla
593 2731 808 2796 afferre
870 2730 1035 2794 mihi
1094 2727 1300 2795 liceat.
1395 2725 1464 2791 L.
1534 2726 1656 2805 45,
1722 2725 1799 2805 6,
1865 2726 1907 2790 4
1968 2728 2079 2803 τήν
2126 2728 2465 2808 πανήγυριν
2509 2732 2619 2806 τὴν

253 2837 341 2901 ἐπὶ
379 2846 456 2919 τῇ
503 2839 612 2901 τοῦ
661 2834 1045 2918 Ἀφροδισίου
1093 2836 1400 2911 ἑκποιήσει
1451 2832 1977 2914 καταδειχθεῖσαν
2029 2872 2113 2883 -
2163 2836 2351 2909 αὐτὸς
2404 2835 2619 2923 (Octa-

249 2944 486 3029 vianus)
552 2942 654 3007 ἐπὶ
718 2951 794 3023 τῇ
856 2946 966 3009 τοῦ
1031 2942 1294 3015 πλήθους
1359 2941 1652 3024 θεραπείᾳ
1712 2941 1787 3011 ὦς
1854 2940 1958 3004 καὶ
2022 2941 2325 3021 προσήκοι)
2389 2942 2489 3007 διὰ
2547 2943 2618 3008 τὸ

253 3046 411 3123 γένος
456 3055 585 3120 τοῖς
632 3048 862 3119 οἰκείοις
903 3046 1110 3113 τέλεσι
1150 3046 1419 3125 διέθηκε,
1458 3048 1757 3127 προσήκου
1795 3046 1967 3130 quod
2002 3047 2340 3115 manifesto
2380 3047 2618 3114 falsum

255 3161 340 3220 est
379 3162 550 3221 recte
594 3158 660 3220 iu
709 3156 1126 3236 προσήκουσαν
1172 3154 1476 3219 mutavit.
1526 3152 1669 3217 Lib.
1722 3150 1846 3231 49,
1892 3150 1974 3216 31
2001 3202 2017 3229 ‚
2064 3152 2097 3216 1
2137 3174 2289 3219 cum
2312 3155 2379 3219 in
2404 3156 2619 3221 codice

253 3254 546 3349 scriptum
609 3264 960 3328 invenisset
1021 3260 1333 3330 Ἀντώνιος
1395 3258 1456 3323 δὲ
1523 3258 1637 3322 ὑπὸ
1703 3258 1819 3335 μὲν
1878 3264 1997 3323 τῶν
2054 3258 2364 3335 πολεμίων
2417 3261 2615 3326 οὐκέτ’

255 3368 403 3433 οὐδὲν
463 3366 646 3433 δεινὸν
700 3365 964 3445 ἔπαθεν,
1013 3367 1127 3431 ὑπὸ
1177 3367 1239 3431 δὲ
1289 3364 1358 3441 δή
1406 3369 1514 3429 τοῦ
1551 3364 1811 3444 ψύχους
1862 3364 2061 3438 δεινῶς
2112 3367 2618 3447 ἕταλοιιπώρησε,

254 3493 391 3540 voce
450 3474 686 3558 δεινῶς,
750 3474 916 3560 quod
983 3495 1059 3539 ex
1105 3472 1506 3559 praecedenti
1552 3470 1739 3537 δεινὸν
1785 3479 2012 3536 natum
2063 3478 2193 3551 est,
2244 3473 2506 3540 inducta
2549 3476 2619 3540 in

255 3584 528 3667 margine
592 3582 854 3661 ἰσχυρῶς
915 3580 1285 3666 adscripsit.
1335 3578 1503 3663 quod
1553 3585 1618 3643 et
1668 3598 1818 3643 cum
1866 3578 2087 3643 Dionis
2129 3576 2431 3663 loquendi
2476 3600 2619 3647 con-

257 3686 572 3752 suetudine
634 3686 930 3752 convenit
993 3694 1057 3752 et
1104 3706 1141 3750 a
1191 3684 1484 3750 Mediceo
1553 3692 1609 3747 A
1658 3684 1981 3769 probatur.
2052 3683 2279 3750 Eidem
2353 3684 2621 3753 debetur

261 3788 368 3869 55,
433 3792 590 3868 102,
653 3790 696 3857 9
761 3790 980 3866 ὁλκάδι
1042 3811 1155 3877 pro
1215 3789 1476 3867 ὄλκοὶσι,
1538 3810 1595 3855 c.
1654 3788 1769 3866 18,
1824 3789 1865 3855 6
1915 3792 2457 3865 ὥτοικουστοῢντοις
2507 3813 2621 3877 pro

259 3897 670 3975 ὦτακουστοὶς,
727 3897 851 3982 56,
903 3897 1009 3983 17,
1059 3899 1093 3964 1
1147 3896 1371 3975 ἀψῖδες
1421 3916 1534 3982 pro
1590 3895 1893 3980 ἀσπίδες,
1941 3894 2087 3963 alia.
2154 3895 2229 3962 L.
2273 3896 2392 3976 49,
2447 3896 2526 3976 8,
2576 3898 2621 3964 4

259 4003 506 4071 inseruit
551 4028 648 4085 τι,
696 4004 864 4091 quod
909 4009 1053 4091 post
1104 4004 1240 4084 πρὶν
1293 4005 1716 4084 νεοχμωθῆναι
1762 4001 1933 4068 male
1984 4003 2202 4069 aberat
2248 4009 2313 4069 et
2362 4002 2485 4079 54,
2542 4006 2611 4091 1,

323 4286 370 4349 1)
415 4288 574 4337 Multo
625 4288 734 4353 post
774 4285 898 4335 alius
941 4282 1096 4335 nescio
1139 4283 1246 4348 quis
1290 4284 1454 4333 eodem
1488 4282 1771 4333 correctoris
1807 4298 2005 4332 munere
2038 4282 2231 4333 functus
2263 4286 2361 4344 cst,
2395 4285 2477 4333 sed
2510 4284 2623 4335 huic

267 4380 332 4415 ru
372 4370 488 4419 male
521 4369 764 4420 succutit:
803 4383 924 4433 quae
955 4366 1162 4416 tentavit
1195 4370 1280 4416 aut
1312 4367 1448 4432 parvi
1483 4364 1716 4415 momenti
1750 4368 1861 4415 sunt
1894 4368 1979 4415 aut
2014 4365 2219 4415 ulterius
2252 4372 2493 4432 corrupta.
2544 4368 2623 4416 Sic

271 4448 324 4497 sd
356 4452 438 4511 55,
469 4452 527 4513 1,
561 4452 594 4501 8
629 4452 720 4501 ποῖ
745 4448 876 4507 δῆτα
903 4444 1122 4512 ἐπείγει,
1148 4448 1336 4511 Apeva-s
1365 4447 1632 4510 ἀκόρεστε,
1658 4448 1711 4497 in
1740 4447 1957 4513 margine
1974 4446 2245 4500 adnotavit:
2264 4463 2342 4510 γρ.
2362 4445 2612 4513 βαδίζειςῐ
