3150 5000
559 261 691 326 250
1594 279 1929 328 Ammmvs

555 451 634 511 ut
698 447 765 511 in
838 447 1040 512 terrae
1103 446 1387 511 motibus
1451 443 1590 512 fieri
1649 445 1850 523 solet,
1912 448 2193 532 erupisse
2212 493 2229 519 .
2258 453 2263 460 ’
2293 448 2641 513 surrexisse
2692 466 2729 511 e
2780 449 2935 510 terra

555 553 882 619 contendo.
945 552 1173 638 Itaque
1234 571 1388 618 uera
1433 555 1556 617 erit
1601 552 1791 618 lectio
1846 551 2417 638 „pullulantes
2464 551 2799 638 abrupte.’'
2845 549 2937 618 Cf.

553 657 766 724 XXII.
833 657 896 722 4.
960 658 1033 723 4:
1107 659 1437 738 „fluxioris
1507 661 1681 724 uitae
1748 660 1935 726 initia
1995 659 2473 744 pullularunt”;
2540 659 2693 724 XX.
2754 658 2817 722 5.
2866 657 2933 736 53

557 766 814 845 „hostes
860 766 1195 850 abruptius
1243 765 1683 832 inundantes.”

647 981 708 1050 ¹7.
762 979 864 1047 10.
941 979 1056 1059 „In
1115 977 1457 1044 ritualibus
1520 982 1587 1043 et
1650 977 1989 1064 pontificiis
2060 999 2097 1045 ο
2115 980 2154 1045 b
2174 1001 2250 1045 se
2268 1002 2300 1045 r
2316 999 2363 1044 u
2382 999 2419 1044 a
2435 985 2520 1044 tu
2536 1001 2569 1044 r
2630 981 2728 1044 ob
2744 985 2939 1044 tem-

551 1109 592 1174 p
611 1107 804 1154 eran
822 1089 888 1152 ti
909 1087 1060 1151 bus
1120 1085 1484 1150 sacerdotiis
1529 1089 1773 1150 caute
1820 1106 1898 1150 ne
1944 1085 2071 1150 alio
2117 1085 2233 1150 deo
2280 1105 2393 1170 pro
2440 1085 2571 1151 alio
2612 1086 2941 1149 nominato

523 1241 528 1248 -
547 1240 568 1260 .
597 1243 613 1258 .
643 1242 660 1259 .
687 1241 706 1257 .
751 1189 1006 1278 piacula
1048 1188 1603 1256 committantur.”

639 1299 746 1366 Ad
784 1299 998 1365 locum
1038 1298 1209 1362 hunc
1257 1297 1661 1382 desperatum
1701 1297 2053 1362 sanandum
2094 1297 2375 1363 remedio
2402 1297 2618 1383 paullo
2644 1299 2941 1384 grauiore

549 1427 708 1492 opus
756 1425 890 1470 esse
937 1404 1208 1469 uidetur.
1281 1402 1436 1468 Post
1485 1402 1915 1480 „ritualibus”
1966 1403 2275 1468 excidisse
2311 1401 2433 1470 lib
2449 1424 2482 1467 r
2499 1403 2523 1468 i
2538 1425 2570 1467 s
2606 1406 2737 1468 iam
2787 1401 2939 1468 olim

549 1511 903 1598 Wagnerus
971 1508 1310 1574 intellexit.
1383 1508 1462 1572 In
1521 1507 1688 1573 libro
1751 1507 1897 1574 vat.
1948 1507 2192 1596 legitur
2238 1529 2275 1573 ο
2294 1509 2333 1572 b
2352 1513 2381 1572 t
2398 1530 2431 1574 e
2450 1529 2517 1572 m
2535 1530 2577 1594 p
2594 1529 2629 1573 e
2646 1531 2678 1573 r
2692 1529 2791 1574 an
2808 1515 2839 1573 t
2855 1530 2895 1573 u
2913 1529 2941 1571 r

551 1615 1368 1701 obtemperantibus,
1435 1636 1514 1680 ex
1575 1615 1809 1701 quibus
1857 1613 2057 1680 efficio
2104 1615 2807 1700 interpretandis
2854 1615 2941 1680 ab

520 1726 1080 1808 ›interpretau
1100 1725 1171 1786 ti
1193 1721 1230 1786 b
1249 1742 1290 1786 u
1309 1743 1356 1784 s.
1445 1719 1569 1786 Pro
1640 1728 1881 1786 caute
1954 1742 2100 1786 cum
2164 1723 2465 1786 Accursio
2532 1721 2941 1786 scribendum

549 1833 673 1896 erit
718 1849 750 1894 c
769 1849 804 1894 a
820 1850 865 1893 u
881 1849 915 1893 e
932 1836 1015 1893 tu
1033 1850 1082 1892 r.
1133 1826 1419 1893 Habebis
1465 1829 1673 1914 igitur
1720 1830 1824 1904 „in
1875 1826 2217 1891 ritualibus
2264 1825 2329 1891 li
2350 1827 2389 1892 b
2407 1830 2477 1892 ri
2499 1849 2529 1891 s
2576 1833 2643 1892 et
2686 1825 2943 1912 pontifi-

549 1938 668 2001 ciis
749 1933 1426 2019 interpretandis
1506 1934 1603 1998 ab
1697 1935 2025 2019 interpr
2046 1940 2230 1999 etan
2251 1934 2485 2000 tibus
2574 1931 2946 2000 sacerdotiis

550 2050 894 2109 cauetur
940 2040 1062 2106 ne”
1115 2045 1262 2105 cett.

633 2246 702 2314 7.
769 2245 874 2310 11.
949 2243 1309 2322 „Accidunt
1381 2248 1585 2308 terrae
1654 2242 1909 2328 pulsus,
1979 2248 2054 2308 ut
2125 2244 2535 2330 Anaxagoras
2605 2239 2940 2322 adfirmat,

547 2359 885 2420 uentorum
947 2353 1018 2417 ui
1075 2351 1485 2416 subeuntium
1549 2351 1683 2414 ima
1746 2357 2094 2415 terrarum:
2145 2351 2256 2435 qui
2309 2369 2456 2414 cum
2505 2347 2943 2414 soliditatibus

545 2459 961 2527 concrustatis
1010 2455 1370 2523 inciderunt
1389 2504 1405 2535 ,
1453 2459 1815 2541 eruptiones
1860 2455 2071 2523 nullas
2115 2457 2531 2541 reperientes,
2582 2475 2689 2521 eas
2728 2461 2943 2541 partes

545 2567 665 2634 soli
733 2567 1138 2641 conuibrant‚
1207 2584 1364 2648 quas
1421 2564 1875 2649 subrepserunt
1944 2563 2253 2628 umidi.
2277 2564 2438 2628 und
2458 2584 2493 2629 e
2560 2562 2943 2649 plerumque

546 2669 950 2739 obseruatuff’
1000 2673 1148 2735 cett.

633 2777 990 2845 Delendum
1063 2786 1159 2841 est
1227 2796 1354 2839 um
1375 2774 1530 2857 idi,
1617 2774 1784 2860 quod
1855 2778 2031 2840 omni
2102 2795 2288 2840 sensu
2360 2774 2751 2843 destitutum
2830 2782 2941 2841 est.

543 2884 774 2952 Ortum
836 2888 932 2948 est
992 2902 1104 2966 per
1149 2880 1655 2967 dittographiam
1702 2902 1777 2945 ex
1826 2901 1953 2965 seq.
2001 2880 2229 2945 unde.
2278 2878 2351 2943 In
2401 2878 2545 2946 Vat.
2592 2884 2943 2947 recentiore

542 3012 741 3057 manu
787 2990 1178 3072 adscriptum
1229 3007 1365 3051 esse
1413 2984 1687 3051 affirmat
1733 2986 2191 3072 Eyssenhardt.

633 3193 698 3259 8.
751 3196 807 3256 1.
861 3189 1040 3267 „Nec
1081 3190 1254 3253 enim
1303 3187 1521 3275 egredi
1559 3192 1807 3271 poterat
1850 3194 2191 3271 antequam
2232 3209 2312 3253 ex
2352 3189 2699 3272 Aquitania
2738 3194 2942 3255 aesta·

543 3304 627 3365 tis
674 3297 1180 3364 remissione
1215 3293 1442 3358 solutis
1481 3294 1826 3380 frigoribus
1867 3302 1931 3357 et
1970 3296 2215 3378 pruinis
2256 3294 2598 3359 ueheretur
2634 3292 2941 3361 annona.”

631 3402 828 3470 Nullo
874 3400 1064 3467 modo
1111 3400 1262 3465 ferri
1309 3404 1520 3485 potest
1566 3402 1771 3463 remi
1804 3401 2113 3465 ssione.
2161 3399 2306 3465 Non
2348 3402 2521 3465 enim
2566 3408 2803 3473 aestas,
2834 3400 2939 3467 sed

538 3511 747 3578 hiems
817 3506 1263 3574 remittebatur
1325 3511 1391 3570 et
1453 3504 1660 3591 frigus
1720 3507 1764 3568 i.
1792 3525 1847 3569 e.
1911 3504 2317 3571 relaxabatur
2384 3515 2448 3570 et
2494 3508 2941 3593 mitigabatur.

540 3616 959 3682 Scribendum
1011 3618 1107 3677 est
1151 3610 1477 3676 reuersi
1498 3629 1645 3675 one
1664 3656 1681 3687 ‚
1732 3609 1899 3694 quod
1951 3632 2181 3676 nomen
2230 3613 2309 3679 de
2350 3614 2503 3676 anni
2544 3612 2940 3698 temporibus

538 3730 604 3790 et
649 3718 1197 3786 uicissitudinibus
1236 3716 1641 3781 mutantibus
1677 3715 1983 3782 sollemne
2025 3723 2141 3782 est.
2209 3715 2323 3787 Cf..
2347 3717 2540 3803 Apul.
2585 3718 2663 3783 de
2702 3717 2938 3805 Dogm.

537 3828 705 3894 Plat.
760 3826 816 3890 l.
870 3824 990 3890 10:
1043 3824 1471 3901 „reuersiones
1520 3821 1944 3907 temporum.”

625 4042 688 4109 8.
738 4040 798 4105 2.
877 4036 1043 4118 „Sed
1089 4041 1166 4102 ut
1209 4041 1306 4103 est
1351 4034 1808 4101 difficultatum
1855 4057 2052 4121 paene
2102 4038 2394 4103 omnium
2443 4035 2722 4124 diligens
2770 4038 2933 4103 ratio

535 4152 806 4226 uictrix,
866 4143 1077 4211 multa
1133 4144 1350 4208 mente
1419 4162 1678 4207 uersans
1745 4148 1809 4207 et
1872 4146 2085 4219 uaria,
2151 4143 2220 4208 id
2268 4143 2605 4209 tandem
2654 4145 2935 4230 repperit

533 4284 562 4328 s
582 4259 806 4327 olum
877 4258 952 4319 ut
1016 4253 1165 4316 anni
1225 4252 1601 4315 maturitate
1666 4270 1786 4314 non
1842 4256 2201 4336 exspectata
2251 4251 2533 4341 barbaris
2580 4256 2933 4317 occurreret

537 4357 1070 4451 insperatis”

3102 4418 3104 4550 Ν
