3150 5000
1249 291 1570 342 nemus.
1948 224 1957 234 ι
2446 270 2579 338 413

302 462 573 543 Quatuor
619 462 825 549 igitur
869 460 1025 527 locis
1073 460 1402 526 invenitur
1443 463 1619 540 σφωε
1637 504 1654 535 ,
1721 476 1991 543 quorum
2037 476 2203 522 unus
2249 462 2583 543 corruptus

223 572 334 647 est,
397 562 564 634 unus
627 572 738 634 vix
795 588 984 633 sanus
1046 565 1302 632 videtur
1321 588 1354 643 ς·
1401 569 1751 648 utrumque
1814 570 2030 629 autem
2095 562 2283 630 facile
2348 564 2585 652 corrigi

219 694 378 759 posse
423 677 479 740 si
523 695 638 761 pro
687 679 863 756 σφωε
905 674 1206 739 restituas
1246 676 1402 753 σφε,
1445 668 1903 736 intelleximus.
1958 667 2181 737 Sintne
2206 674 2423 736 autem
2446 670 2583 735 sani

219 800 288 845 an
341 781 620 867 corrupti
681 782 786 867 qui
838 782 1179 866 supersunt
1231 778 1356 844 duo
1372 827 1392 863 ,
1439 797 1562 843 non
1612 779 1821 843 ausim
1870 774 2145 855 efficer03
2196 782 2439 843 certum
2490 779 2588 842 est
2658 852 2665 859 ,

219 885 475 952 alterum
537 886 670 975 legi
715 890 782 952 in
829 888 967 972 ipso
1016 887 1318 951 carminis
1364 884 1620 951 exordio
1637 930 1656 962 ‚
1706 882 1874 968 quod
1923 881 2133 949 multa
2179 886 2400 969 opinor
2440 904 2587 970 per-

215 1012 452 1075 pessum
504 998 600 1058 eet
618 1041 635 1071 ‚
683 992 955 1059 alterum
1003 995 1070 1056 in
1118 971 1258 1057 sero
1301 997 1452 1057 nata
1495 988 1608 1055 illa
1635 989 1924 1055 Nestoris
1963 988 2319 1057 narratione
2336 1037 2353 1067 ,
2390 989 2590 1055 taedii

215 1098 406 1183 plena.
455 1099 580 1165 Sed
625 1100 692 1165 id
739 1120 1036 1185 apparere
1079 1104 1238 1184 puto
1255 1146 1271 1175 ,
1319 1118 1444 1163 non
1493 1117 1637 1162 eam
1675 1116 1809 1162 esse
1846 1096 2120 1162 formam
2158 1101 2365 1178 σφωε,
2393 1114 2587 1181 quam

214 1202 380 1271 libris
428 1207 650 1271 invitis
695 1206 762 1270 in
810 1209 1064 1270 textum
1110 1205 1505 1270 homericum
1552 1203 1855 1288 invehae3
1895 1206 2112 1288 itaque
2146 1206 2215 1268 in
2240 1223 2426 1269 versu
2450 1223 2588 1268 eor·
2662 1192 2669 1201 ¹

215 1318 388 1396 rupto
439 1320 494 1376 O
526 1311 686 1387 155,
735 1311 848 1377 ubi
895 1310 1047 1377 libri
1093 1311 1329 1377 habent
1375 1310 1607 1384 στήτην
1652 1308 1787 1374 οὐδέ
1828 1313 1978 1388 σφιν
2012 1308 2145 1391 (vel
2166 1310 2389 1397 σφῶιν)
2419 1308 2587 1388 ἰδὼν,

215 1437 324 1482 non
369 1417 816 1505 corrigendum
861 1438 996 1483 esse
1042 1422 1117 1482 ut
1162 1414 1299 1481 fieri
1344 1414 1504 1482 solet
1560 1413 1697 1482 οὐδὲ
1750 1420 1921 1497 σφωε
1970 1416 2131 1481 nze-m
2153 1466 2169 1488 .
2223 1416 2333 1481 sed
2377 1415 2591 1501 potius

218 1524 460 1599 ἑστήτην
523 1522 658 1589 οὐδέ
719 1531 846 1603 σφε
908 1523 1066 1589 νιδὼν
1086 1574 1104 1608 ,
1171 1518 1323 1588 na'm
1384 1524 1627 1609 optime
1690 1522 2109 1589 Homericum
2156 1542 2291 1589 esse
2336 1529 2463 1605 σφε
2513 1520 2591 1587 de

217 1629 449 1695 duobus
466 1678 483 1706 ,
535 1629 704 1695 claro
749 1631 881 1695 iam
927 1632 1386 1716 perspeximus.

297 1734 685 1802 Tractandae
746 1743 1086 1822 supersunt
1145 1736 1387 1802 formae
1441 1739 1796 1802 contractae
1811 1786 1828 1813 ,
1881 1735 2147 1824 ideoque
2192 1738 2261 1801 in
2308 1720 2592 1803 Homero

217 1846 564 1927 suspectae,
615 1839 689 1922 νῴ
737 1848 800 1907 et
844 1841 1007 1925 σφῴ.
1082 1841 1257 1922 Quae
1305 1843 1709 1926 reperiuntur
1753 1863 1864 1907 sex
1907 1841 2099 1907 locis:

299 1957 346 2013 E
397 1947 568 2012 219:
633 1950 769 2029 πρίν
828 1948 897 2026 γ’
964 1948 1064 2013 ἐπ’)
1129 1947 1204 2030 vc>
1267 1949 1406 2028 τῷδ·
1471 1948 1635 2030 ἀνδρὶ
1701 1949 1812 2013 σὺν
1860 1947 2129 2015 ἵπποισιν
2178 1949 2284 2015 καὶ
2333 1948 2590 2033 ὄχεσφι.

728 2056 1077 2122 Verborum
1127 2056 1300 2123 male
1343 2077 1496 2122 sana
1541 2057 1935 2142 perturbatio
1972 2059 2121 2123 vitii
2161 2058 2467 2123 indicium
2497 2064 2595 2125 est

727 2166 1154 2230 certissimum
1172 2209 1191 2241 ,
1239 2184 1387 2229 oum
1427 2166 1802 2249 praesertim
1840 2166 2210 2230 traiectione
2245 2166 2341 2230 ita
2362 2164 2431 2230 id
2454 2184 2595 2251 pos-

732 2273 818 2335 sit
863 2269 1008 2336 tolli
1056 2276 1132 2335 ut
1177 2268 1374 2335 simul
1419 2269 1627 2335 forma
1672 2271 1925 2359 integ-ra
1967 2272 2073 2335 νῶϊ
2117 2273 2523 2337 restituatur:

637 2375 778 2457 πρὶν
826 2375 968 2456 τῷδ’
1015 2375 1176 2458 ἄνδρ’
1226 2373 1328 2441 ἔπι
1375 2378 1480 2441 νῶϊ
1524 2375 1636 2441 σὺν
1682 2362 1953 2442 ἵπποισιν
1999 2377 2105 2442 καὶ
2150 2375 2408 2460 ὄχεσφι.

731 2482 1276 2570 Transposuerunt
1335 2486 1571 2570 posteri
1636 2486 1746 2570 qui
1794 2482 2349 2570 perhorrescebant
2395 2485 2595 2552 dativi

736 2593 870 2657 iota
915 2591 1169 2658 elisum.

302 2719 334 2761 ο
379 2695 543 2765 4¹75:
638 2697 713 2780 νῲ
762 2694 1252 2775 ἀναβησάμενοι.
1321 2698 1450 2765 Hie
1505 2696 1679 2776 ἄμμ’
1728 2696 2199 2776 ἀναβησάμενοι
2244 2696 2598 2784 legendum

731 2810 1022 2890 putarem
1043 2851 1060 2884 ‚
1121 2808 1246 2871 nisi
1304 2803 1773 2882 ἀναβησάμενοι
1824 2823 1937 2889 pro
1985 2826 2240 2875 -σαντες
2285 2805 2592 2869 vitiosum

728 2911 1051 2976 videretur
1096 2916 1160 2975 et
1209 2915 1380 2976 totus
1428 2930 1647 2976 versus
1695 2914 2041 2995 suspectus·
2070 2915 2253 2975 esset.

306 3025 360 3081 A
410 3013 574 3082 574:
637 3016 690 3080 εἲ
739 3017 812 3092 331
860 3014 1002 3096 σφῷ
1041 3014 1220 3080 ἕνεκα
1263 3016 1485 3088 θνητῶν
1519 3015 1877 3096 ἐριδαίνετον
1914 3011 2047 3082 ὦδε.
2094 3015 2224 3081 Hie
2248 3015 2594 3081 contractio

731 3124 958 3188 evitari
1005 3130 1213 3207 potest
1259 3122 1519 3188 elisione
1565 3122 1754 3205 σφῶ’,
1806 3123 1915 3189 sed
1954 3121 2368 3209 praetulerim
2408 3121 2593 3201 ὔμμ’.

732 3230 907 3295 Idem
956 3227 1130 3295 valet
1175 3229 1253 3329 de
1301 3250 1487 3296 versu
1535 3232 1648 3315 qui
1694 3231 2012 3316 sequitur:

309 3344 362 3400 Ο
414 3335 580 3403 146:
645 3336 800 3408 Ζεὺς
843 3335 983 3416 σφῲ
1036 3337 1119 3408 εἷς
1160 3335 1327 3408 Ἴδην
1374 3335 1577 3400 κέλετ’
1629 3336 1901 3411 ἔλθέμεν’
1948 3333 2083 3402 ὅττι
2129 3335 2443 3419 τάχιστα.

306 3452 367 3507 Λ
413 3442 577 3512 ¹782:
642 3443 783 3526 σφῲ
852 3442 916 3508 δὲ
977 3443 1136 3520 μάλ’
1186 3442 1492 3517 ἠθελέτην.
1563 3441 1861 3529 Suspicor
1921 3445 1983 3508 δὲ
2038 3463 2171 3509 esse
2217 3441 2593 3527 delendum,

731 3553 827 3615 est
898 3547 1126 3615 saltem
1185 3549 1372 3634 plane
1431 3569 2006 3636 supervacaneum3
2074 3549 2329 3638 legatur
2388 3548 2595 3636 igitur

729 3660 892 3735 σφῶι
943 3655 1080 3742 (aut
1127 3655 1326 3743 ὔμμε)
1378 3656 1537 3734 μάλ’
1586 3639 1925 3730 ἠθελέτην(

308 3771 365 3828 Ν
411 3763 531 3833 4¹7:
643 3761 872 3830 Αἴαντε
895 3809 912 3840 ,
958 3761 1099 3843 σφῲ
1149 3761 1265 3842 μέν
1310 3786 1382 3826 τε
1427 3762 1703 3828 σαώσετε
1752 3763 1900 3828 λαὸν
1943 3760 2240 3843 Ἀχαιῶν.
2289 3761 2592 3828 Probabi-

726 3870 857 3936 lem
907 3869 1411 3936 emendationem
1460 3869 1653 3935 huius
1696 3889 1917 3936 versus
1963 3870 2236 3954 proferre
2281 3887 2405 3934 non
2451 3887 2593 3953 pos-

725 3997 905 4052 sum3
958 3996 1106 4041 eum
1153 3980 1368 4041 tamen
1413 3978 1570 4041 satis
1615 3976 1747 4040 iam
1796 3980 2039 4041 constet
2082 3980 2328 4042 veteres
2373 3977 2591 4060 poetas

601 4119 610 4126 ·
729 4103 854 4149 non
878 4085 973 4148 ita
992 4087 1066 4147 ut
1089 4082 1277 4148 hodie
1299 4079 1540 4170 legitur
1559 4081 1807 4149 locutos
1829 4082 2055 4159 fuisse,
2082 4080 2359 4167 exempli
2380 4080 2593 4170 gratia

729 4189 893 4255 hane
937 4187 1273 4254 lectionem
1322 4208 1630 4275 propone,
1677 4189 1828 4254 vitii
1874 4193 2041 4254 certe
2086 4190 2482 4254 immunem:

643 4297 907 4373 Αἶαντε,
956 4301 1058 4362 νῦν
1106 4293 1278 4376 ὔμμε
1324 4295 1599 4363 σαώσετε
1646 4297 1799 4362 λαὸν
1847 4293 2145 4377 Ἀχαιῶν.
