3150 5000
1321 116 1789 234 unumunurm.
2058 135 2065 144 ’
2608 163 2741 232 239

446 349 588 418 Non
651 351 840 418 uideo
897 351 1211 436 quomodo
1255 349 1548 436 „pulsare
1594 349 1949 435 praesidia’'
1998 349 2121 416 rite
2166 349 2467 436 explicari
2515 352 2735 436 possit.

441 457 667 546 Nugas
723 460 864 545 agit
923 455 1278 545 Wagnerus
1338 457 1851 542 interpretando:
1922 457 2214 544 „ingenti
2261 456 2531 541 pecunia
2575 457 2740 522 redi-

352 565 586 648 mere.'‚’
629 563 888 632 Gonicio
934 564 1492 653 postulantes.

448 767 511 834 3.
553 767 616 834 2.
667 767 889 846 „Alios
927 769 1298 834 uerberibus
1335 766 1441 833 uel
1481 770 1817 834 tormentis
1840 767 2127 837 adflictos
2166 789 2201 834 e
2216 789 2261 832 x
2275 765 2417 833 ula
2431 769 2501 832 ri
2540 787 2739 854 poena

351 875 770 954 damnarunt,
819 875 1126 961 quosdam
1171 874 1252 940 ad
1295 872 1586 940 infimam
1635 882 1875 940 trusere
1922 872 2289 939 militiam.”

445 982 546 1046 An
591 980 752 1047 forte
801 964 1210 1059 „insulari
1260 976 1545 1066 poenam?
1592 976 1688 1047 Of.
1736 979 1890 1058 XV,
1941 979 2003 1047 ¹7.
2044 977 2086 1044 2
2138 978 2429 1065 „aliquos
2468 984 2731 1046 uexatos

349 1089 688 1153 tormentis
755 1086 1020 1152 insulari
1090 1107 1288 1172 poena
1356 1085 1742 1164 multauit”;
1812 1085 2046 1152 XXVI.
2117 1085 2222 1151 10.
2274 1085 2350 1154 ¹7:
2419 1084 2730 1163 „insulari

347 1193 663 1279 supplicio
708 1192 1090 1262 multatus.”
1117 1231 1201 1242 —-
1229 1195 1314 1260 At
1362 1193 1510 1260 uide
1556 1191 1729 1260 XIV.
1780 1193 1840 1258 5.
1893 1193 1967 1258 1:
2025 1191 2441 1278 „Gerontium
2486 1193 2735 1260 exulari

351 1320 638 1368 maerore
684 1299 1059 1366 multauit.”

445 1499 509 1586 3.
559 1503 620 1568 5.
671 1501 1072 1582 „Mercurius
1117 1505 1512 1570 somniorum
1557 1501 1915 1588 appellatus
1960 1522 2171 1569 comes
2192 1550 2208 1582 ,
2246 1502 2415 1590 quod
2452 1509 2528 1570 ut
2566 1503 2733 1570 clam

347 1609 617 1676 mordax
689 1612 860 1675 canis
927 1612 1264 1674 interna
1336 1611 1607 1674 saeuitia
1678 1609 2054 1674 submissius
2114 1611 2367 1695 agitans
2429 1611 2737 1694 caudam,

347 1715 563 1801 epulis
633 1717 1040 1800 coetibusque
1108 1736 1174 1779 se
1241 1714 1478 1780 crebris
1546 1717 1858 1791 inserens,
1928 1717 1984 1778 si
2044 1736 2159 1800 per
2218 1719 2500 1801 quietem
2560 1719 2736 1803 quis-

348 1842 544 1908 quam
599 1871 657 1888 ..
687 1869 704 1886 .
751 1821 989 1886 uidisse
1053 1821 1298 1908 aliquid
1361 1823 1566 1888 amico
1612 1826 1961 1899 narrasset,
2008 1819 2075 1888 id
2124 1824 2453 1888 uenenatis
2497 1823 2739 1888 artibus

347 1928 702 1994 coloratum
751 1931 819 1993 in
865 1931 1046 2014 peius
1090 1928 1327 2014 patulis
1381 1930 1783 2014 imperatoris
1830 1928 2090 1993 auribus
2134 1926 2569 1992 infundebat.’'

443 2035 569 2102 Pro
631 2039 838 2114 „uitia
883 2035 1286 2102 submissus”
1334 2012 1782 2100 Gardthausen
1829 2034 2056 2100 merito
2102 2037 2339 2120 recepit
2382 2034 2738 2101 Hei-manni

349 2145 780 2208 coniecturam
833 2145 1144 2220 „saeuitia
1189 2143 1631 2208 submissius.'’
1707 2142 1794 2205 At
1839 2160 1963 2205 non
2009 2161 2304 2227 assequor
2353 2143 2477 2222 „in
2496 2147 2573 2210 te
2592 2163 2737 2209 rna

343 2247 677 2315 saeuitia.'’
725 2247 916 2316 Oanis
961 2255 1190 2315 natura
1233 2249 1498 2314 mordax
1518 2296 1535 2326 ,
1585 2241 1707 2333 qui'
1744 2247 1944 2314 cauda
1990 2247 2308 2325 adulatur,
2358 2251 2699 2315 saeuitiam
2717 2297 2734 2329 ,

343 2357 592 2443 opinor,
639 2355 1022 2434 dissimulat,
1067 2355 1319 2422 inhibet
1336 2406 1351 2432 ,
1402 2357 1704 2422 continet.
1752 2352 2007 2421 Scribas
2044 2356 2251 2442 igitur
2291 2375 2367 2434 „c
2383 2375 2420 2421 o
2438 2378 2481 2420 n
2497 2358 2635 2422 ten
2654 2359 2734 2422 ta

345 2465 682 2531 saeuitia.”

444 2664 504 2730 3.
562 2665 625 2732 6.
699 2666 918 2745 „Haec
980 2672 1254 2755 augente
1317 2664 1772 2753 uulgatius
1832 2666 2006 2731 fama
2033 2678 2039 2685 ·
2068 2669 2323 2732 tantum
2384 2665 2601 2731 aberat
2660 2671 2735 2731 ut

341 2774 641 2859 proderet
687 2775 1025 2859 quisquam
1073 2776 1213 2838 uisa
1257 2770 1601 2838 nocturna”
1647 2775 1794 2836 cett.

447 2878 612 2958 Quid
661 2882 746 2944 sit
788 2880 1162 2967 „uulgatius
1201 2877 1470 2967 augere’'
1506 2897 1729 2943 uereor
1768 2885 1843 2944 ut
1880 2880 2217 2963 quisquam
2256 2879 2379 2944 rite
2418 2878 2734 2965 explicare

345 2984 582 3051 ualeat.
631 2984 933 3072 Suspicor
976 2984 1323 3073 legendum
1371 3004 1506 3051 esse
1549 2984 1969 3050 cumulati
1988 3006 2098 3050 us.

443 3204 505 3271 5.
555 3206 589 3269 1
600 3202 660 3273 6.
717 3204 938 3293 „Nihil
984 3210 1203 3271 tutum
1253 3225 1323 3270 ex
1375 3204 1811 3290 praesentibus
1853 3211 2028 3270 ratus
2071 3206 2141 3270 in
2188 3204 2452 3273 consilia
2507 3227 2541 3273 c
2558 3226 2594 3272 o
2608 3228 2656 3295 g
2672 3228 2737 3273 e-

347 3310 390 3375 b
410 3317 550 3376 atu
566 3332 599 3375 r
641 3310 998 3377 extrema.”

443 3416 515 3481 In
586 3417 741 3483 Vat.
801 3423 898 3483 est
959 3439 994 3483 c
1009 3439 1045 3484 o
1060 3439 1107 3504 g
1123 3420 1148 3481 i
1166 3422 1242 3482 ta
1258 3418 1297 3482 b
1313 3422 1451 3483 atu
1466 3439 1514 3482 r.
1590 3416 2025 3505 Eyssenhardt
2084 3419 2298 3503 inepte
2312 3468 2330 3503 ,
2396 3423 2470 3483 ut
2530 3417 2692 3486 solet
2711 3468 2727 3499 ‚

346 3523 852 3610 agitabatur
895 3523 1210 3589 edendum
1257 3526 1536 3609 putauit.
1588 3522 1795 3612 Legae
1830 3544 2063 3611 quaeso
2110 3524 2725 3592 concitabatur.

439 3740 502 3805 5.
552 3739 662 3806 23.
730 3738 1174 3819 „Mirabamur
1228 3740 1411 3807 illam
1473 3744 1856 3807 sententiam
1920 3739 2287 3807 Tullianam
2335 3762 2413 3807 ex
2458 3744 2727 3809 internis

341 3850 638 3915 ueritatis
684 3850 886 3933 ipsius
931 3847 1590 3935 promulgatam,
1633 3866 1794 3934 quae
1842 3854 1937 3913 est
1983 3847 2131 3913 talis
2182 3852 2290 3925 „et
2332 3869 2724 3934 quamquam

342 3957 817 4041 optatissimum
881 3960 980 4018 est
1037 3961 1341 4039 perpetuo
1403 3954 1723 4018 fortunam
1784 3974 1974 4038 quam
2023 3952 2540 4020 florentissimam
2586 3977 2729 4041 per-

344 4081 634 4137 manere,
697 4060 812 4125 illa
859 4065 1074 4124 tamen
1124 4059 1601 4144 aequalitas
1648 4062 1821 4125 uitae
1868 4080 1993 4125 non
2040 4068 2294 4127 tantum
2343 4061 2535 4127 habet
2578 4083 2724 4128 sen-

342 4186 490 4233 sum
545 4172 858 4251 quantum
919 4185 1068 4231 cum
1127 4185 1206 4231 ex
1267 4168 1522 4231 miseris
1582 4176 1649 4232 et
1707 4166 1972 4253 perditis
2027 4168 2217 4233 rebus
2264 4168 2343 4234 ad
2388 4167 2720 4235 meliorem

251 4319 264 4327 ·
341 4274 584 4338 statum
634 4271 888 4338 fortuna
930 4270 1308 4338 reuocatur”
1328 4270 1391 4338 ”.
