3150 5000
547 307 679 375 182
1495 327 1583 377 u>
1628 327 1977 378 mmm.

627 493 663 558 I
711 491 774 558 2.
838 491 919 558 19
967 492 1182 578 puella
1229 495 1562 578 (tanquam
1610 495 1782 578 mus)
1830 493 2059 576 derepit
2104 489 2307 570 lecto:
2355 511 2514 557 num
2559 509 2677 557 noe
2724 488 2931 575 philo·

537 597 676 686 logi
694 647 712 684 ‚
750 603 830 664 'ut
867 600 1232 665 auctoritati
1277 599 1787 688 Frieingensium
1828 603 2266 686 excerptorum
2316 595 2583 664 satisfiat
2600 644 2617 677 ‚
2668 616 2931 664 omnem

534 703 923 792 elegantiam
991 705 1376 771 abiecimus?
1463 705 1609 772 Non
1661 708 1775 772 ita.
1843 705 1985 772 Hoc
2030 709 2126 771 eet
2172 703 2361 782 illud,
2415 703 2585 790 quod
2634 703 2933 768 dicebam

537 809 615 875 de
658 831 892 898 genere
935 811 1268 878 editionis:
1319 812 1680 878 emendatio
1724 832 1851 878 non
1896 817 2069 878 certa
2116 811 2454 878 videbatur
2497 810 2776 886 editori:
2825 808 2933 874 de·

533 916 731 982 disset
789 917 1055 984 fortasse
1119 919 1394 985 decedere
1457 920 1514 984 si
1571 921 1643 984 in
1704 920 1993 1006 margine
2052 917 2557 984 animadvertere
2612 917 2933 1003 potuisset

533 1021 694 1088 Fris.
743 1022 976 1089 habere
1023 1025 1316 1106 derepere.
1373 1061 1460 1074 -

621 1237 728 1305 Ad
767 1239 821 1306 1.
861 1238 921 1306 2.
967 1238 1050 1308 '71
1093 1241 1515 1309 Ommerenus
1553 1243 1621 1308 in
1659 1243 1951 1330 margine
1989 1243 2120 1308 mei
2142 1241 2523 1327 exemplaris
2549 1241 2925 1327 adscripsit:

535 1346 768 1424 „lectio
825 1344 978 1412 libri
1022 1347 1290 1415 Itatiani
1335 1348 1525 1414 debet
1570 1342 1832 1415 admitti
1876 1356 2189 1413 contectus.
2248 1345 2602 1425 Schrader,
2653 1345 2926 1413 Emend.

532 1449 645 1517 lib.
708 1473 772 1539 p.
825 1451 954 1517 112
1001 1455 1071 1517 in
1115 1451 1306 1519 fine.’'
1345 1453 1505 1536 ‘Res
1547 1475 1673 1520 non
1720 1453 1918 1520 dubia
1961 1454 2253 1532 videtur,
2300 1454 2413 1520 sed
2458 1451 2672 1518 editur
2718 1452 2928 1519 adhuc

531 1566 836 1624 οοηιοεειω
883 1561 1095 1648 (ergo:
1153 1559 1324 1644 „dux
1371 1565 1705 1626 contextus
1754 1558 2000 1646 auro”).

624 1773 675 1842 Ι.
739 1775 803 1841 2.
871 1773 952 1844 ’71
1004 1778 1159 1844 haec
1204 1779 1388 1844 nobis
1433 1777 1693 1844 offertur
1736 1779 2085 1844 sententiae
2129 1775 2579 1842 conformatio:
2626 1777 2688 1840 ei
2735 1775 2927 1841 modo

533 1889 748 1948 tecum
809 1886 1047 1970 possim
1109 1887 1375 1972 iungere
1423 1886 1616 1952 boves
1660 1891 1726 1950 et
1770 1903 2023 1971 pascere
2040 1931 2056 1963 ‚
2107 1889 2173 1950 et
2218 1881 2375 1968 dum
2424 1886 2489 1948 te
2533 1880 2731 1947 liceat
2775 1883 2926 1948 reti-

530 2008 678 2054 nere
737 1987 1017 2065 lacertis,
1085 2009 1343 2057 somnus
1390 1992 1586 2056 etiam
1632 1990 1750 2076 (et)
1798 1989 2043 2058 inculta
2088 1989 2289 2054 humo
2336 1990 2422 2053 sit
2467 1985 2687 2053 mollia
2734 1987 2921 2052 mihi.

529 2093 654 2160 Sed
718 2093 880 2160 duae
941 2097 1291 2161 sententiae
1349 2101 1499 2162 eunt
1556 2095 1929 2181 bipertitae:
1978 2097 2036 2161 ei
2080 2115 2229 2161 cum
2276 2093 2463 2160 Delia
2506 2093 2619 2157 eim
2667 2093 2772 2178 (ea
2818 2113 2923 2158 me

531 2200 934 2286 comitetur),
975 2221 1238 2285 possum
1281 2221 1456 2266 arare
1504 2205 1568 2267 et
1606 2221 1892 2286 pascere3
1934 2201 1989 2265 si
2027 2197 2282 2266 Deliam
2306 2201 2548 2285 possim
2574 2196 2920 2284 amplecti,

530 2305 637 2371 vel
690 2305 878 2370 humi
937 2305 1223 2371 molliter
1267 2307 1496 2372 cubare
1541 2309 1800 2391 possim.
1870 2303 1965 2371 Ut
2010 2325 2202 2391 quam
2251 2307 2541 2391 proxime
2589 2303 2671 2369 ad
2720 2302 2921 2368 libros

529 2409 825 2476 accedam
874 2411 1159 2497 corrigo:

887 2518 1022 2602 ipse
1070 2516 1262 2583 boves
1308 2538 1454 2583 mea
1472 2564 1489 2597 ‚
1535 2518 1648 2582 eim
1694 2522 1910 2584 tecum
1945 2517 2167 2593 modo,
2207 2514 2397 2583 Delia
2417 2536 2661 2601 poema

801 2634 806 2639 “
937 2624 1241 2709 iungere
1258 2670 1275 2700 ,

477 2741 484 2747 ·
523 2728 801 2814 placeret
835 2730 1047 2815 magis
1084 2728 1190 2793 hie
1228 2727 1406 2806 ordo;
1464 2731 1550 2807 „i.
1605 2730 1663 2793 b.
1712 2730 1901 2796 modo
1948 2732 2075 2795 sim
2122 2734 2170 2794 t.
2217 2727 2433 2795 mea”.
2494 2726 2666 2795 Oum
2712 2724 2921 2794 Baeh-

522 2836 731 2899 rensio
798 2834 906 2911 „in
965 2830 1210 2898 inculta
1281 2869 1345 2881 —
1420 2832 1658 2899 humo”
1716 2835 1940 2901 scribo.
2008 2870 2092 2884 —
2157 2832 2252 2900 Ib.
2318 2832 2407 2900 88
2474 2853 2643 2913 „non
2703 2840 2771 2897 in
2834 2854 2925 2897 me

522 2938 763 3007 saeviet
808 2958 1009 3024 usque
1054 2936 1256 3003 deus'’
1304 2939 1517 3024 probo.

613 3154 665 3219 1.
715 3157 777 3219 4.
825 3150 934 3219 28.
981 3154 1125 3220 Non
1163 3154 1426 3220 defendo
1465 3154 1584 3222 hoc
1621 3153 1759 3221 loco
1797 3176 1959 3241 quae
1996 3156 2155 3223 olim
2194 3161 2526 3244 proposui3
2570 3176 2699 3223 non
2740 3159 2920 3224 enim

520 3278 806 3342 necesse,
867 3260 1165 3343 quoniam
1219 3280 1344 3325 non
1390 3261 1888 3348 impugnantur,
1936 3262 2046 3329 sed
2095 3262 2349 3350 Rigleri
2396 3260 2921 3329 emendationem

519 3362 776 3429 facilem
834 3368 900 3429 et
959 3362 1317 3451 elegantem
1377 3384 1414 3429 a
1471 3386 1581 3431 me
1640 3365 1797 3431 olim
1847 3368 2364 3434 commendatam
2410 3368 2656 3437 vellem
2703 3390 2923 3455 recep·

516 3476 688 3534 tam:
756 3489 924 3547 „non
986 3470 1152 3550 nequi
1209 3473 1338 3535 stat
1383 3476 1748 3556 remeatque
1795 3472 1967 3539 dies”
2013 3494 2127 3559 pro
2171 3480 2369 3556 eequis
2382 3496 2399 3553 ;
2452 3496 2532 3540 ex
2581 3474 2839 3541 duabus
2888 3491 2923 3541 s

518 3593 647 3638 una
692 3574 962 3657 omissa3
1014 3574 1111 3650 „si
1157 3579 1231 3638 tu
1277 3576 1489 3660 segnis
1531 3578 1688 3652 eris,
1727 3596 1853 3642 non
1888 3578 2010 3642 tibi
2035 3579 2394 3645 morabitur
2418 3578 2617 3645 dies”.
2649 3578 2923 3657 „Paral-

517 3675 846 3743 leliemua’'
903 3677 1024 3744 hoc
1068 3698 1265 3764 paene
1311 3678 1627 3763 postulat:
1680 3684 1779 3761 „si
1825 3683 2138 3750 tardueris
2182 3686 2433 3770 (tardus
2482 3687 2635 3773 eris)
2686 3690 2925 3753 transi·

519 3780 619 3845 bit
661 3788 833 3847 aetas
847 3828 865 3859 ,
915 3784 1098 3869 segni
1143 3784 1277 3849 dies
1321 3804 1446 3849 non
1493 3785 1677 3852 stat”.

610 3978 711 4045 rb.
760 3978 868 4043 45.
915 3978 1060 4045 Non
1105 3985 1425 4066 paruerim
1474 4006 1623 4050 cum
1669 3984 1921 4053 Hillero
1969 3992 2341 4060 auctoritati
2388 3992 2527 4059 cod.
2580 3992 2659 4059 V.
2702 4014 2800 4061 m.
2840 3994 2921 4079 2,

520 4086 814 4169 quamvis
857 4082 1206 4151 Ritachclio
1253 4088 1551 4171 probatae
1594 4090 1985 4180 „(quamvie)
2026 4103 2364 4163 venturam
2402 4100 2693 4165 admittat
2728 4102 2922 4165 nubi·

517 4188 614 4252 fer
657 4205 846 4251 eurus
890 4187 1186 4271 aquam”.
1235 4192 1558 4257 Admittere
1597 4194 1824 4261 falsam
1860 4200 1954 4262 rei
1992 4204 2175 4284 quasi
2200 4204 2558 4291 imaginem
2587 4206 2671 4272 ob
2696 4205 2921 4273 oeulos

520 4292 732 4375 ponit:
773 4289 1085 4367 custodie,
1128 4296 1240 4377 qui
1272 4296 1670 4381 aliquamdiu
1706 4304 1974 4381 retinet,
2001 4303 2230 4372 deinde
2254 4310 2569 4399 repagula
2594 4320 2914 4379 removet.

519 4393 664 4460 Non
703 4414 894 4459 eurus
933 4396 1195 4462 admittit
1236 4400 1472 4467 imbres
1490 4449 1507 4480 ‚
1533 4408 1687 4469 ciere
1708 4410 1919 4491 potest
1939 4453 1956 4486 ‚
1983 4414 2059 4474 ut
2076 4408 2407 4499 scaligero
2434 4418 2654 4483 visum
2680 4418 2918 4505 (cient).
