3150 5000
544 253 679 320 418
766 308 778 327 ,
1521 252 1950 321 mnemon.

544 457 771 525 parum
834 441 1159 527 intelligo:
1214 440 1409 504 Beide
1467 439 1814 504 Auedriicke
1862 439 2079 525 sussen
2113 439 2240 515 *die
2298 441 2663 522 noiomi-quen
2705 439 2929 525 Bar-for-

543 547 811 611 derniese
872 548 1032 611 eines
1087 553 1272 628 quien
1320 547 1627 612 Ruderers
1669 567 1996 611 zusammen
2013 574 2033 612 .·
2079 568 2143 610 80
2189 547 2342 612 wohl
2383 549 2492 612 dae
2538 547 2731 635 Sckiff
2763 549 2934 612 rosch

541 655 611 716 in
660 653 993 736 Bewequnq
1036 675 1112 716 zu
1158 660 1349 718 setzen
1365 702 1380 729 ,
1434 652 1545 718 wie
1587 653 1739 728 auch
1786 655 1895 716 das
1941 658 2006 716 in
2061 653 2388 734 Bewequny
2433 655 2751 740 beynffm
2799 654 2923 718 R·-

541 761 691 824 der'n
771 759 880 825 der
950 759 1358 824 Mannachaft
1434 759 1774 839 rechtzeitiy
1843 759 1986 823 inne
2051 783 2126 822 zu
2196 760 2424 825 hulten.
2493 758 2666 826 Sunt
2732 762 2935 848 igitur

540 866 804 930 navium
864 865 1202 950 praefecti,
1263 885 1534 951 quorum
1600 867 1788 951 pauci
1852 873 2001 930 eunt.
2062 865 2412 931 secundum
2475 865 2770 944 Niciam,
2821 868 2930 951 qui

538 973 815 1058 remiges
878 973 945 1035 in
1005 971 1289 1036 ordinem
1337 975 1576 1058 cogunt
1623 977 1687 1034 et
1736 973 2058 1037 continent
2105 974 2168 1035 et
2215 973 2526 1056 imperare
2573 971 2932 1038 didicerunt

541 1082 729 1162 atque
794 1077 942 1142 hinc
1008 1078 1419 1162 potissimum
1482 1074 1696 1143 laxata
1743 1076 2081 1162 disciplina
2127 1075 2414 1158 βραχεῖα
2463 1079 2639 1155 οἱκμὶι
2694 1082 2933 1158 xmp&-

542 1207 765 1261 ματος.
832 1183 1081 1249 Poterit
1143 1185 1347 1271 igitur
1406 1187 1669 1248 fortasse
1716 1185 2188 1250 commendari:
2236 1182 2434 1262 ὀλίγοι
2480 1190 2599 1249 τῶν
2647 1183 2936 1263 ναυάρ-

540 1315 652 1372 χω
674 1316 702 1354 ν
725 1339 740 1368 ,
811 1311 961 1356 nam
1032 1291 1241 1356 utitur
1301 1291 1586 1377 generali
1647 1291 1906 1356 nomine
1969 1289 2225 1369 Niciae,
2287 1293 2439 1376 quia
2494 1311 2624 1356 non
2685 1296 2934 1357 tantum
2992 1336 2998 1340 -

544 1397 1033 1462 trierarchorum
1073 1396 1193 1462 hoc
1230 1402 1365 1462 erat
1405 1397 1641 1462 vitium
1661 1444 1680 1480 ,
1717 1395 1827 1461 sed
1867 1395 2329 1482 praefectorum
2373 1400 2664 1463 omnium
2684 1447 2704 1482 ,
2736 1400 2932 1464 etiam

541 1504 610 1566 in
654 1505 969 1568 sociorum
1013 1503 1306 1568 navibuS.

631 1715 788 1803 Gap.
838 1715 976 1782 VII.
1034 1715 1153 1783 18:
1224 1724 1348 1789 τοῖς
1415 1716 1926 1796 Λακεδαιμονίοις
1974 1715 2312 1796 ἐγεγένητδ
2358 1742 2450 1790 τις
2498 1719 2748 1798 ῥώμη,
2801 1717 2936 1786 vidi

540 1824 798 1911 quidem
851 1843 1012 1908 quae
1062 1822 1425 1889 Classeniue
1472 1830 1537 1890 et
1583 1825 1663 1890 ad
1711 1825 1880 1891 hunc
1923 1823 2139 1889 locum
2187 1823 2546 1910 disputavit
2591 1830 2656 1890 et
2703 1826 2788 1890 ad
2845 1847 2930 1892 ve.

542 1929 623 1996 31
676 1932 743 1994 in
791 1931 1012 1994 critica
1061 1929 1494 2006 adnotaffione‚
1547 1938 1613 1996 et
1650 1938 1866 1996 tamen
1905 1929 2078 1996 malo
2119 1929 2313 2012 ὁρμή
2357 1931 2664 2016 scribere;
2707 1931 2938 1998 deinde

540 2040 609 2102 in
674 2039 987 2102 sententia
1047 2037 1237 2122 paulo
1298 2036 1622 2125 longiore,
1687 2057 1879 2122 quam
1946 2037 2155 2101 confer
2217 2037 2387 2122 apud
2443 2039 2659 2122 ipsum
2708 2058 2830 2122 pro
2881 2037 2938 2108 ἐς

547 2143 723 2216 δίκας
772 2142 1271 2222 προκαλουμένων
1319 2150 1469 2208 τῶν
1515 2143 2194 2221 Λακεδαιμονίων
2239 2142 2411 2209 malo
2463 2143 2524 2217 ἐς
2573 2143 2754 2217 δίκαι,-
2801 2167 2936 2224 προ·

542 2249 933 2328 καλουμένων
996 2257 1213 2330 σφῶν
1275 2254 1340 2315 et
1398 2248 1828 2314 inducendum
1889 2248 1957 2313 id
2006 2249 2170 2333 quod
2220 2249 2507 2333 sequitur
2555 2250 2622 2314 οἱ
2671 2259 2932 2316 Λακε-

542 2355 985 2432 δαιμόνιοι·
1046 2354 1215 2421 nihil
1277 2375 1435 2441 opus
1481 2361 1578 2420 est.
1625 2355 1744 2421 hoc
1791 2354 2082 2440 pluribus
2129 2354 2577 2421 demonstrare.
2634 2352 2796 2442 Cap.
2847 2354 2929 2421 22

540 2463 616 2529 de
662 2464 907 2527 minore
954 2459 1415 2548 Syracusarum
1462 2466 1685 2547 portu,
1728 2456 1794 2526 οὗ
1833 2455 1901 2533 ἦν
1939 2461 2045 2525 καὶ
2088 2458 2173 2525 τὸ
2214 2460 2436 2541 νεώριον
2475 2462 2686 2535 αὐτοῖς
2709 2509 2725 2541 ,
2775 2462 2930 2529 olim

539 2569 865 2636 ostendere
920 2568 1097 2635 volui
1160 2588 1293 2634 ease
1354 2568 1736 2656 legendum:
1797 2564 1865 2633 οὗ
1915 2562 1982 2641 ἦν
2028 2567 2134 2632 καὶ
2185 2564 2458 2648 ἕτερον
2506 2566 2728 2648 νεώριον
2749 2591 2770 2609 ·
2823 2568 2924 2635 sed

537 2696 662 2742 non
708 2682 803 2741 est
848 2676 969 2741 hoc
1015 2678 1205 2753 eatis,
1246 2696 1397 2740 nam
1445 2676 1616 2760 quod
1663 2676 1986 2759 sequitur:
2038 2675 2324 2751 ἀπήντων
2365 2675 2464 2739 ἐπὶ
2506 2676 2626 2748 τὰς
2671 2677 2736 2741 ἔκ
2791 2681 2924 2743 τοῦ

539 2782 870 2860 νεωρίου
932 2782 1414 2864 περιπλεούσας,
1477 2782 1564 2845 ibi
1617 2802 1866 2866 quoque
1913 2780 2134 2847 eadem
2184 2781 2262 2847 de
2307 2802 2497 2847 cauea
2542 2786 2926 2868 requiritur:

538 2889 607 2953 ἐκ
659 2892 765 2953 τοῦ
826 2888 1104 2968 ἑτέρου
1151 2888 1491 2968 νεωρίου.
1544 2884 1698 2973 Cap.
1749 2885 1870 2953 2¹7:
1920 2886 1990 2951 τὸ
2039 2885 2266 2968 ἔχειν
2315 2890 2540 2961 αὐτοὺς
2587 2892 2925 2963 πολυτελὲς

538 2995 865 3075 ἐφαίνετο,
930 2993 1098 3058 alere
1158 2992 1399 3057 milites
1446 2998 1542 3058 est
1590 2993 1716 3057 nisi
1763 2990 1948 3058 fallor
1990 2993 2350 3074 τρέφειν.
2427 2990 2580 3079 Cap.
2630 2993 2719 3061 28
2771 2996 2926 3061 Her-

538 3099 867 3167 werdenus
927 3104 1097 3165 recte
1158 3105 1375 3165 contra
1422 3098 1826 3163 Badhamum
1874 3104 2122 3165 tutatus
2171 3105 2266 3165 eet
2311 3100 2580 3165 verbum
2629 3101 2924 3181 περιοί-

539 3227 743 3289 σειν,
817 3206 984 3291 quod
1048 3202 1454 3271 confirmatur
1505 3203 1741 3277 ,Dionia
1802 3201 2005 3271 Cassii
2067 3204 2206 3270 loco
2271 3203 2408 3270 Vol.
2475 3204 2506 3269 Ι
2569 3228 2637 3291 p.
2686 3206 2771 3272 31
2829 3206 2920 3273 Df.

538 3311 660 3378 Sed
722 3311 914 3397 paulo
975 3313 1237 3398 gravius
1295 3311 1532 3375 vitium
1582 3316 1679 3376 eet
1726 3332 1777 3376 c.
1831 3308 1913 3375 31
1967 3310 2044 3376 de
2092 3310 2568 3377 Corinthiorum
2617 3315 2920 3396 navibus,

537 3439 699 3505 quae
766 3417 905 3509 οὔτε
979 3418 1360 3484 καταλύουσι
1434 3417 1535 3481 τὸν
1604 3415 1960 3496 πόλεμον
2043 3426 2394 3497 ναυμαχεῖν
2465 3442 2538 3483 τε
2604 3418 2922 3497 μέλλουσι.

538 3526 823 3609 Apparet
890 3524 1009 3590 hoc
1070 3524 1221 3589 ferri
1277 3544 1403 3590 non
1449 3543 1663 3609 posse,
1729 3525 1942 3608 itaque
2001 3522 2115 3588 alii
2174 3523 2547 3591 deleverunt
2610 3526 2922 3592 obiectum

537 3632 642 3695 τὸν
684 3628 991 3707 πόλεμον,
1038 3629 1150 3695 alii
1188 3631 1523 3715 scripsere:
1579 3629 2026 3694 καταλείπουσι
2075 3628 2178 3693 τὸν
2226 3630 2522 3709 πορθμόν,
2571 3630 2687 3696 alii
2735 3656 2923 3699 κατα-

540 3735 749 3802 λύουσι
792 3738 902 3810 τῒιν
940 3738 1255 3817 φυλακήν.
1309 3733 1707 3801 Commendo
1755 3735 2142 3801 medicinam
2192 3735 2382 3821 paulo
2429 3736 2919 3823 elegantiorem:

542 3840 923 3908 καταλύουσι
965 3841 1066 3906 τὸν
1107 3841 1432 3919 ςαύμόν.
1486 3840 1818 3929 Imprimis
1857 3842 2115 3907 evidens
2163 3845 2463 3908 correctio
2511 3848 2640 3923 est,
2689 3846 2748 3909 si
2789 3846 2922 3931 quis

540 3950 911 4015 meminerit
956 3968 1149 4035 quam
1198 3948 1558 4032 frequenter
1603 3948 1845 4013 soleant
1893 3948 2193 4013 confundi
2240 3958 2296 4013 Π
2347 3955 2411 4014 et
2466 3956 2603 4013 ΣΤ.
2653 3944 2918 4016 Causam

541 4054 709 4120 dicet
770 4054 1027 4119 Baetiua
1088 4053 1154 4118 in
1218 4052 1770 4119 commentatione
1830 4051 2357 4141 palaeographica
2394 4076 2456 4141 p.
2511 4054 2639 4121 931
2693 4068 2760 4121 et
2806 4056 2920 4121 alia

541 4161 835 4248 exempla
882 4160 1027 4225 dedi
1074 4162 1140 4225 in
1188 4160 1395 4226 Lance
1442 4160 1671 4226 Satura
1719 4181 1778 4246 p.
1833 4158 1897 4226 ¹7.
1943 4160 2040 4225 Ex
2088 4160 2319 4227 Photio
2367 4160 2648 4248 suppleri
2695 4162 2918 4248 poterit

539 4292 591 4335 e.
640 4268 762 4335 33:
804 4270 856 4335 οἱ
900 4266 1177 4347 πρότερον
1218 4268 1630 4347 περιορώμενοι
1676 4268 1832 4353 (τὸν
1872 4266 2261 4354 πολέμον)
2297 4266 2595 4344 ξυςαντες
2622 4269 2912 4348 ἐβοήθουν.

543 4374 695 4460 Cap.
772 4374 857 4439 34
920 4371 1125 4439 malo:
1189 4371 1288 4437 διὰ
1351 4375 1461 4447 τὴν
1525 4378 1640 4437 τῶν
1707 4373 2009 4455 Κορινθίων
2067 4376 2201 4441 οὐκ
2264 4374 2686 4455 ἐπαναγωγῆν
2735 4394 2911 4463 quam
