3150 5000
1231 260 1697 310 Maaonnnmvs.
1846 209 1857 225 κ
2528 233 2665 300 245

368 425 432 492 8.
484 425 590 492 10.
641 423 1093 510 „Constantius
1141 423 1465 510 impendio
1509 423 1782 489 timidus
1826 441 2076 508 semper
2123 441 2189 486 se
2234 420 2408 497 feriri
2457 437 2665 505 spera·

267 533 386 598 bat
434 537 508 597 ut
553 531 898 618 Dionysius
945 538 1252 617 tyrannus
1292 529 1404 597 ille
1443 529 1697 596 Siciliae
1714 578 1731 608 ‚
1777 531 1889 615 qui
1927 529 2007 595 ob
2044 528 2165 594 hoc
2204 527 2376 594 idem
2417 526 2657 593 uitium

267 646 337 704 et
389 641 719 705 tonstrices
767 637 1053 703 docuit
1099 635 1329 702 filias.”

364 745 626 812 Gonicio
673 754 781 824 „et
828 745 1161 810 tonstrices
1209 745 1468 818 <esse>
1517 741 1803 809 uoluit
1848 740 2065 808 filias.”

370 987 436 1054 8.
488 987 590 1053 13.
643 985 818 1065 „Sub
867 983 1238 1053 Constantio
1285 985 1584 1051 ordinum
1631 985 2033 1073 singulorum
2078 991 2477 1053 auctores
2522 981 2663 1052 infi-

272 1100 414 1162 nita
461 1093 756 1180 cupidine
803 1093 1181 1158 diuitiarum
1230 1091 1583 1158 arserunt.”

369 1199 620 1266 Scribas
665 1219 898 1285 quaeso
943 1197 1356 1264 ductores.
1415 1236 1492 1246 —
1541 1197 1628 1262 Et
1672 1201 1763 1263 sic
1806 1202 1934 1266 iam
1984 1199 2142 1266 olim
2188 1199 2546 1266 Reinesius.

374 1434 480 1502 10.
549 1433 609 1499 6.
686 1433 906 1512 „Vnde
978 1455 1124 1500 cum
1189 1455 1258 1500 se
1321 1437 1617 1500 uertisset
1662 1435 1760 1500 -ad
1823 1433 2113 1521 plebem,
2186 1435 2482 1522 stupebat
2542 1455 2667 1520 qua

278 1540 740 1607 celeritate
787 1559 974 1606 omne
1021 1539 1189 1625 quod
1237 1540 1475 1627 ubique
1523 1545 1622 1605 est
1669 1540 2007 1606 bominum
2046 1562 2249 1629 genus
2290 1541 2669 1608 confluxerit

279 1645 624 1713 Romam.”

373 1751 667 1819 Postulat
733 1755 1046 1819 sententia
1117 1774 1284 1838 „qua
1353 1752 1893 1819 crebritate”.
1958 1753 2038 1818 cf.
2100 1775 2154 1820 c.
2219 1754 2324 1820 12.
2373 1753 2498 1821 29:
2555 1755 2661 1832 „in

280 1879 483 1926 unum
530 1865 779 1925 coactae
823 1858 1262 1926 multitudinis
1307 1859 1675 1926 crebritas.”

369 2093 528 2160 Ibid.
583 2092 946 2171 „Insidebat
991 2113 1180 2161 aureo
1227 2093 1399 2159 solus
1446 2095 1585 2179 ipse
1630 2099 1925 2179 carpento
1964 2093 2244 2182 fulgenti
2284 2094 2665 2162 claritudine

273 2201 567 2288 lapidum
613 2203 974 2279 uariorum,
1024 2220 1147 2285 quo
1195 2203 1470 2266 micante
1514 2199 1629 2266 lux
1674 2201 1986 2286 quaedam
2026 2201 2284 2267 misceri
2323 2201 2663 2268 uidebatur

277 2307 450 2375 alte
467 2305 674 2373 rna.”

368 2414 662 2481 Restitue
709 2435 928 2481 ueram
973 2414 1312 2481 lectionem
1362 2434 1448 2480 ae
1465 2420 1494 2479 t
1513 2415 1556 2479 h
1575 2437 1609 2481 e
1626 2417 1692 2479 ri
1710 2436 1764 2481 a.

374 2646 478 2713 10.
527 2646 588 2715 8.
644 2649 768 2733 „Et
815 2649 1144 2716 incedebat
1189 2648 1338 2715 hinc
1385 2649 1534 2714 inde
1582 2650 1734 2715 ordo
1772 2653 2071 2737 geminus
2114 2658 2505 2717 armatorum
2546 2653 2658 2719 cli-

275 2760 502 2839 peatus
569 2762 758 2841 atque
825 2758 1121 2821 cristatus
1180 2775 1436 2821 corusco
1495 2755 1745 2821 lumine
1808 2755 2093 2835 radians,
2161 2758 2385 2821 nitidis
2448 2757 2663 2823 loricis

278 2860 577 2938 indutus,
648 2864 972 2949 sparsique
1042 2862 1430 2946 cataphracti
1487 2863 1731 2947 equites
1754 2911 1770 2939 ,
1838 2881 1993 2945 quos
2057 2861 2433 2929 clibanarios
2479 2864 2663 2929 dicti-

275 2971 451 3051 tant,
504 2988 899 3053 personas
947 2968 1278 3033 thoracum
1327 2968 1562 3031 minuti
1615 2969 2013 3055 tegminibus
2058 2974 2124 3033 et
2169 2967 2393 3034 limbis
2440 2970 2661 3034 ferreis

275 3071 538 3138 cincti.”
1347 3062 1352 3069 ⁴

367 3178 680 3247 Person
701 3201 782 3247 as
845 3189 940 3247 est
999 3179 1384 3269 figmentum
1429 3180 1951 3267 Eyssenhardtii,
2002 3203 2126 3267 quo
2175 3183 2329 3267 quid
2374 3184 2498 3248 sibi
2545 3204 2662 3249 uo-

271 3284 469 3351 luerit
491 3286 750 3353 uideant
772 3290 1100 3353 acutiores.
1147 3285 1290 3353 Vat.
1315 3287 1508 3353 habet
1552 3288 1983 3373 personati
2025 3290 2189 3374 quod
2216 3286 2659 3355 Gardthausen

273 3392 524 3458 uncinis
569 3397 838 3479 saepsit3
879 3414 1028 3459 uera
1066 3393 1255 3460 lectio
1295 3394 1551 3459 uidetur
1599 3396 2027 3480 peronati,
2068 3398 2107 3459 i.
2140 3416 2195 3460 e.
2239 3416 2422 3460 crura
2445 3396 2661 3481 pedes-

276 3518 400 3584 que
443 3501 782 3585 peronibus
828 3501 1087 3565 muniti.
1136 3501 1216 3567 cf.
1264 3498 1438 3565 Pers.
1489 3497 1624 3565 Sat.
1674 3500 1749 3566 V.
1804 3498 1953 3565 102.

371 3718 474 3785 10.
529 3720 635 3785 12.
683 3718 849 3797 „Per
896 3740 1083 3785 omne
1129 3728 1385 3807 tempus
1429 3723 1685 3806 imperii
1724 3742 1839 3786 nec
1878 3723 1946 3786 in
1986 3742 2344 3786 consessum
2373 3721 2657 3787 uehiculi

273 3847 661 3913 quemquam
706 3827 984 3912 suscepit
1029 3848 1142 3893 nec
1185 3829 1251 3893 in
1299 3829 1517 3893 trabea
1560 3831 1804 3893 socium
1851 3830 2179 3912 priuatum
2225 3828 2498 3892 adsciuit
2638 3874 2655 3891 .

273 3940 340 4000 et
385 3932 626 3999 similia
670 3932 914 4009 multa,
963 3954 1123 4019 quae
1169 3931 1376 3999 elatus
1420 3935 1489 3998 in
1539 3934 1813 3999 arduum
1864 3932 2277 4019 supercilium
2324 3940 2655 4018 tamquam

271 4038 452 4127 leges
499 4041 1057 4123 aequissimas
1101 4038 1534 4105 obseruauit.”

361 4142 792 4211 Praetulerim
858 4146 1394 4211 arctissimas
1438 4149 1566 4213 i.e.
1613 4147 2049 4212 seuerissimas
2092 4146 2173 4213 cf.
2219 4146 2387 4213 Plin.
2438 4145 2522 4211 Η.
2570 4145 2653 4211 Ν.

273 4250 454 4319 XVI.
503 4249 566 4315 4.
614 4251 678 4318 5.
