3150 5000
510 209 638 277 192
1577 229 1811 279 comer.

599 394 890 481 Reliquis
938 396 1317 462 coniecturis
1363 396 1619 462 accedat
1664 395 1821 462 haec
1867 416 2049 462 mea:

601 503 791 581 ὃλίγα
838 503 953 581 μὲν
1001 509 1268 568 λαλῶν
1315 541 1396 552 --
1443 514 1486 568 Β
1536 502 1825 568 δίκαια
1871 508 2105 569 ταῦτα.
2158 512 2211 568 Α
2259 502 2475 568 πολλὰ
2518 501 2575 568 δ’
2624 501 2845 568 ἐσθίων.

511 609 750 676 Δίκαια
796 613 1042 688 ταῦτα,
1092 611 1184 674 ita
1229 611 1411 674 decet.
1459 609 1789 676 Meinekio
1837 610 2103 714 debetur
2149 615 2375 673 λαλῶν.

598 844 778 911 Idem
825 845 900 910 fr.
953 843 1017 924 ⁶7,
1070 844 1155 910 10

973 951 1617 1018 καταπέλταισι
1669 952 1720 1016 δ’
1772 954 2444 1035 ἐστεφανώμεθα.

507 1059 795 1126 Pessime
842 1059 1046 1125 editor
1094 1059 1172 1123 δὲ
1220 1081 1259 1122 σ
1275 1083 1314 1122 τ
1331 1083 1360 1122 ε
1376 1063 1432 1139 φ
1449 1083 1491 1122 α
1509 1083 1538 1122 ν
1557 1082 1585 1124 o
1603 1057 1637 1124 25
1654 1084 1705 1137 μ.
1727 1085 1755 1124 ε
1775 1060 1804 1123 0
1824 1084 1867 1123 α
1886 1109 1904 1138 ,
1954 1059 2121 1145 quod
2169 1062 2260 1124 ita
2306 1067 2475 1126 recte
2521 1059 2804 1138 haberet,
2842 1061 2902 1125 si

508 1166 907 1251 praecederet
953 1164 1227 1237 ἀσπίδας
1276 1180 1315 1230 λ
1333 1190 1375 1229 α
1394 1189 1443 1241 μ
1462 1165 1512 1243 β
1528 1167 1569 1229 αἱ
1591 1190 1620 1229 ν
1638 1190 1665 1231 ο
1682 1192 1732 1243 μ
1752 1191 1781 1230 ε
1800 1191 1829 1230 ν
1850 1215 1868 1252 ,
1911 1187 2036 1231 non
2078 1163 2109 1230 ἔ
2121 1191 2175 1248 χ
2194 1190 2220 1230 0
2235 1192 2285 1242 μ
2304 1191 2333 1230 ε
2354 1191 2384 1230 ν
2406 1215 2422 1242 ,
2469 1168 2565 1230 uti
2590 1168 2902 1250 scriptum

509 1278 626 1339 est.
690 1271 751 1337 Ν
755 1292 833 1338 on
895 1271 1082 1338 aliter
1139 1271 1356 1337 iudico
1420 1271 1498 1336 de
1559 1275 1918 1339 coniectura
1965 1271 2087 1337 εἴτ’
2138 1272 2341 1350 ἔλαβε
2394 1293 2508 1358 pro
2556 1273 2787 1346 εἴληφε
2830 1272 2901 1336 in

509 1377 817 1445 Timoclis
882 1377 1090 1459 Δηλίῳ
1137 1379 1214 1443 fr.
1267 1376 1329 1454 4,
1381 1376 1443 1443 5.
1491 1417 1581 1427 —-
1628 1375 1924 1458 Ceterum
1974 1400 2052 1445 ex
2101 1381 2312 1445 titulis
2358 1381 2593 1444 Atticis
2640 1383 2904 1464 apparet

510 1485 956 1571 corrigendum
1022 1505 1156 1550 esse
1224 1483 1919 1562 καταπαλταισι,
1993 1505 2186 1571 quam
2257 1483 2555 1552 vocabuli
2624 1485 2902 1551 formam

511 1589 844 1658 confirmat
889 1592 1200 1658 derivatio
1246 1611 1282 1656 a
1329 1592 1521 1658 verbo
1569 1591 2035 1658 καταπῶλλειν.
2812 1583 2821 1591 ’

471 1881 477 1904 ·
603 1844 931 1912 Truncus
975 1845 1054 1910 fr,
1103 1842 1191 1908 22

785 1947 918 2019 ὅσον
963 1951 1036 2016 τὸ
1083 1949 1332 2030 μεταξὺ
1379 1953 1548 2028 μετὰ
1598 1951 1872 2032 κορίσκης
1932 1951 1966 2026 ἢ
2013 1953 2184 2027 μετὰ

783 2059 1208 2139 χαμαιτύπης
1257 2060 1368 2132 τὴν
1414 2058 1613 2123 νύκτα
1662 2059 2028 2135 κοιμᾶσθαι,
2076 2058 2319 2137 βαβαί.

789 2168 823 2241 ἦ
870 2165 1240 2249 στιφρότης,
1286 2166 1357 2228 τὸ
1403 2170 1726 2246 χρῶμα,
1779 2169 2066 2250 πνεῦμα,
2114 2163 2435 2242 δαίμονες,
2484 2166 2608 2230 κτὲ.

511 2274 698 2342 Kock
765 2292 998 2358 „quare
1057 2270 1228 2337 color
1271 2273 1546 2358 virginis
1592 2276 1659 2336 et
1704 2273 2058 2337 meretricis
2102 2273 2269 2336 inter
2316 2292 2382 2336 se
2429 2270 2720 2337 differant
2740 2317 2757 2349 ,
2806 2269 2911 2336 id-

515 2401 636 2467 que
698 2386 890 2445 noctu
947 2398 1072 2444 nou
1121 2377 1412 2463 exputo.’'
1456 2376 1877 2462 Aliquantum
1924 2382 2140 2442 tamen
2188 2380 2491 2444 interesse
2535 2377 2697 2444 solet
2739 2380 2912 2443 inter

511 2486 808 2554 flaccidae
862 2492 975 2551 aut
1019 2484 1270 2550 fucatae
1313 2485 1669 2550 meretricis
1713 2489 1779 2549 et
1825 2504 2011 2549 sanae
2056 2505 2377 2570 puraeque
2421 2486 2695 2573 virg-inis
2741 2483 2914 2551 colo·

509 2616 647 2661 rem
667 2641 686 2671 ‚
735 2614 849 2659 nec
895 2590 1362 2659 obliviscendae
1413 2596 1564 2655 sunt
1609 2590 1904 2657 lucernae
1949 2598 2160 2676 partes
2207 2594 2274 2656 in
2321 2613 2389 2657 re
2429 2611 2699 2657 venerea
2737 2590 2911 2677 apud

512 2708 779 2769 veteres.

605 2934 1024 3001 Tnormus
1088 2932 1149 3012 4,
1215 2931 1255 2998 3
1322 2932 1390 3007 ἣν
1450 2952 1563 3018 pro
1629 2926 1697 3005 ἦν
1759 2950 1865 2996 me
1925 2933 2214 3016 primum
2276 2930 2725 3019 corrigendum
2772 2950 2913 2996 esse

515 3043 834 3109 monuisse
895 3040 1239 3126 putabam,
1302 3039 1412 3104 sed
1473 3036 1610 3103 fieri
1654 3043 1863 3123 potest
1908 3044 1983 3103 ut
2030 3037 2254 3115 fallar,
2305 3058 2421 3103 nec
2468 3057 2619 3103 sane
2665 3058 2764 3103 res
2812 3044 2911 3102 est

515 3149 739 3235 magni
783 3148 1114 3214 momenti.

605 3415 908 3483 Pmlmo
953 3413 1030 3479 fr.
1081 3412 1145 3498 4,
1198 3412 1233 3479 1

883 3520 972 3587 σὺ
1023 3519 1077 3586 δ’
1124 3520 1240 3592 εἷς
1290 3517 1581 3593 ἅπαντας
1632 3515 1856 3598 εὗρες
1906 3518 2244 3599 ἀνθρώπους
2296 3515 2525 3583 Σόλων.

518 3630 700 3712 Quod
747 3629 1046 3716 proposui
1093 3620 1180 3698 εἷς
1225 3665 1306 3675 -
1346 3623 1524 3703 ᾖσας,
1573 3648 1740 3692 nunc
1782 3626 2011 3702 reici0‚
2052 3626 2199 3710 quia
2240 3628 2411 3689 recte
2452 3624 2530 3689 de
2568 3644 2690 3689 usu
2732 3624 2912 3690 verbi

517 3739 715 3805 activi
762 3734 919 3811 ἥδειν
958 3735 1128 3821 apud
1175 3732 1430 3799 Atticos
1479 3732 1772 3798 dubitare
1817 3732 2075 3799 videtur
2112 3730 2418 3797 Kockius.
2466 3728 2653 3805 Quod
2692 3736 2910 3796 autem

519 3844 816 3929 opposuit
877 3843 970 3907 ita
1030 3842 1270 3926 requiri
1331 3834 1416 3913 εἷς
1481 3839 1594 3917 ὤν,
1660 3838 1727 3904 id
1774 3858 1999 3903 verum
2051 3843 2247 3913 esset,
2298 3839 2353 3901 si
2400 3834 2747 3901 voluissem
2800 3844 2912 3919 „tu

519 3951 682 4015 solue
749 3949 1135 4034 (omnium),
1207 3946 1316 4012 sed
1386 3944 1709 4019 volebam⁸
1754 3956 1821 4007 tu
1888 3966 2044 4009 unus
2115 3965 2341 4021 omnes,
2417 3956 2491 4007 ut
2554 3942 2914 4027 frequenter

521 4054 752 4123 Graeci
811 4053 1180 4139 loquuntur.
1245 4052 1405 4119 Vide
1464 4074 1530 4119 v.
1578 4072 1635 4117 c.
1696 4049 1976 4117 Acharn.
2028 4048 2181 4115 493.
2234 4047 2677 4115 Nihilominus
2726 4047 2911 4114 valde

521 4166 884 4247 suspectum
937 4167 1032 4225 est
1080 4159 1268 4239 εὑρεῖν
1317 4157 1404 4230 εἷς
1451 4182 1623 4242 τινα,
1673 4178 1798 4223 nou
1844 4176 2210 4245 praegresso
2260 4152 2579 4227 ἐπιτήδεια
2628 4152 2909 4219 similive

522 4267 831 4337 vocabulo
849 4317 868 4349 ,
916 4286 1109 4352 quare
1156 4272 1267 4331 aut
1314 4264 1441 4331 tale
1489 4264 1643 4350 quid
1701 4266 1771 4328 in
1830 4264 2215 4351 praegressis
2277 4262 2472 4327 fuisse
2532 4260 2908 4327 crediderim

523 4377 627 4442 hic
675 4380 889 4442 mente
934 4370 1349 4459 repetendum
1373 4420 1388 4451 ,
1435 4380 1548 4438 aut
1596 4368 1882 4456 aliquam
1927 4368 2067 4436 loco
2114 4368 2370 4434 subesse
2416 4364 2861 4453 corruptelam.
