3150 5000
1285 266 1526 316 oroneo.
2458 246 2592 314 289

243 433 500 516 primum
545 449 616 496 m
660 431 941 497 deletum
991 437 1056 497 et
1103 453 1140 496 a
1187 451 1310 516 quo
1361 433 1627 496 tertium
1677 448 1747 494 m
1792 437 1856 495 et
1900 430 2118 495 littera
2160 449 2187 496 1
2226 430 2471 496 adiecta
2510 431 2597 494 sit

236 537 322 602 Μ.
367 557 484 602 non
524 540 734 622 potuit
773 537 1190 603 discernere”.
1262 535 1401 602 Has
1448 539 1655 624 igitur
1691 555 1919 602 manus
1957 535 2349 622 distinguere
2392 537 2597 622 insig-

237 644 320 706 nis
361 648 454 706 est
496 645 760 727 peritiae
806 643 1396 731 palaeographicae,
1451 644 1673 729 exigui
1722 662 1893 706 usus.
1964 639 2032 706 Si
2072 645 2243 706 enim
2286 643 2593 706 maiorem

237 748 342 812 sibi
385 751 832 814 auctoritatem
881 749 1204 814 vindicare
1251 753 1462 833 posset
1515 749 1564 810 0
1604 749 1702 812 vel
1744 769 1777 814 c
1822 766 2015 832 quam
2065 747 2123 812 c¹
2176 746 2461 813 multum
2494 747 2596 812 in-

237 859 474 918 teresset
537 854 620 918 ad
665 854 1166 920 constituendam
1215 853 1558 919 lectionem
1610 852 1887 941 singulis
1930 853 2088 918 locis
2132 855 2291 918 scire
2309 901 2327 936 ,
2375 858 2597 918 utrum

236 958 392 1024 illius
435 966 600 1024 esset
646 962 946 1025 correctio
990 979 1069 1024 an
1119 959 1383 1024 alterius
1424 961 1524 1043 c¹;
1567 959 1677 1024 sed
1710 959 1827 1023 hoc
1868 958 2163 1024 contendi
2200 977 2325 1023 non
2364 963 2594 1042 potest.

240 1065 499 1130 Alteram
537 1085 802 1132 manum
846 1065 1083 1130 bonum
1124 1065 1421 1131 habuisse
1460 1085 1649 1150 quem
1693 1071 2061 1148 sequeretur
2098 1064 2377 1130 codicem
2406 1084 2597 1147 supra

239 1171 720 1236 demonstratum
767 1178 862 1236 est
905 1169 1040 1236 Vol.
1087 1169 1235 1236 XII.
1279 1193 1335 1255 p.
1375 1169 1509 1235 283
1553 1191 1645 1256 sq.
1694 1170 2023 1235 Plurimae
2064 1168 2328 1235 alterius
2369 1189 2597 1234 manus

237 1276 514 1342 lectiones
576 1284 690 1342 aut
745 1277 1245 1362 aequiparandae
1306 1284 1454 1342 sunt
1499 1283 1615 1342 aut
1660 1275 2099 1361 praeferendae
2150 1278 2346 1340 etiam
2388 1277 2597 1359 primo

237 1381 492 1448 librario.
543 1382 726 1462 Quod
765 1385 820 1448 si
861 1385 1004 1467 quis
1043 1383 1170 1448 alia
1216 1383 1596 1448 documenta
1641 1381 1952 1447 desideret
1972 1428 1987 1456 ,
2030 1381 2261 1466 quibus
2302 1387 2599 1465 appareat

235 1509 304 1552 ex
351 1489 502 1554 bono
549 1489 722 1554 fonte
767 1489 1052 1554 hausisse
1101 1488 1367 1554 alteram
1384 1537 1403 1574 ‚
1450 1491 1751 1576 inspiciat
1798 1488 1963 1553 infra
2008 1491 2277 1572 scripta:

313 1701 400 1766 ΙΙ.
459 1700 566 1768 28.
637 1701 946 1780 ‚,Verene‚
1013 1704 1225 1786 inquit
1285 1701 1633 1783 Manilius,
1697 1701 1815 1766 hoc
1878 1703 2223 1765 memoriae
2270 1700 2595 1785 proditum

235 1813 349 1882 est,
411 1805 737 1890 Africane,
787 1828 1004 1894 regem
1051 1810 1252 1872 istum
1303 1805 1590 1872 Numam
1639 1807 2189 1893 Pythagorae[ne]
2241 1812 2433 1891 ipsius
2474 1807 2600 1870 dis·

236 1915 478 1996 et'pdum
541 1938 622 1977 an
681 1922 834 1978 certe
893 1915 1328 1998 Pytkaqoreum
1379 1913 1649 1998 suisse”.
1736 1913 2017 1978 Litterae
2076 1915 2364 1978 cursivae
2433 1913 2599 1978 indi-

236 2029 368 2084 cant
427 2021 524 2085 2⁸⁰
565 2041 796 2086 manus
842 2020 1349 2086 additamentum
1401 2017 1520 2106 (οἱ)
1567 2021 1841 2084 testibus
1885 2019 2149 2103 Bievio,
2206 2017 2597 2095 Detlefseno‚

237 2124 460 2191 Mavio.

317 2337 392 2402 11.
458 2338 566 2402 45.
634 2337 844 2416 „Nam
905 2359 1018 2404 rex
1079 2337 1192 2403 ille
1241 2375 1324 2389 --
1373 2341 1627 2425 integra
1686 2343 1901 2403 mente
1944 2357 2069 2403 non
2115 2345 2251 2403 erat
2298 2345 2400 2422 et,
2449 2359 2597 2404 cum

243 2449 540 2510 metueret
583 2449 708 2528 ipse
740 2467 992 2527 poenam
1035 2443 1278 2509 sceleris
1323 2445 1422 2509 sui
1463 2465 1743 2508 summam
1762 2491 1779 2521 ‚
1825 2445 2007 2509 metui
2058 2463 2123 2511 se
2169 2443 2483 2529 volebat?-

315 2642 398 2708 ΙΙ.
461 2641 568 2706 48.
635 2663 824 2721 „cum
887 2664 986 2708 res
1042 2647 1179 2727 ipsa
1241 2643 1675 2719 admonuerit,
1732 2649 1807 2707 ut
1852 2646 1919 2708 in
1966 2663 2073 2709 eos
2116 2644 2430 2720 dicamus,
2484 2648 2597 2729 qui

239 2749 409 2813 etiam
459 2750 713 2815 liberata
761 2754 878 2812 iam
925 2751 1186 2814 civitate
1234 2748 1695 2815 dominationes
1739 2749 2249 2833 adpetiverunt”.

317 2944 390 3009 11.
442 2944 549 3009 52.
599 2948 680 3011 iis
727 2948 898 3011 enim
946 2949 1144 3033 regiis
1195 2986 1272 2997 —-
1321 2950 1502 3013 annis
1545 2984 1626 2997 —
1668 2950 2026 3032 praeteritis
2060 2950 2413 3034 expulsoque
2450 2948 2603 3015 'I'ar-

241 3052 436 3135 quinio
462 3058 715 3117 tantum
741 3052 958 3117 odium
988 3052 1296 3137 populum
1315 3052 1678 3121 Romanum
1708 3052 1942 3141 regalis
1966 3055 2245 3121 nominis
2270 3053 2603 3121 tenuit—’⁹

243 3152 304 3219 In
355 3156 486 3222 Vat.
535 3164 666 3222 est:

1465 3274 1476 3285 .
1507 3274 1516 3283 ·
1674 3254 1697 3286 8

985 3298 1845 3376 rma-ammsmorunooun.

243 3400 360 3468 Has
403 3412 528 3471 tres
586 3406 962 3490 posteriores
1027 3408 1438 3473 correctiones
1509 3410 1790 3493 optimae
1856 3414 2043 3473 notae
2091 3412 2195 3473 cui
2244 3410 2606 3477 adscribant

239 3506 617 3576 Detlefsenus
681 3516 746 3576 et
805 3511 1064 3577 Mevius
1125 3533 1249 3578 non
1312 3520 1601 3599 apparet3
1670 3534 1819 3579 nam
1880 3514 2053 3579 solus
2112 3514 2383 3581 Riovius
2444 3517 2601 3582 haec
2663 3557 2669 3563 -

239 3616 520 3701 contulit3
595 3616 705 3682 sed
780 3617 972 3702 primi
1041 3616 1166 3683 loci
1235 3621 1684 3685 correctionem
1704 3666 1719 3695 ‚
1799 3620 2337 3704 quemadmodum
2406 3642 2604 3705 paene

242 3737 470 3797 omnes,
541 3723 774 3807 quibus
835 3743 1026 3807 supra
1097 3723 1209 3788 1.1.
1277 3745 1390 3809 pro
1453 3725 1835 3790 documento
1906 3746 2060 3791 usus
2116 3746 2294 3810 sum,
2344 3726 2605 3794 Mavius

243 3844 468 3910 quoque
529 3829 864 3895 recentiori
912 3831 1246 3895 correctori
1295 3828 1358 3894 c²
1407 3829 1741 3895 adscribit:
1792 3831 2066 3896 secunda
2110 3830 2225 3896 illa
2270 3852 2496 3898 manus
2542 3834 2603 3899 c¹

246 3935 530 4010 correxit,
593 3938 668 3997 ut
731 3954 808 3998 ex
873 3933 1075 3999 forma
1137 3934 1497 4000 litterarum
1562 3940 1627 3999 et
1682 3939 2024 4001 atramenti
2073 3934 2277 4002 colore
2322 3944 2603 4015 constat,

241 4052 440 4101 omnes
499 4037 670 4104 locos
735 4039 830 4103 ibi
888 4038 1176 4104 laudatos
1237 4046 1486 4124 praeter
1543 4042 1582 4123 ᾗ
1645 4040 1679 4104 1
1748 4048 1936 4105 tatum
1992 4040 2059 4105 in
2118 4044 2323 4106 datum
2368 4049 2433 4107 et
2478 4044 2515 4127 ὅ
2563 4046 2605 4110 3

241 4138 660 4230 doctoribusque
709 4146 774 4208 in
822 4145 1076 4208 doctor-is
1095 4191 1111 4221 ,
1163 4148 1321 4237 ratio
1367 4148 1435 4210 in
1482 4146 1675 4210 oratio
1723 4146 1835 4211 ubi
1888 4148 1941 4209 G
1966 4148 2064 4210 vel
2098 4170 2130 4210 e
2166 4150 2571 4235 cognoscitur
2587 4195 2603 4227 ,

243 4245 493 4411 pusilla,
559 4252 614 4314 si
675 4270 820 4315 cum
869 4249 1165 4335 reliquis,
1213 4272 1478 4317 numero
1526 4272 1775 4338 quoque
1822 4252 2029 4319 multo
2076 4252 2403 4340 pluribus,
2455 4275 2602 4321 con-

265 4358 531 4419 arantur.
