3150 5000
593 241 720 310 184
1666 263 1897 314 comm.

505 435 514 442 ’
571 428 990 518 elegantiores
1061 429 1112 514 (i
1175 431 1595 516 giovanotti)‚
1666 435 1776 516 qui
1842 433 2033 517 genio
2094 430 2499 518 indulgentes
2547 431 2855 497 convivia
2910 437 2969 495 et

571 533 905 621 lupanaria
965 534 1466 620 frequentarent,
1524 557 1652 601 non
1698 541 1953 601 tantum
2003 541 2211 602 aetate
2257 539 2535 602 iuniores
2580 535 2689 602 sed
2737 539 2970 622 impri-

575 643 704 706 mis
774 641 1037 728 spiritu,
1108 644 1220 727 qui
1288 643 1587 707 omnibus
1646 644 1729 707 iis
1792 641 2150 708 fruerentur
2213 663 2375 728 quae
2436 641 2706 709 iuvenili
2770 645 2971 708 aetati

577 753 1012 836 congruerent.
1079 745 1342 812 Talibus
1402 752 1619 813 autem
1665 748 1822 813 viris
1869 746 2014 813 odio
2058 768 2131 814 ac
2175 750 2350 814 senio
2394 747 2589 814 fuisse
2633 747 2969 834 Pythago·

575 855 879 920 ristarum
927 853 1254 920 sordidum
1302 855 1549 921 victum
1596 874 1785 920 nemo
1833 855 2197 920 mirabitur.

669 1071 916 1136 Amms
955 1069 1032 1134 fr.
1075 1067 1182 1134 25.
1223 1067 1362 1134 Hoc
1401 1067 1837 1156 fragmentum
1866 1066 2151 1133 Alexidis
2174 1086 2405 1132 nomen
2429 1068 2689 1132 mentiri
2712 1071 2975 1152 praeter

576 1179 788 1262 ipsum
845 1178 957 1262 qui
1015 1175 1193 1241 affert
1247 1173 1663 1240 Athenaeum
1719 1175 2121 1240 consentiunt
2180 1173 2498 1240 Porsonus
2516 1221 2534 1258 ,
2602 1171 2971 1254 Dobraeus,

575 1281 1026 1357 Marklandus,
1075 1280 1464 1346 Meinekius.
1511 1280 1723 1368 Negat
1762 1301 1927 1346 unus
1968 1279 2152 1346 Kock
2171 1327 2187 1358 ‚
2228 1303 2499 1362 maynum
2526 1278 2777 1344 scilicet
2802 1281 2973 1343 testi·

575 1394 829 1454 monium
869 1393 1045 1454 ratus
1086 1386 1253 1472 quod
1290 1388 1426 1452 eius
1465 1396 1683 1452 auctor
1720 1407 1871 1452 usus
1911 1389 1996 1451 sit
2036 1387 2311 1452 nominis
2338 1386 2731 1464 Ἀκαδήμεια
2758 1387 2976 1452 forma

576 1494 872 1584 legitima
899 1495 995 1582 (1).
1040 1493 1136 1560 At
1179 1515 1275 1559 vs.
1327 1491 1367 1557 6
1418 1493 1585 1558 dixit
1633 1490 1791 1566 ἥδιον
1839 1491 2235 1579 paenultima
2283 1492 2499 1577 brevi,
2546 1491 2717 1578 quod
2762 1511 2974 1578 neque

577 1601 938 1668 defenditur
981 1599 1118 1666 loco
1166 1601 1359 1665 Arist.
1409 1597 1526 1684 Eq.
1579 1597 1755 1664 1263
1802 1599 2087 1684 (κάλλῗον
2134 1601 2201 1663 in
2248 1597 2517 1678 melicis)
2563 1619 2771 1683 neque
2814 1597 2975 1662 locis

577 1707 938 1793 depravatis
997 1705 1108 1772 sed
1153 1706 1397 1771 dudum
1447 1707 1745 1771 correctis
1792 1704 1942 1770 Eur.
1994 1703 2217 1791 Suppl.
2271 1703 2447 1770 1110
2494 1709 2560 1770 et
2604 1705 2839 1770 Aesch.
2898 1705 2971 1768 fr.

581 1812 712 1879 302
773 1813 985 1900 (ch).
1055 1811 1492 1898 Suspicionem
1561 1815 1757 1877 etiam
1808 1817 2003 1899 auget
2050 1809 2358 1877 mirificus
2403 1832 2557 1877 usus
2595 1811 2781 1876 verbi
2832 1834 2971 1890 τυρ-

577 1919 801 2001 βάζειν
866 1939 978 2006 pro
1049 1921 1292 1999 τρυφᾶν
1356 1924 1420 1983 et
1480 1918 1647 2004 quod
1709 1919 1903 1983 nimis
1964 1919 2175 2004 inepte
2233 1939 2327 1986 vs.
2379 1917 2418 1986 '7
2478 1925 2680 1982 venter
2724 1917 2973 1984 dicitur

580 2028 742 2092 solus
787 2047 920 2092 esse
965 2026 1190 2091 bomini
1229 2031 1402 2108 pater
1446 2031 1510 2091 et
1557 2031 1762 2090 mater.
1812 2025 1959 2091 Alia
2001 2043 2126 2090 non
2172 2030 2384 2113 tango.

664 2243 843 2309 Idem
894 2243 967 2308 fr.
1023 2241 1129 2307 56.
1189 2241 1530 2308 Decretum
1578 2247 1707 2326 est,
1760 2245 1850 2307 ait
1868 2291 1885 2326 ,
1934 2244 2209 2327 piscium
2256 2243 2717 2308 mercatoribus
2766 2239 2971 2308 Galli-

575 2349 858 2416 medonti
906 2348 1166 2416 heluoni
1211 2355 1488 2414 statuam
1536 2369 1767 2435 ponere
1813 2351 1880 2413 in
1928 2348 2063 2415 foro
2109 2351 2463 2435 piscatorio.

891 2453 989 2542 (5)
1036 2456 1110 2529 ὥς
1162 2455 1347 2521 αὑτὸν
1393 2453 1514 2521 ὅντ’
1563 2456 1800 2521 αὑτοῖσι
1848 2461 1957 2527 τῆς
2006 2455 2232 2539 τέχνης
2283 2455 2521 2536 μόνον

1042 2570 1321 2642 σωτῆρσι,
1371 2562 1564 2635 τοὺς
1622 2560 1928 2633 ἄλλους
1979 2562 2041 2627 δὲ
2089 2564 2407 2635 πάντας
2444 2560 2695 2643 ζημίαν.

571 2667 837 2735 Temere
885 2668 1104 2735 Kock:
1153 2668 1424 2747 μέγαν
1475 2706 1596 2747 -—·‚
1647 2676 1815 2739 τοῖς
1863 2666 2160 2740 ἄλλοις
2207 2669 2271 2735 δὲ
2320 2669 2658 2740 πάντως.
2716 2667 2963 2736 Parnm

571 2779 777 2853 enim,
841 2777 1098 2861 opinor,
1163 2777 1467 2842 curabant
1527 2776 1576 2840 οἱ
1640 2775 2026 2855 ἰχθυοπῶλαι
2094 2773 2625 2843 Callimedontem
2692 2773 2963 2861 reliquis

570 2902 826 2958 nocere,
897 2882 1086 2948 modo
1155 2884 1310 2967 ipsis
1377 2881 1717 2967 prodesset.
1793 2882 2035 2958 Ζημίαν
2097 2889 2207 2955 τῆς
2277 2882 2503 2961 τέχνης
2570 2880 2733 2946 salse
2798 2882 2965 2946 dixit

569 3006 822 3065 omnes,
895 2990 1004 3073 qui
1073 3009 1198 3053 non
1255 2994 1352 3053 tot
1415 2989 1617 3073 pisces
1681 2994 1963 3053 emerent
2024 3006 2179 3074 quot
2227 2984 2647 3054 Callimedon.
2696 2983 2965 3053 Comica

567 3098 1054 3183 exaggeratione
1116 3101 1368 3179 poetam
1433 3098 1524 3158 uti
1592 3094 2003 3160 manifestum
2067 3102 2180 3161 est.
2252 3092 2424 3161 Cave
2492 3096 2698 3181 igitur
2764 3114 2963 3159 unam

565 3198 849 3266 litteram
899 3204 1128 3267 mutes.

521 3428 530 3439 ·
659 3403 840 3470 Idem
897 3404 974 3471 fr.
1023 3402 1109 3469 96

1018 3510 1122 3576 και)
1177 3510 1502 3589 θηρίκλειός
1550 3536 1643 3585 τις
1694 3509 1907 3597 κύλιξ,
1959 3512 2271 3594 στέφανον
2321 3512 2529 3596 κύκλῳ

1019 3618 1253 3698 ἔχουσα
1300 3624 1599 3699 χρυσοῦν·
1650 3620 1715 3682 οὖ
1766 3620 1922 3697 γὰρ
1971 3619 2299 3693 gxi-rumh
2348 3644 2507 3685 rma.

565 3723 747 3789 Kock
799 3723 1244 3800 „scribendum
1292 3725 1546 3789 videtur
1586 3723 2085 3808 badzpvoov„
2114 3727 2278 3812 quod
2331 3727 2563 3793 melius
2613 3730 2957 3813 opponitur

563 3832 645 3909 τῷ
711 3831 1074 3911 ἐπιτήκτῳ.”
1137 3830 1274 3917 Ego
1332 3852 1532 3915 neque
1582 3832 1701 3895 hoc
1749 3854 1951 3917 neque
1997 3832 2159 3898 illud
2210 3836 2365 3898 satis
2410 3834 2751 3921 intellego,
2804 3856 2953 3900 nam

563 3943 810 4021 poterat
869 3936 984 4002 illa
1045 3958 1270 4003 corona
1327 3937 1528 4003 solido
1577 3958 1730 4003 auro
1776 3940 2059 4004 confecta
2104 3961 2237 4005 esse
2286 3948 2351 4006 et
2399 3948 2615 4006 tamen
2666 3940 2955 4028 aggluti-

566 4056 718 4109 nata
763 4042 1007 4128 poculo.
1057 4042 1236 4108 Num
1285 4044 1447 4126 sorte
1497 4045 1903 4110 scribendum

1017 4148 1252 4230 ἔχουσα
1292 4154 1556 4232 χρυσοῦν
1603 4151 1670 4215 οὔ
1718 4150 2339 4228 παρεπίτηκτόν
2389 4150 2574 4218 rma?

563 4252 658 4322 Of.
709 4254 914 4321 lexica
961 4276 1010 4319 s.
1061 4277 1166 4321 vv.
1209 4256 1823 4335 παρεπιδείκνυσθαι,
1862 4261 2413 4339 παρεπισπᾶσθκι,
2439 4260 2947 4338 παρεμβάλλειν,
3093 4250 3094 4312 l

563 4362 1002 4445 παρεκλέγειν,
1069 4364 1560 4448 παραδύεσθαι,
1630 4364 2137 4445 παρεισδύεσθαιι,
2206 4366 2648 4445 παρεισάγειν,
2716 4391 2949 4447 παρεγ-

3094 4002 3096 4050 A
