3150 5000
1368 1116 1521 1220 AD
1589 1115 2211 1223 LUOIANUM.

1700 1429 1944 1451 *-.

696 1679 987 1741 Somnium
1034 1695 1170 1759 cap.
1222 1673 1283 1737 2.
1338 1672 1590 1738 δίδασκε
1641 1671 2032 1751 παραλαβὼν
2080 1673 2260 1737 λίθων
2307 1674 2578 1754 ἐργάτην
2621 1671 2835 1740 εἶναι
2885 1671 2982 1736 καὶ

601 1785 1023 1860 συναρμοστὴν
1070 1780 1174 1844 καὶ
1224 1779 1641 1858 ἑρμογλύφον.
1691 1781 2019 1843 Assentior
2057 1777 2482 1846 Herwerdeno
2531 1781 2706 1865 (vide
2747 1779 2982 1846 Mnem.

602 1889 741 1956 Vol.
792 1887 918 1952 VII
968 1907 1113 1973 pag.
1166 1883 1323 1970 206)
1374 1880 1451 1949 εἷ
1464 1909 1589 1948 ναι
1631 1887 1922 1969 spurium
1969 1905 2105 1950 esse
2146 1885 2490 1965 iudicanti;
2537 1887 2614 1952 cf.
2642 1885 2976 1954 Icaromen.

602 2016 737 2078 cap.
803 1993 841 2056 5
893 1992 1162 2069 ἠξίουν
1218 1991 1911 2070 μετεωρολέσχης
1959 1990 2535 2058 διδάσκεσθαι.
2605 1991 2982 2077 Exemplum

604 2101 797 2164 huius
845 2119 996 2162 usus
1044 2097 1297 2163 afferam
1347 2117 1423 2161 ex
1469 2097 1769 2172 Platone,
1821 2103 1896 2161 ut
1945 2097 2173 2164 mendo
2220 2097 2507 2164 liberem.
2557 2099 2790 2164 Editur
2829 2097 2976 2182 Rep.

604 2206 694 2271 IV
747 2203 879 2270 422
928 2205 983 2269 E
1032 2205 1136 2268 καὶ
1186 2203 1322 2276 τοὺς
1375 2205 1523 2274 υἱεῖς
1573 2203 1606 2278 ἢ
1657 2201 1886 2275 ἄλλους
1940 2201 2036 2275 οὓς
2084 2204 2162 2271 ἄν
2212 2204 2559 2286 διδάσκῃ
2606 2207 2844 2286 χείρους
2893 2205 2982 2278 δη-

602 2313 927 2392 μιουργοὺς
994 2309 1453 2386 διδάξεται.
1526 2309 1764 2389 Quodsi
1825 2331 2046 2376 revera
2097 2313 2193 2376 ita
2237 2314 2492 2397 scripsit
2540 2311 2980 2398 philosophae,

602 2440 683 2485 ne
740 2420 874 2504 ipse
942 2417 1238 2503 quidem,
1300 2416 1452 2502 quid
1499 2415 1666 2481 inter
1713 2416 2132 2481 διδάσκειν
2180 2425 2246 2483 et
2292 2417 2846 2483 διδάσκεσθαι
2890 2419 2982 2481 in·
3101 2488 3103 2492 ⁸

597 2527 819 2603 tersit,
866 2526 1021 2589 satis
1068 2536 1463 2609 perspectum
1502 2522 1802 2589 habuisse
1844 2523 2188 2588 censendus
2228 2527 2365 2589 erit.
2419 2522 2543 2590 Sed
2581 2525 2824 2591 bonum
2865 2524 2983 2588 fac·

600 2640 741 2697 tum
808 2630 975 2716 quod
1038 2630 1412 2714 praecedens
1475 2628 1818 2711 διδάσκη
1885 2630 2174 2694 fraudem
2245 2632 2464 2718 arguit
2481 2652 2498 2707 ;
2571 2633 2791 2717 itaque
2861 2628 2984 2698 noli

599 2740 921 2816 dubitare,
1007 2740 1161 2822 quin
1231 2732 1672 2810 διδάξεται
1745 2734 2094 2801 scribarum
2166 2739 2416 2801 incuria
2486 2739 2812 2824 irrepserit
2881 2753 2984 2820 pro

599 2841 938 2918 διδάξει.
1030 2840 1222 2925 Apud
1282 2842 1600 2925 sequior-es
1668 2843 1864 2907 activi
1925 2847 1989 2906 et
2054 2841 2247 2906 medii
2322 2842 2557 2907 formas
2629 2843 2982 2929 promiscue

599 2950 886 3015 adhiberi
950 2970 1026 3013 ex
1088 2950 1223 3031 ipso
1287 2946 1567 3012 Lucieno
1631 2954 1922 3031 apparet,
1993 2946 2068 3012 de
2122 2947 2304 3011 cuius
2355 2968 2476 3012 usu
2522 2950 2862 3014 verissima
2909 2945 2980 3010 ad

598 3058 767 3122 hunc
811 3056 1023 3139 ipsum
1071 3053 1287 3117 locum
1336 3053 1670 3118 admonuit
1715 3052 2121 3117 Fritschzius.
2196 3052 2600 3138 Quamquam
2645 3052 2802 3119 huic
2841 3071 2984 3139 quo-

600 3182 723 3247 que
766 3160 1061 3225 licentiae
1110 3165 1278 3222 ‘sunt
1326 3162 1481 3223 certi
1528 3158 1798 3243 denique
1847 3157 2046 3223 fines':
2096 3164 2159 3223 et
2195 3160 2460 3243 scribis,
2499 3180 2624 3224 non
2665 3158 2980 3233 LucianO,

595 3274 695 3334 est
758 3264 1209 3349 imputandum
1272 3263 1440 3347 quod
1494 3265 1560 3328 in
1623 3264 1761 3329 Vit.
1827 3266 2014 3329 Auct.
2083 3286 2213 3349 cap.
2286 3266 2324 3329 3
2391 3267 2664 3350 emptori
2721 3267 2984 3331 interro·

598 3375 814 3461 ganti:
881 3370 945 3435 τί
1014 3394 1098 3447 με
1142 3366 1539 3453 διδάξεις;
1591 3370 1995 3455 Pythagoras
2043 3370 2420 3454 respondens
2466 3371 2834 3437 inducitur:
2884 3372 2984 3436 δι-

600 3477 954 3555 δάξομαι
1020 3476 1133 3549 μὲν
1198 3472 1377 3539 οὐδέν.
1462 3474 1559 3539 Ex
1625 3478 1715 3539 rei
1771 3481 1998 3541 natura
2057 3478 2122 3539 in
2185 3474 2424 3541 talibus
2489 3476 2715 3541 iisdem
2768 3478 2986 3543 formis

600 3604 816 3650 omnes
864 3584 931 3646 in
980 3580 1391 3666 colloquendo
1440 3584 1706 3645 utimur.
1777 3579 2098 3646 Rescribe:
2157 3584 2231 3645 τί
2278 3605 2370 3657 με
2420 3580 2779 3661 διδάξεις

695 3689 873 3769 Quod
916 3694 1057 3772 post
1096 3708 1294 3771 pauca
1339 3686 1577 3773 legitur
1616 3687 1950 3765 άνθρώπους
1979 3686 2368 3752 άνὲπλαττον
2411 3687 2784 3765 εἰκότως,
2827 3688 2984 3754 desi·

600 3796 746 3861 dero
795 3792 1159 3875 exemplum
1209 3792 1377 3877 apud
1428 3792 1624 3857 bonae
1673 3800 1857 3858 notae
1903 3795 2307 3877 scriptorem,
2354 3794 2466 3858 ubi
2508 3795 2774 3860 verbum
2820 3791 2984 3881 quod

600 3908 696 3967 est
741 3898 1075 3971 εἰκότως
1124 3920 1197 3964 eo
1247 3920 1432 3963 sensu
1481 3904 1843 3983 usurpatur.
1917 3896 1988 3962 In
2038 3892 2644 3984 promptujquidem
2697 3906 2792 3965 est
2841 3920 2984 3965 con-

600 4010 791 4073 iicere
856 4005 1227 4083 εἰκότας,
1300 4005 1407 4069 sed
1473 4026 1551 4070 ne
1602 4006 1720 4069 hoc
1767 4004 2024 4090 quidem
2074 4007 2228 4069 satis
2275 4004 2518 4090 placet;
2569 4005 2744 4070 aliud
2792 4005 2985 4072 latere

602 4113 905 4199 suspicor.
979 4111 1050 4175 In
1116 4110 1234 4176 fine
1291 4109 1431 4177 dele
1472 4109 1855 4198 languidum
1903 4109 2068 4174 illud
2117 4117 2181 4175 et
2226 4113 2394 4175 iners
2439 4111 2980 4176 additamentum:

604 4221 733 4283 ἀπ’
784 4219 1103 4293 ἐκείνης
1153 4241 1243 4296 γε
1289 4225 1430 4290 τῆς
1484 4224 1980 4291 πλαστικῆς.

694 4430 847 4519 Cap.
893 4430 953 4497 6.
1021 4426 1088 4505 ἦν
1148 4432 1213 4495 δὲ
1262 4432 1296 4505 ἡ
1346 4428 1459 4509 μὲν
1508 4430 1808 4509 ἐργατικὴ
1856 4428 1961 4492 καὶ
2010 4428 2252 4509 άνδρικη
2306 4429 2475 4513 [καὶ]
2526 4428 2833 4511 αὐχμηρὰ
2883 4428 2987 4501 την
