3150 5000
540 303 669 369 122
1450 327 1536 376 u>
1581 329 1986 378 rnonromffl.

532 489 757 574 Nunc,
820 493 915 558 mi
970 495 1301 580 maqt‘etem
1359 497 1529 582 quod
1585 497 1673 560 ad
1705 496 1924 581 fauces
1970 496 2240 573 adtinet,
2293 496 2461 561 brevi
2504 493 2927 583 temperantia

533 597 1042 685 appelletur,
1086 613 1145 666 et
1188 601 1353 677 mihi,
1390 613 1461 666 at
1495 601 1747 690 plenior
1789 604 2046 668 nuntius
2089 603 2299 667 veniet.

622 701 871 770 Haereo
931 707 998 770 in
1056 707 1438 794 appelletur,
1497 706 1665 791 quod
1725 709 1858 773 sine
1919 707 2114 773 dubio
2175 712 2566 793 corruptum.
2665 705 2925 772 Nomen

530 809 783 896 aliquod
844 811 1153 877 excidisse
1208 812 1495 890 videtur,
1557 815 1654 878 ita
1714 818 1790 878 ut
1849 811 1980 880 fere
2023 812 2370 900 legendum
2417 813 2502 878 sit
2545 813 2728 878 brevi
2771 825 2924 877 tem-

525 919 820 1007 perantia
864 918 1239 990 <morbuc>
1284 918 1784 1006 depelletar3
1833 918 1908 984 ef.
1961 915 2096 985 Cic.
2141 917 2326 985 Fam.
2376 916 2517 985 VII.
2559 917 2678 982 26.
2723 916 2770 982 2
2809 917 2925 982 i.f.

529 1022 635 1090 vel
698 1025 1110 1090 avelletur
1166 1023 1311 1090 coll.
1356 1023 1489 1090 Cic.
1544 1024 1733 1091 Tusc.
1778 1024 1891 1092 IV.
1939 1024 2069 1090 24:
2119 1026 2408 1092 inhaeret
2451 1027 2522 1091 in
2566 1024 2928 1092 visceribus

529 1129 697 1196 illud
758 1127 1008 1195 malum
1061 1132 1436 1217 exsistitque
1494 1132 1759 1198 morbus
1815 1138 1880 1197 et
1926 1133 2280 1220 aegrotatio
2301 1180 2317 1209 ,
2367 1151 2527 1218 quae
2575 1130 2787 1198 avelli
2831 1132 2928 1195 in-

529 1241 816 1303 veterata
871 1255 996 1300 non
1050 1241 1334 1321 possunt.
1384 1273 1467 1284 —-
1519 1235 1864 1323 Sequentia
1921 1237 2288 1304 emendavit
2347 1235 2726 1324 Schopenus
2773 1237 2926 1302 seri-

530 1339 735 1407 bendo
788 1353 849 1406 et
890 1342 1050 1407 mihi
1091 1366 1134 1407 α
1180 1354 1238 1408 te
1280 1343 1476 1408 lenior
1518 1367 1648 1408 nun
1657 1345 1782 1410 tius
1828 1346 2050 1428 veniet,
2103 1344 2271 1430 quod
2314 1344 2510 1429 probo
2527 1393 2546 1430 ,
2584 1345 2722 1410 nisi
2759 1340 2926 1428 quod

534 1467 649 1535 pro
700 1447 895 1513 lenior
944 1444 1172 1514 malim
1221 1447 1457 1514 laetior.
1532 1446 1638 1514 Sic
1685 1449 1946 1516 laetiora
1992 1469 2242 1534 quoqne
2285 1449 2698 1516 scribendum
2745 1447 2924 1516 vide-

528 1559 638 1620 tur
682 1551 887 1639 Epist.
938 1551 1025 1618 10
1071 1551 1251 1640 (25),
1298 1574 1364 1641 p.
1411 1551 1533 1618 80:
1589 1551 1824 1621 Gratia
1867 1555 2096 1622 leviora
2142 1558 2352 1622 omnia
2392 1559 2671 1648 nuntiat.

618 1767 835 1836 EPIS'P.
899 1765 983 1832 59
1044 1765 1211 1855 (74),
1262 1785 1323 1834 P.
1375 1766 1464 1836 93
1512 1771 1621 1836 sed
1663 1792 1731 1835 re
1777 1791 1920 1834 vera
1965 1769 2078 1834 illa
2121 1792 2219 1835 res
2263 1770 2532 1835 maxime
2576 1768 2744 1834 mihi
2787 1765 2924 1831 ani-

530 1899 705 1940 mum
763 1899 803 1939 a
864 1875 1089 1940 studiis
1151 1875 1425 1962 depulit,
1486 1878 1656 1964 quod
1673 1922 1689 1954 ‚
1754 1878 1906 1940 dum
1963 1877 2230 1941 nimium
2289 1875 2530 1941 litteras
2582 1897 2734 1941 amo
2752 1919 2771 1952 ,
2819 1870 2928 1937 tibi

528 1983 947 2047 incommodus
991 1983 1169 2068 apud
1210 1980 1517 2047 Porcium
1556 1981 1674 2068 fui
1690 2028 1706 2060 ‚
1754 1994 1826 2047 ut
1871 2004 1971 2047 res
2015 1983 2297 2048 ostendit.

624 2086 979 2171 Adscripsit
1037 2084 1283 2152 Maius:
1359 2083 1651 2164 „Codext
1706 2099 1968 2174 portum
1984 2136 2001 2171 ,
2050 2087 2161 2153 sed
2205 2087 2464 2155 videtur
2506 2085 2922 2152 emendatum

531 2191 901 2260 Porcium”.
969 2191 1203 2258 Veram
1268 2190 1609 2260 lectionem
1666 2205 1926 2280 portum
1968 2193 2200 2259 iudico.
2271 2191 2396 2292 Per
2440 2198 2704 2279 portum
2751 2192 2918 2258 enim

527 2297 834 2365 Aurelius
896 2295 1369 2364 Centumcellas
1433 2296 1768 2386 intelligit.
1851 2295 1957 2363 Ad
2017 2297 2244 2365 villam
2310 2297 2389 2364 ab
2450 2297 2788 2365 Hadriano
2832 2296 2920 2362 ibi

526 2402 922 2470 aedificatam
940 2452 961 2487 ‚
1024 2423 1215 2488 quam
1278 2409 1432 2469 tunc
1474 2403 1809 2470 habitabat
1829 2450 1845 2481 ,
1894 2403 2281 2470 Frontonem
2331 2425 2524 2470 suum
2571 2406 2915 2479 invitarat,

528 2512 641 2597 qui
703 2529 781 2576 ex
839 2510 1054 2595 tepido
1114 2510 1409 2577 cubiculo
1466 2509 1547 2577 ad
1594 2530 1771 2576 mare
1819 2530 2188 2597 progressus
2207 2558 2227 2595 ,
2272 2509 2446 2576 haud
2491 2510 2730 2578 leviter
2773 2529 2911 2597 per-

518 2618 798 2683 frixerat.
869 2612 969 2682 Of.
1016 2637 1178 2702 quae
1220 2636 1414 2701 supra
1456 2616 1796 2702 leguntur:
1844 2616 1990 2702 quis
2035 2617 2208 2681 enim
2249 2616 2373 2681 tibi
2411 2614 2577 2682 alius
2616 2615 2902 2683 dolorem

513 2744 743 2812 genus,
803 2743 997 2809 quem
1056 2721 1280 2789 scribis
1341 2725 1524 2788 nocte
1585 2741 1890 2807 proxuma
1951 2726 2251 2807 auctum,
2312 2722 2458 2807 quia
2521 2721 2693 2789 alius
2758 2738 2904 2789 eum

517 2831 855 2898 suscitavit
870 2876 888 2907 ,
935 2830 1060 2894 nisi
1105 2826 1611 2905 Centumcellae,
1661 2848 1741 2893 ne
1789 2847 1895 2893 me
1941 2824 2196 2893 dicam?

614 3041 835 3109 Eme-1¹.
880 3058 967 3107 An
1015 3039 2912 3129 Amom.hn³.1=·rnmo.1,1‚P.94ealeetperen-

526 3170 694 3214 nem
753 3148 967 3213 multia
1013 3150 1193 3213 annis
1238 3149 1462 3213 bonam
1507 3148 1951 3227 valetudinem,
2001 3150 2094 3213 mi
2136 3149 2435 3233 maqwter
2479 3149 2750 3235 optime,
2795 3145 2913 3209 lae-

527 3256 802 3320 tissimus
846 3254 1262 3319 incolumitate
1294 3252 1512 3341 filiae,
1561 3266 1896 3342 nepotum,
1939 3256 2166 3341 ymeri.

618 3358 848 3424 Totam
908 3361 1286 3424 sententiam
1352 3357 1706 3425 claudicare
1770 3359 1964 3426 vides.
2041 3358 2330 3426 Coniieio
2390 3372 2450 3425 et
2483 3372 2912 3448 perpetem

530 3464 741 3530 multis
785 3467 966 3530 annis
1011 3466 1234 3530 bonam
1276 3468 1574 3542 <sev-va>
1623 3466 2047 3533 valetudinem.
2109 3466 2360 3533 Adieet.
2389 3488 2617 3555 perpes
2639 3462 2916 3535 sermoni

527 3570 862 3640 Frontonis
881 3618 897 3650 ‚
944 3570 1224 3637 hominis
1269 3569 1441 3636 docti
1488 3575 1554 3636 et
1602 3574 1978 3656 antiquarii,
2027 3570 2765 3649 accommodatissimum
2802 3572 2906 3637 est.

620 3784 786 3851 Inm-
837 3784 995 3851 Peto
1041 3809 1083 3850 a
1130 3796 1187 3851 te
1232 3819 1316 3833 -
1364 3787 1468 3849 sed
1505 3786 1910 3872 impetratam
1951 3786 2035 3849 eit
2073 3820 2160 3833 —
2200 3806 2274 3852 m
2313 3797 2386 3851 te
2423 3786 2497 3852 ob
2534 3786 2698 3850 diem
2737 3794 2913 3851 nata-

532 3893 650 3958 lem
710 3890 1078 3979 Cornificiae
1130 3888 1401 3957 Lorium
1460 3911 1713 3956 vexes.
1806 3888 1934 3955 De
2002 3890 2337 3956 volentibus
2403 3890 2642 3955 Romae
2701 3886 2916 3980 pauc&

533 3998 740 4065 diebus
782 4021 894 4064 nos
936 3996 1182 4063 videbis.
1288 4040 1297 4048 -

624 4103 850 4169 Priora
890 4120 1018 4167 non
1063 4100 1379 4190 intelligo.
1450 4100 1883 4188 Intelligerem
1933 4126 2006 4169 ne
2053 4104 2126 4169 ob
2174 4105 2336 4169 diem
2380 4102 2651 4169 natalem
2699 4098 2912 4170 Corni-

521 4210 711 4298 ficiae
771 4206 1040 4273 Lorium
1086 4210 1455 4274 vecteris.
1525 4206 1740 4294 Rogat
1785 4209 2147 4273 Antoninus
2195 4208 2577 4275 Frontonem
2623 4214 2722 4275 ut.
2747 4202 2912 4275 vale-

536 4313 747 4381 tudini
809 4312 1131 4387 eonsulat,
1184 4333 1345 4381 neve
1387 4314 1512 4379 iter
1556 4311 1816 4379 difficile
1858 4312 1965 4398 (cf.
2014 4335 2078 4399 p.
2133 4313 2289 4399 101)
2335 4313 2414 4379 ad
2461 4310 2688 4379 villam
2735 4326 2910 4380 auam

536 4423 603 4488 in
666 4419 924 4487 Etruria
983 4419 1175 4487 faciat·
1189 4464 1208 4498 ‚
1265 4426 1343 4485 ut
1394 4416 1565 4486 filiae
1626 4420 1795 4486 diem
1857 4418 2137 4485 natalem
2199 4420 2325 4486 sibi
2383 4418 2766 4508 gratuletur.
2832 4448 2906 4467 --
