3150 5000
503 207 633 275 120

495 393 778 461 thiorum
822 395 1186 480 perterritos
1233 393 1480 482 legatos
1526 395 1775 460 misisse
1825 395 2110 461 Athenas
2129 444 2146 479 ,
2193 395 2365 461 idem
2406 392 2626 460 fecisse
2664 390 2891 460 Corin-

490 500 689 577 thios;
729 502 861 565 iam
904 500 1023 566 hac
1063 506 1336 578 aestate,
1381 500 1658 567 Cratetis
1700 504 1847 566 anni
1892 502 2117 587 initio,
2156 498 2713 579 ἀντικαθεζομένοις
2742 496 2893 565 Cor-

497 610 739 694 cyraeis
778 613 842 672 et
882 605 1230 673 Corinthiis
1270 607 1546 673 adfuisse
1589 608 1806 673 decem
1848 608 2335 676 Atheniensium
2361 626 2587 674 naves:
2616 606 2895 689 denique

496 735 657 780 anno
719 720 853 780 toto
916 720 980 779 et
1030 715 1300 780 dimidio
1348 715 1611 781 demum
1659 722 1803 801 post
1852 715 2070 781 decem
2120 717 2360 800 priores
2410 735 2603 780 naves
2648 712 2897 801 viginti

493 824 866 907 posteriores
890 842 1022 887 esse
1046 822 1378 906 profectas,
1403 822 1557 888 haec
1584 824 1801 889 omnia
1824 822 1992 886 mihi
2017 822 2275 907 quidem
2302 828 2453 886 sunt
2472 818 2897 886 incredibilia.

583 928 983 1014 Explicatius
1044 932 1342 1014 exposui,
1410 950 1571 1012 quae
1633 930 1891 995 brevius
1954 932 2241 1013 exposita
2291 950 2516 1014 parum
2567 927 2901 1015 intellige·

495 1041 734 1102 rentur.
797 1034 931 1101 Iam
992 1034 1183 1101 finem
1235 1036 1627 1121 disceptandi
1678 1035 1921 1101 facturo
1970 1037 2373 1120 paucissimis
2426 1034 2590 1100 mihi
2632 1034 2902 1100 redeun-

497 1142 651 1207 dum
701 1146 797 1207 est
843 1142 920 1207 ad
970 1162 1043 1206 ea
1090 1162 1251 1226 quae
1297 1162 1485 1227 supra
1533 1143 1611 1208 de
1659 1144 1942 1227 pecuniis
1990 1144 2185 1207 sacris
2233 1142 2539 1207 adhibitis
2586 1141 2664 1207 ad
2722 1139 2902 1207 aedi-

497 1247 814 1313 ficandum
881 1248 1050 1313 dicta
1111 1253 1278 1312 sunt.
1350 1246 1518 1313 Nam
1586 1268 1709 1333 quo
1774 1253 2154 1334 argumento
2221 1268 2332 1333 pro
2381 1250 2463 1313 iis
2507 1269 2633 1314 non
2682 1246 2901 1312 deberi

496 1374 720 1420 usuras
785 1354 1215 1420 demonstrare
1276 1359 1538 1419 conatus
1601 1374 1777 1431 sum,
1827 1354 1893 1418 id
1942 1362 2297 1433 corrueret,
2360 1356 2415 1419 si
2450 1354 2705 1439 probari
2756 1371 2901 1438 pos-

496 1468 592 1525 set
652 1462 927 1546 primam
991 1463 1356 1545 pensionem
1424 1460 1501 1526 ad
1565 1458 1911 1546 Corcyram
1976 1460 2211 1526 factam
2242 1516 2251 1527 .
2280 1482 2414 1527 esse
2464 1479 2624 1527 anno
2672 1458 2901 1525 Crate-

498 1567 600 1631 tis.
673 1564 798 1632 Sed
860 1573 933 1632 ut
994 1567 1326 1632 debuerint
1387 1568 1805 1633 Athenienses
1852 1568 2079 1633 harum
2134 1570 2547 1653 pecuniarum
2598 1566 2679 1632 ad
2724 1565 2902 1631 aedi-

495 1671 814 1739 ficationes
878 1673 1310 1739 adhibiturum
1377 1672 1588 1739 nullas
1655 1694 1916 1751 usuras,
1980 1679 2196 1739 tamen
2262 1673 2590 1759 probabile
2650 1680 2752 1739 est
2800 1690 2903 1736 eas

496 1779 765 1846 creditas
825 1779 1021 1844 fuisse
1085 1787 1314 1845 mutuo
1381 1786 1673 1865 sumptas
1737 1801 1774 1846 a
1819 1779 1970 1845 Dea.
2050 1778 2348 1868 Cogitare
2406 1770 2775 1865 possumus'
2800 1796 2901 1843 eas

497 1893 796 1971 tanquam
845 1888 912 1949 in
961 1886 1298 1963 aedificiis,
1348 1886 1581 1972 quibus
1627 1889 1766 1972 ipsa
1816 1886 1947 1952 Dea
1996 1893 2315 1965 uteretur,
2367 1886 2704 1953 collocatas
2730 1905 2899 1965 esse,

496 2013 563 2058 re
619 2014 768 2059 vera
825 2012 949 2057 non
1017 1991 1421 2059 abalienatas.
1505 1992 1746 2058 Tamen
1812 2014 1889 2058 ex
1954 1992 2193 2058 tabulis
2260 2006 2627 2059 curatorum
2692 1993 2899 2079 operis

494 2100 674 2165 illius
719 2098 963 2185 publici
1011 2104 1270 2185 apparet
1317 2096 1415 2185 (G.
1458 2097 1505 2163 1.
1539 2101 1616 2164 A.
1660 2100 1708 2175 Ι,
1754 2098 2122 2183 301-11),
2172 2101 2408 2184 partim
2462 2100 2541 2165 ad
2588 2100 2710 2165 hoc
2753 2119 2901 2185 pen·

495 2227 640 2273 sum
687 2228 821 2273 esse
871 2226 907 2269 a
953 2206 1252 2285 ταμίαις,
1302 2206 1538 2291 partim
1581 2226 1659 2271 ex
1698 2208 1958 2272 aerariis
1983 2206 2260 2291 profanis
2285 2254 2301 2283 ,
2328 2207 2651 2292 imprimis
2680 2203 2901 2271 Helle-

494 2314 945 2379 notamiorum.
986 2312 1181 2377 Haud
1208 2311 1393 2377 aliter
1417 2320 1482 2377 et
1503 2313 1581 2378 ad
1607 2312 1965 2400 Propylaea
1990 2334 2115 2378 non
2138 2316 2353 2377 minus
2376 2334 2455 2378 ex
2480 2316 2673 2378 sacris
2700 2330 2897 2399 quam

495 2444 572 2488 ex
619 2421 894 2507 profanis
942 2421 1197 2485 aerariis
1243 2439 1512 2506 pensum
1563 2426 1675 2485 est.
1728 2418 2173 2486 Memorantur
2221 2423 2394 2485 enim
2441 2422 2507 2484 in
2558 2420 2674 2498 iis,
2739 2436 2897 2507 quae

496 2549 573 2594 ex
623 2525 864 2593 tabulis
913 2527 1107 2592 huius
1152 2529 1356 2612 operis
1406 2532 1771 2592 curatorum
1824 2524 2001 2608 (O.1.
2043 2530 2120 2592 A.
2173 2525 2239 2610 Ι,
2287 2525 2628 2606 315—1'7)
2674 2544 2897 2610 super·

495 2641 676 2712 sunt,
727 2640 792 2700 et
839 2633 1068 2710 ταμίαι
1118 2639 1182 2699 et
1221 2633 1746 2710 Ἑλληνοταμίαι,
1786 2636 1897 2719 qui
1923 2633 2096 2699 Deae
2121 2631 2432 2698 dederunt
2458 2632 2687 2698 alteras
2712 2651 2897 2719 prae-

495 2747 592 2807 ter
625 2739 842 2807 solitas
867 2740 1173 2822 απαρχοὶς
1197 2790 1215 2824 ,
1242 2777 1323 2788 -
1352 2743 1517 2817 μνᾶν
1541 2740 1667 2804 ἀπὸ
1693 2739 2043 2818 ταλάντου,
2074 2779 2153 2788 -
2183 2743 2418 2826 quippe
2440 2743 2509 2805 in
2532 2739 2696 2805 illud
2726 2737 2894 2806 aedi-

497 2848 734 2913 ficium.
783 2848 950 2912 Nam
1000 2846 1076 2912 de
1123 2847 1312 2912 solita
1357 2854 1486 2930 μνᾷ
1536 2847 1662 2912 ἀπὸ
1714 2847 2029 2917 ταλάντου
2070 2850 2134 2911 in
2178 2847 2297 2912 hac
2335 2849 2749 2931 inscriptione
2772 2865 2896 2910 ser-

496 2975 604 3020 mo
643 2976 768 3021 non
804 2959 918 3020 est.
969 2951 1152 3018 Hanc
1189 2954 1360 3018 enim
1385 3000 1401 3029 ,
1442 2956 1593 3038 quia
1630 2975 1753 3020 non
1795 2959 2043 3039 poterat
2080 2974 2204 3019 non
2231 2953 2395 3019 tradi
2423 2952 2592 3018 Deae
2616 2953 2890 3024 aerario,

495 3061 937 3147 pependissent
981 3061 1033 3124 οἱ
1082 3059 1309 3135 ταμίαι
1361 3066 1472 3124 aut
1520 3069 1687 3125 certe
1728 3060 2273 3139 circumamictam,
2300 3059 2705 3124 mandassent
2730 3054 2892 3123 Hel·-

496 3167 896 3248 lenotamiis,
948 3172 1020 3230 ut
1068 3164 1386 3230 traderent
1431 3168 1865 3250 curatoribus,
1912 3203 1969 3216 -—
2006 3167 2173 3252 quod
2214 3168 2320 3231 hic
2360 3173 2612 3249 tamen,
2654 3168 2807 3251 quia
2832 3167 2893 3227 et

498 3271 836 3340 Curatores
883 3277 946 3336 et
992 3273 1220 3349 ταμίαι
1269 3279 1332 3336 et
1378 3270 1842 3339 Hellenotamii
1891 3273 2161 3338 Athenis
2208 3278 2419 3350 erant,
2470 3272 2717 3339 factum
2766 3289 2891 3336 non

495 3386 613 3447 est.
661 3377 786 3446 Sed
833 3398 1114 3463 unquam
1165 3377 1497 3455 accidisse,
1543 3386 1618 3444 ut
1663 3377 2027 3445 aedificium
2054 3377 2313 3464 aliquod
2335 3399 2623 3462 sacrum,
2651 3377 2888 3463 partim

495 3508 570 3553 ex
618 3487 842 3562 sacris,
893 3486 1129 3569 partim
1179 3505 1256 3548 ex
1304 3483 1585 3569 profanis
1629 3488 1916 3571 pecuniis
1958 3491 2353 3550 exstructum
2378 3535 2394 3562 ,
2423 3487 2659 3570 partim
2687 3503 2724 3548 a
2749 3483 2889 3550 Diis

495 3595 652 3679 ipsis
697 3593 820 3658 sibi
870 3592 1118 3656 muneri
1169 3591 1389 3655 datum
1440 3593 1557 3668 sit,
1604 3595 1842 3678 partim
1882 3593 1961 3658 ab
2003 3589 2503 3668 Atheniensibus
2522 3639 2537 3670 ,
2583 3592 2693 3657 vix
2718 3586 2886 3656 credi

495 3704 720 3784 potest.
792 3698 1080 3764 Fuerunt
1141 3694 1428 3763 aedificia
1486 3717 1663 3764 sacra
1711 3699 2094 3776 ἀναθήματα
2124 3697 2177 3778 1)
2192 3745 2211 3776 ‚
2271 3719 2432 3784 quae
2480 3699 2530 3762 si
2580 3717 2657 3762 ex
2702 3715 2888 3781 pecu·

492 3807 618 3870 niis
655 3806 847 3870 sacris
888 3803 1412 3881 exstruebantur,
1454 3806 1941 3871 exstruebantur
1978 3827 2054 3871 ex
2094 3809 2383 3891 pecuniis
2422 3807 2614 3872 sacris
2654 3811 2883 3869 mutuo

493 3912 784 3998 sumptis.

1824 4036 1903 4100 A.
1950 4033 2023 4098 E.
2072 4032 2128 4099 J.
2182 4031 2700 4100 HOLWERDA.

565 4231 620 4298 1>
655 4231 907 4291 Peterson,
945 4229 1022 4280 die
1055 4231 1215 4280 Kumt
1246 4231 1326 4280 des
1359 4228 1611 4290 Pheidias,
1648 4245 1693 4294 p.
1734 4229 1813 4280 63.
