3150 5000
1262 221 1603 272 Palma,
2502 199 2631 268 38¹7

334 388 449 476 Ep.
505 386 657 468 156,
709 387 751 455 6
1781 387 1976 454 ἐνθάδ’
2023 387 2220 467 ἰαύει,

614 497 791 562 παισὶ
837 497 1031 563 λιπὼν
1079 491 1205 573 ἰξὸν
1257 496 1361 561 καὶ
1412 497 1674 575 πτερὰ
1721 496 1826 560 καὶ
1877 495 2227 573 καλάμους.

238 602 431 669 Falsa
488 602 741 669 videtur
804 602 1255 668 Wilamowitzi
1316 603 1678 668 coniectura
1742 600 1886 681 ἠέρα
1906 649 1922 678 ,
1989 605 2140 688 quia
2201 624 2304 666 aer
2369 607 2464 668 est
2511 609 2628 666 τῶν

240 715 444 775 κοινῶν
507 729 708 795 neque
769 709 848 776 ab
908 707 1179 776 Eumelo
1225 708 1443 774 liberis
1494 729 1642 774 cum
1691 710 1918 775 ceteris
1965 709 2146 775 bonis
2190 707 2467 793 relinqui
2512 729 2625 794 po-

236 820 426 882 terat.
466 813 663 882 Recte
701 823 1039 901 praeeunte
1077 815 1358 881 Brodaeo
1397 821 1551 880 retia
1589 817 1994 900 interpretari
2030 815 2286 881 videtur
2309 813 2623 881 Duebner.

235 921 581 1010 Offensioni
646 923 759 988 vix
818 929 913 987 est
958 922 1127 1006 quod
1174 921 1250 987 de
1295 920 1398 986 his
1448 941 1653 987 sermo
1700 943 1826 988 non
1873 921 1999 986 fuit
2044 923 2112 986 in
2159 924 2368 1008 priore
2417 921 2626 988 hemi-

233 1029 491 1095 stichio.
555 1026 895 1114 Similiter,
944 1027 1113 1114 quod
1159 1026 1484 1113 aliquanto
1530 1037 1746 1094 tamen
1793 1031 2058 1115 gravius
2076 1077 2094 1112 ‚
2142 1027 2494 1093 Amls'rms
2541 1025 2628 1092 VI

232 1133 371 1203 23²7
436 1139 651 1200 narrat
711 1136 780 1199 in
836 1135 1045 1223 primo
1089 1154 1279 1201 versu
1326 1129 1594 1200 Gallum
1642 1131 1920 1221 Cybelae
1968 1133 2288 1200 dedicasse
2333 1141 2515 1198 vestes
2563 1138 2627 1198 et

230 1241 543 1307 cincinnos
558 1289 579 1326 ,
628 1243 697 1306 in
742 1238 977 1306 ultimo
1028 1245 1242 1306 autem
1293 1241 1448 1305 coloe
1493 1240 1801 1305 cincinnos
1845 1247 2323 1306 commemorat.

326 1491 449 1578 Ep.
500 1489 651 1572 185,
703 1492 745 1558 3

650 1599 684 1672 ἦ
735 1597 799 1662 δέ
847 1621 930 1676 με
976 1598 1325 1678 θρεψαμένῃ
1374 1597 1666 1674 nom-nin
1715 1596 1852 1662 ἀντὶ
1903 1598 2243 1679 θυγατρός,

652 1703 1059 1781 κλαυσαμένη
1104 1704 1332 1785 τύμβῳ
1383 1706 1559 1778 θῆκεν
1604 1705 1912 1786 ἐλευθερίῳ

649 1815 769 1891 πῦρ
812 1806 1010 1889 ἕτερον
1057 1810 1555 1878 σπεύδουσα.

235 1915 505 1999 Quando
550 1915 860 2002 Pompeia
908 1916 1204 1984 ancillam
1259 1934 1443 1983 suam
1493 1916 1749 1984 tumulo
1794 1916 2130 1990 condebat,
2179 1937 2305 1982 non
2344 1915 2622 2003 amplius

235 2027 297 2090 ei
328 2005 626 2089 ’ἔσπευδε
692 2022 858 2088 faces
916 2022 1235 2108 nuptiales
1250 2072 1265 2100 ‚
1332 2025 1549 2109 itaque
1611 2024 1987 2090 Aummn
2048 2022 2623 2090 Thessalonicensis

237 2130 389 2196 dare
437 2130 659 2196 debuit
704 2129 1169 2196 σπεύσασα.

326 2379 451 2468 ΕΡ.
499 2377 656 2459 207,
706 2379 749 2444 2
2000 2381 2222 2460 solym

605 2488 663 2553 ἐν
712 2485 956 2559 κόλποις
1008 2485 1351 2569 στέργουσα
1402 2486 1719 2573 διέτρεφεν
1767 2487 1810 2554 οἱ
1859 2488 2286 2571 γλυκερόχρως

604 2594 859 2672 Φανίον,
905 2595 1181 2673 εἰαρινοῖς
1230 2592 1508 2661 ἄνθεσι
1558 2595 1952 2674 βοσκόμενον.

237 2701 587 2767 Manifesto
648 2701 967 2766 Phanium
1038 2701 1163 2767 dici
1232 2722 1355 2767 non
1418 2704 1631 2786 potuit
1696 2722 1734 2767 a
1795 2708 1982 2787 poeta
2043 2701 2325 2787 leporem
2361 2704 2629 2786 floribus

236 2810 522 2892 pavisse,
573 2807 681 2872 sed
729 2808 925 2871 herbis
972 2814 1085 2871 aut
1130 2807 1405 2871 oleribus.
1453 2807 1514 2873 N
1518 2808 1788 2873 otandus
1834 2808 1940 2872 hic
1989 2808 2158 2893 apud
2205 2807 2626 2874 Mammam!

238 2912 535 2979 vocabuli
575 2934 762 2991 usus,
803 2915 985 2978 cuius
1024 2912 1296 2978 alterum
1339 2913 1709 2999 exemplum
1734 2916 1998 3002 ignom..
2030 2913 2427 2981 Vocabulum
2454 2914 2624 2981 Indi-

238 3039 386 3085 cum
434 3019 696 3098 duabus,
748 3020 914 3104 quod
962 3016 1203 3085 Graeco
1250 3019 1586 3105 respondet
1602 3068 1618 3097 ‚
1669 3040 1889 3087 revera
1933 3022 2169 3086 herbam
2214 3018 2554 3108 significat.

324 3269 443 3355 Ep.
492 3264 646 3347 276,
689 3269 729 3333 5
778 3268 856 3333 de
908 3268 1217 3356 naufrago
1275 3272 1662 3337 semivorato
1719 3292 1758 3337 a
1808 3271 2092 3358 piscibus
2150 3277 2216 3336 et
2270 3271 2537 3336 humato
2586 3290 2623 3336 a

240 3376 656 3457 piscatoribus
716 3395 861 3439 cum
924 3376 1207 3460 piscibus
1226 3422 1242 3453 ‚
1307 3396 1464 3461 quos
1511 3397 1642 3443 uno
1688 3378 1858 3442 iactu
1906 3397 2054 3442 cum
2101 3375 2402 3442 cadavere
2448 3397 2626 3462 cepe-

240 3489 415 3565 rant,
464 3484 556 3546 ait
599 3481 1047 3548 Hneusm‘us:

443 3585 553 3653 Ὠ
600 3586 801 3668 χθών,
847 3590 950 3653 τὸν
998 3590 1263 3664 ναυηγὸν
1312 3587 1540 3670 ἔχεις
1588 3584 1758 3653 ὅλον·
1806 3587 1943 3653 ἀντὶ
1995 3589 2072 3654 δὲ
2117 3596 2334 3663 λοιπῆς

555 3694 775 3773 σαρκὸς
821 3692 963 3765 τοὺς
1007 3699 1243 3775 σαρκῶν
1289 3696 1712 3774 γευσαμένους
1761 3693 2031 3775 ἐπέχεις.

241 3796 511 3867 Etiamsi
572 3800 869 3866 voculam
936 3800 997 3866 δὲ
1060 3822 1174 3887 pro
1235 3802 1362 3883 γὰρ
1409 3808 1781 3887 usurpatam
1830 3806 2190 3868 statuamus
2237 3822 2383 3867 cum
2432 3804 2623 3869 inter-
2717 3830 2734 3849 ·

242 3907 558 3988 pratibus,
606 3910 920 3973 sententia
967 3913 1181 3993 aperte
1226 3906 1385 3973 falsa
1430 3914 1545 3975 est.
1597 3907 1881 3973 Debebat
1929 3912 2073 3974 aut.

408 4006 513 4077 Ὠ
560 4014 761 4096 χθών,
808 4013 912 4077 τὸν
960 4015 1223 4090 ναυηγὸν
1270 4015 1414 4092 μὲν
1460 4016 1611 4094 οὐχ
1656 4011 1828 4091 ολον,
1877 4013 2014 4078 οξντι
2064 4013 2126 4079 δὲ
2174 4024 2391 4089 λοιπῆς

506 4120 726 4199 σαρκὸς
774 4120 911 4191 τοὺς
963 4127 1197 4200 σαρκῶν
1239 4122 1660 4199 γευσαμένους
1711 4119 1985 4202 ἐπέχεις.

244 4231 381 4303 aut,
448 4226 615 4312 quod
677 4228 891 4291 minus
950 4228 1113 4292 mihi
1172 4227 1441 4305 arridet,
1510 4229 1570 4293 εἲ
1639 4228 1720 4293 οὐ
1739 4251 1793 4309 χ
1841 4224 2014 4305 ὅλον,
2061 4228 2206 4293 αντ-Ι
2248 4252 2345 4306 γε
2395 4234 2614 4302 λοιπῆς

245 4330 363 4395 κτὲ.
385 4382 402 4417 ,
450 4335 515 4397 in
564 4353 687 4420 quo
732 4334 853 4415 οὐχ
875 4379 891 4412 ,
941 4332 1090 4418 quia
1130 4340 1300 4400 arcte
1337 4334 1734 4422 iungendum
1775 4354 1926 4400 cum
1965 4332 2124 4413 ὅλον,
2146 4354 2271 4401 non
2295 4334 2616 4401 soloecum
