3150 5000
1100 276 1377 326 manuus
1418 275 1753 325 sosnrnus.
2484 252 2617 319 395

145 516 148 519 ⁴
259 443 382 507 cuti
445 442 636 527 paulo
697 446 835 525 post
896 442 1218 527 sequitur:
1281 441 1749 523 τεσσαράκοντα
1809 447 1944 515 νῆες
2006 421 2245 519 μακραὶ
2306 438 2417 512 τὴν
2480 439 2618 518 πρὶν

257 546 530 613 ἄπλωτον
573 549 679 614 καὶ
727 549 956 627 ἀγρίαν
1002 548 1359 631 εἰρηνεύουσι
1407 547 1773 641 θάλασσαν,
1811 544 1917 614 vel
1950 545 2023 611 B.
2049 545 2110 612 J.
2138 543 2200 610 4.
2226 542 2293 610 8.
2322 543 2395 609 l:
2424 566 2619 625 προει-

251 656 530 734 ρηνεύσας
594 656 680 721 τὰ
745 656 916 721 κατὰ
978 656 1088 731 τὴν
1133 656 1443 731 ἀνατολήν
1490 654 1595 722 vel
1641 655 1716 721 B.
1762 652 1822 719 J.
1878 653 1937 720 5.
1990 651 2052 718 6.
2102 650 2183 718 3:
2232 651 2318 717 τοὶ
2366 648 2621 729 μάλιςα

247 769 349 837 τῆς
394 762 628 833 πόλεως
675 763 1135 841 εἰρηνευομένης.

328 950 488 1018 Bell.
536 951 580 1018 J
581 952 692 1019 ud.
745 951 807 1019 2.
859 950 964 1019 17.
1016 953 1078 1017 3.
1152 951 1362 1032 Quam
1423 950 1662 1019 vellem
1722 950 1761 1016 J
1766 950 2047 1047 osephus¹
2097 950 2204 1015 hic
2265 949 2619 1034 scripsisset

243 1057 427 1141 paulo
474 1061 772 1143 apertius,
820 1058 964 1123 Nisi
1012 1058 1446 1124 ‘Palmudistas
1492 1059 1679 1123 adeas
1726 1058 1804 1123 de
1850 1057 2233 1123 dissensione
2266 1076 2427 1142 quae
2464 1060 2618 1122 tunc

243 1165 521 1230 maxime
565 1164 877 1252 flagrabat
924 1167 1089 1230 inter
1133 1164 1465 1233 Hillelitas
1516 1171 1582 1229 et
1627 1162 2123 1239 Schammaitas,
2188 1183 2409 1229 eorum
2457 1184 2617 1248 quae

243 1269 341 1335 hic
401 1271 743 1337 traduntur
761 1323 778 1344 .
843 1292 922 1337 ne
985 1273 1324 1336 minimam
1388 1270 1649 1357 quidem
1714 1277 1961 1357 partem
2018 1268 2361 1357 intelliges.
2446 1268 2619 1335 Mihi

241 1374 520 1443 Graetzii
565 1399 722 1464 opus
769 1377 1193 1443 utilissimum
1241 1378 1367 1443 fuit
1413 1383 1476 1446 et
1523 1378 1668 1443 aliis
1713 1397 1963 1463 quoque
2000 1379 2154 1454 erit,
2196 1378 2297 1442 uti
2324 1376 2615 1443 arbitror.

324 1560 480 1626 Tria
523 1561 686 1626 vitia
732 1561 1102 1649 corrigenda
1147 1582 1280 1627 esse
1319 1561 1508 1627 video
1556 1561 1631 1626 B.
1654 1560 1718 1627 J.
1758 1559 1822 1625 2.
1853 1560 1959 1625 17.
1987 1559 2050 1625 9.
2100 1558 2223 1625 Καὶ
2272 1559 2413 1634 τοὺς
2461 1558 2616 1640 πύρ-

240 1692 379 1743 γους
447 1668 942 1749 ἐπισχόντες
1007 1671 1059 1734 οἰ
1123 1668 1425 1738 ςασιαςαὶ
1485 1667 1974 1749 παρεφύλαττον
2022 1669 2111 1745 μή
2158 1690 2253 1740 τις
2300 1668 2419 1731 τῶν
2465 1690 2617 1747 ςρα-

239 1783 463 1840 τιωτῶν
531 1774 927 1857 διαφύγῃ.
1014 1774 1477 1865 Corrigendum
1539 1778 1636 1841 est
1696 1773 2243 1854 περισχόντες
2314 1778 2379 1841 et
2447 1774 2615 1839 δια-

238 1880 512 1959 φύγοι.
562 1878 689 1946 Sed
735 1881 943 1947 multo
992 1885 1252 1970 gravior
1295 1902 1468 1949 error
1513 1887 1609 1948 est
1654 1883 1723 1946 in
1768 1880 1979 1946 verbis
2025 1901 2187 1965 quae
2227 1884 2613 1966 sequuntur,

238 1988 346 2052 ubi
415 1988 836 2053 adhortantur
901 2010 1120 2055 sanam
1189 1994 1438 2075 partem
1496 1988 1719 2074 populi
1780 2009 1861 2053 ne
1920 1986 2285 2053 libertatem
2346 1986 2615 2073 prodant

237 2096 502 2177 οἰκείῳ
550 2094 754 2175 δήμῳ·
803 2096 938 2161 sine
983 2116 1189 2161 sensu.
1261 2095 1582 2161 Emenda:
1632 2095 1912 2175 εἰκαίῳ
1957 2093 2149 2173 δήμῳ.
2215 2092 2374 2159 Vide
2424 2094 2615 2159 modo

235 2200 304 2267 B.
327 2201 386 2267 J.
419 2201 486 2268 4.
514 2200 575 2267 5.
603 2200 682 2267 3:
718 2204 788 2267 τὸ
823 2202 936 2279 μὲν
970 2203 1200 2268 εἰκαῖον
1233 2202 1340 2281 ἐφ’
1381 2198 1450 2267 οὗ
1488 2201 1925 2282 καταληφθείη
1963 2198 2190 2278 τόπου,
2214 2200 2609 2282 διεφθείρετο.

319 2408 584 2475 Praeter
629 2412 912 2473 mentem
961 2409 1286 2491 scriptoris
1333 2408 1542 2473 editur
1591 2406 1664 2473 B.
1710 2404 1771 2471 J.
1819 2405 1882 2473 2.
1933 2404 2040 2471 18.
2094 2402 2170 2473 ¹7:
2220 2406 2303 2471 Οἱ
2358 2405 2471 2483 μὲν
2517 2401 2614 2471 οὖν

235 2517 428 2580 λοιποὶ
491 2515 832 2596 φεύγοντες
896 2514 1492 2591 διεφθάρησαν·
1559 2523 1719 2594 τρεῖς
1784 2514 1847 2579 δὲ
1908 2511 2129 2596 ἄνδρας
2178 2512 2611 2591 συλλαβόντες

235 2617 433 2700 ἔσυρον
480 2623 558 2692 ὡς
605 2621 838 2702 ζῶντας
886 2619 1413 2701 καταφλέξοντες.
1467 2619 1765 2706 Exceptis
1812 2621 2020 2707 igitur
2063 2619 2197 2686 illis
2240 2623 2481 2700 tribue,
2518 2643 2611 2688 re-

233 2723 392 2812 liqui
441 2733 812 2805 misserunt,
859 2747 974 2792 nec
1019 2727 1472 2808 διεφθάρησαν,
1519 2727 1631 2792 sed
1676 2724 2261 2814 διεσπάρησαν.

315 2925 394 2992 Β.
442 2925 502 2993 J.
553 2925 613 2990 3.
667 2923 727 2990 3.
779 2924 818 2990 5
865 2929 972 2992 οὐκ
1033 2927 1411 3000 ἀσκόπως
1459 2925 1910 3012 Hierosolyma
1954 2925 2355 3012 appellarunt
2396 2930 2609 3017 reg-io-

229 3033 325 3097 nis
373 3031 800 3117 umbilicum,
849 3035 960 3100 sed
1007 3032 1212 3099 malo:
1261 3034 1607 3113 ἆςόχως.
1652 3032 1729 3097 Β.
1764 3030 1823 3097 J.
1864 3029 1925 3099 3.
1964 3032 2025 3098 5.
2058 3032 2131 3099 4:
2172 3033 2279 3113 ἐφ’
2321 3033 2609 3113 ὕσπληγ-

233 3161 336 3213 γος
399 3138 662 3217 ἐξορμᾶν
725 3140 1060 3206 dicendum
1125 3140 1250 3205 fuit
1311 3143 1431 3220 ἀφ’
1498 3136 2014 3217 ὕσπληγγος.
2084 3139 2159 3205 Β.
2206 3139 2268 3207 J.
2329 3140 2391 3207 3.
2452 3142 2513 3208 6.
2563 3141 2609 3206 2

232 3244 606 3312 describitur
649 3267 881 3334 agmen
928 3247 1326 3313 Romanum:
1388 3246 1621 3320 τούτοις
1670 3248 1791 3328 ἀφ’
1842 3245 2066 3323 ἑκάς-ης
2115 3247 2609 3332 ἑκατονταρχίας

234 3354 578 3426 ἠκολούθουν
625 3353 810 3431 δέκα,
859 3356 969 3428 τήν
1017 3377 1085 3418 τε
1135 3356 1332 3418 αὐτῶν
1381 3357 1601 3429 σκευὴν
1646 3354 1751 3419 καί
1798 3355 1883 3419 τὰ
1932 3352 2191 3436 μέτρα
2230 3361 2341 3429 τῆς
2367 3379 2607 3436 παρεμ-

232 3456 422 3534 βολῆς
485 3459 795 3539 φέροντες.
879 3459 1082 3525 Valles
1142 3459 1495 3548 significat,
1558 3481 1716 3546 quos
1769 3460 2084 3540 πρέμνα
2130 3464 2342 3547 potuit
2388 3463 2605 3549 appel·

233 3562 376 3632 lare.
447 3566 609 3633 Vide
656 3567 846 3632 modo
893 3565 1242 3654 Polybium
1294 3568 1397 3634 18.
1452 3570 1509 3634 1.
1561 3566 1639 3632 6:
1689 3568 1741 3632 οἰ
1788 3567 1899 3642 μὲν
1948 3567 2075 3644 γὰρ
2117 3567 2420 3642 Ἕλληνες
2460 3573 2603 3634 τοῦ·-

231 3695 329 3736 τον
391 3664 684 3753 ἡγοῦνται
734 3671 1002 3755 χάρακα
1047 3673 1376 3753 βέλτιςον,
1425 3665 1486 3747 ὃς
1535 3673 1614 3740 ἂν
1660 3673 1795 3755 ἔχοι
1842 3675 2107 3748 πλείςας
2157 3675 2447 3756 ἐκφύσεις
2494 3676 2600 3741 καὶ

231 3779 498 3858 μεγίςας
547 3779 722 3861 πέριξ
766 3785 874 3846 τοῦ
923 3781 1208 3862 πρέμνου.

317 3963 554 4032 Dubito
599 3985 907 4032 verumne
953 3967 1040 4031 sit
1083 3966 1251 4050 quod
1295 3965 1549 4032 invenio
1598 3964 1671 4030 B.
1717 3964 1781 4031 J.
1830 3963 1893 4030 3.
1944 3962 2006 4031 7.
2057 3963 2100 4029 4
2144 3965 2308 4031 nihil
2354 3986 2487 4033 esse
2532 3969 2600 4033 in

235 4068 394 4137 bello
452 4073 735 4150 ἀνάγκης
799 4071 1420 4152 μαχιμώτερον,
1485 4093 1631 4137 nam
1696 4069 2257 4150 ἀλκιμώτερον
2318 4073 2385 4138 id
2432 4073 2601 4140 mihi

236 4173 561 4244 dicendum
626 4177 916 4264 videtur,
981 4180 1173 4243 sicuti
1232 4185 1401 4244 recte
1447 4178 1684 4244 dicitur
1728 4177 1792 4244 3.
1843 4176 1902 4244 Ι7.
1957 4176 2040 4242 18
2086 4177 2251 4243 nihil
2297 4199 2431 4246 esse
2477 4180 2598 4245 οὶλ-
2646 4172 2657 4182 ’

237 4281 546 4364 κιμώτερον
601 4293 712 4358 τῆς
774 4285 1202 4363 ἄπογνώσεως.
1273 4283 1349 4350 Β.
1396 4285 1456 4350 J.
1508 4283 1568 4350 3.
1620 4283 1682 4349 9.
1734 4284 1769 4349 1
1819 4288 2049 4372 rogant
2095 4303 2314 4350 omnes
2359 4284 2599 4373 Vespa-

239 4387 470 4456 sianum
519 4398 595 4457 ut
639 4411 907 4480 poenam
956 4392 1036 4458 ab
1081 4389 1118 4456 J
1123 4391 1354 4478 osepho
1399 4397 1679 4478 repetat,
1728 4391 1837 4458 sed
1882 4391 2234 4478 Imperator
2270 4411 2407 4458 rem
2447 4392 2597 4470 ἐξέ-

2236 4512 2301 4563 26
