3150 5000
525 279 612 346 50
1602 298 1843 348 monuo.

519 465 879 549 principum
900 510 916 539 ,
967 461 1132 527 nihil
1179 483 1314 528 esse
1361 483 1510 550 rege
1557 461 1791 527 melius
1810 511 1827 538 ,
1873 466 2172 548 quoniam
2219 463 2367 529 deos
2406 465 2614 528 omnis
2646 467 2909 528 censent

519 566 910 654 (censerentl
958 589 1042 632 sc.
1090 570 1434 653 principes)
1482 571 1671 634 unius
1708 572 1847 656 regi
1886 573 2184 645 numine;
2224 572 2359 634 sive
2398 570 2553 634 haec
2588 571 2656 632 in
2696 590 2907 634 errore

517 677 959 759 imperitorum
1009 677 1216 759 posita
1261 695 1394 738 esse
1440 681 1504 739 et
1557 673 1914 740 fabularum
1964 673 2207 740 similia
2254 675 2625 750 didicimus,
2679 675 2907 741 audia-

515 800 663 845 mus
681 780 732 858 ,”
779 780 917 845 rell.
987 779 1168 860 Quod
1217 787 1699 856 consenserunt,
1748 799 2083 846 consensus
2129 783 2263 864 ipse
2282 827 2301 858 ,
2349 801 2585 868 magna
2631 784 2906 846 auctori·

513 893 613 952 tas
651 892 768 952 est.
817 885 1030 952 Verba
1072 888 1168 963 „si
1211 884 1468 970 quidem
1511 887 1721 950 omnis
1758 885 1999 951 multos
2037 884 2343 971 appellari
2378 883 2631 972 placet”
2669 885 2903 951 ferrem

512 994 582 1056 in
643 994 944 1076 scriptore
1005 991 1292 1056 Platonis
1356 989 1594 1065 simili,
1656 993 1747 1055 sic
1794 997 1869 1056 ut
1918 993 1999 1056 ab
2044 991 2244 1056 altera
2288 989 2590 1075 colloquii
2638 1011 2907 1075 persona

514 1097 606 1183 (h.
633 1096 677 1162 l.
721 1118 758 1162 a
791 1097 1035 1182 Laelio)
1060 1098 1214 1162 haee
1237 1099 1787 1180 interponerentur
1808 1095 2063 1180 (ἄληθες
2084 1145 2098 1174 ,
2128 1095 2185 1160 εἴ
2205 1121 2284 1174 γε
2313 1093 2606 1169 ἅπαντας
2632 1099 2903 1169 πολλοὺς

511 1204 795 1286 κλητέον)
844 1212 986 1287 post
1042 1223 1204 1288 quae
1250 1222 1289 1267 a
1333 1205 1541 1287 priore
1590 1204 1791 1268 oratio
1836 1204 2347 1280 continuaretur,
2409 1203 2526 1270 hac
2586 1207 2906 1270 sententia

515 1310 771 1387 „munos
835 1314 1003 1374 recte
1069 1308 1264 1384 dicis,
1329 1310 1386 1372 si
1443 1308 1633 1374 modo
1688 1328 1907 1373 omnes
1953 1308 2195 1374 multos
2234 1309 2441 1373 dicere
2486 1314 2699 1394 potes,
2752 1331 2905 1374 nam

511 1435 732 1480 omnes
779 1414 1239 1480 consentiunt”.
1311 1413 1430 1480 Sed
1483 1413 1613 1479 tale
1660 1414 1811 1498 quid
1864 1418 1929 1478 in
1976 1412 2311 1488 Cicerone,
2363 1414 2561 1481 libere
2603 1415 2907 1500 loquente

510 1542 626 1585 nec
691 1526 1128 1597 convertente,
1200 1541 1326 1586 non
1370 1519 1524 1585 fero.
1598 1518 1875 1586 Onerant
1922 1520 2045 1585 ista
2092 1519 2361 1586 mirifice
2406 1523 2791 1586 sententiam
2842 1528 2910 1586 et

507 1627 983 1712 interpolationi
1051 1627 1392 1703 debentur,
1457 1629 1641 1692 cuius
1703 1625 1947 1709 aliquot
2010 1624 2303 1711 exempla
2360 1629 2427 1690 in
2491 1628 2609 1692 hoo
2662 1627 2906 1693 codice.

511 1730 940 1798 Conferendus
985 1732 1164 1798 locus
1221 1733 1257 1816 ξ
1303 1733 1424 1808 51,
1478 1752 1666 1817 quem
1709 1751 1897 1796 nemo
1939 1739 2081 1816 post
2120 1730 2532 1820 Madvigium
2578 1732 2910 1816 defendet,

509 1840 620 1923 qui
669 1838 884 1902 docuit
917 1859 1066 1905 vere
1111 1860 1175 1903 eo
1223 1840 1456 1903 nomine
1500 1839 1596 1902 ibi
1641 1858 1775 1903 esse
1818 1836 2311 1922 interpolatum3
2362 1857 2545 1923 porro
2598 1837 2636 1921 ἓ
2686 1835 2774 1902 59
2824 1838 2907 1904 de

509 1963 636 2028 qua
684 1944 762 2009 ad
811 1942 898 2008 65
946 1945 1255 2029 quaedam
1306 1944 1538 2009 dicam.

601 2155 699 2221 Ib.
752 2157 928 2233 „sive
974 2156 1130 2222 haec
1169 2159 1236 2221 in
1279 2177 1486 2221 errore
1522 2158 1965 2240 imperitorum
2009 2159 2219 2242 posita
2256 2177 2391 2222 esse
2430 2151 2498 2223 et
2532 2155 2900 2223 fabularum

508 2260 749 2327 similia
786 2262 1132 2328 didicimus
1150 2311 1168 2346 ,
1209 2262 1546 2329 audiamus
1586 2263 1944 2328 communis
1984 2265 2166 2346 quasi
2190 2262 2475 2330 doctores
2498 2263 2899 2328 eruditorum

507 2367 903 2434 hominum’'.

607 2475 940 2541 Communes
1000 2474 1284 2540 doctores
1343 2493 1468 2540 non
1540 2478 1691 2539 sunt
1759 2474 2155 2541 eruditorum
2225 2472 2705 2551 tantummodo,
2778 2495 2897 2540 nec

506 2583 732 2646 eruditi
792 2583 1198 2667 potissimum
1269 2579 1552 2647 docendi.
1645 2580 1789 2647 Non
1860 2582 2082 2647 dubito
2154 2602 2479 2666 reponere.
2552 2579 2895 2646 audiamus

504 2690 864 2754 communis
916 2688 1096 2772 quasi
1143 2687 1430 2752 doctores
1477 2697 1536 2749 et
1584 2688 1916 2752 eruditores
1960 2686 2347 2753 hominqu
2422 2687 2717 2751 Eruditor
2764 2707 2891 2751 non

505 2814 639 2860 esse
687 2795 982 2880 ignotum
1033 2790 1457 2894 vocabulum,
1507 2790 1713 2857 lexica
1760 2792 2005 2859 docent.

600 3004 706 3070 59.
772 3005 1090 3092 Archytas
1146 3008 1347 3071 iratus
1409 3010 1738 3091 propterea
1756 3053 1773 3083 ,
1847 3005 2014 3090 quod
2084 3006 2288 3070 iratus
2356 3009 2520 3070 esset
2539 3052 2557 3078 ,
2630 3023 2889 3069 servum
2962 2982 2970 2991 ’

505 3112 977 3197 delinquentem
1039 3132 1164 3177 non
1229 3110 1491 3188 occidit,
1557 3114 1649 3176 ita
1711 3110 1901 3177 illum
1950 3110 2372 3195 compellans:
2430 3108 2523 3192 „0
2571 3120 2636 3175 te
2680 3107 2897 3176 infeli·

505 3239 677 3302 cem,
728 3238 918 3303 quem
965 3237 1286 3283 necassem
1323 3220 1454 3282 iam
1496 3217 1903 3301 verberibus,
1944 3218 2068 3281 nisi
2107 3219 2310 3281 iratus
2337 3214 2585 3283 essem’'
2591 3215 2895 3302 .-Legen

504 3324 661 3391 dum
727 3344 806 3402 „o
870 3330 934 3387 te
996 3321 1320 3399 felicem'ss
1382 3320 1536 3387 felix
1596 3326 1729 3386 erat
1778 3342 1849 3387 eo
1898 3322 2067 3407 quod
2111 3322 2431 3409 Archytas
2476 3324 2677 3387 iratus
2726 3328 2895 3387 esset

504 3436 568 3495 et
627 3428 792 3494 nihil
855 3429 934 3493 ab
990 3429 1155 3494 irato
1201 3428 1565 3493 faciendum
1612 3447 1747 3493 esse
1794 3434 2065 3513 putaret.
2143 3428 2356 3516 „Ergo
2402 3426 2721 3513 Archytas
2767 3428 2895 3492 ira-

503 3535 802 3600 cundiam
870 3533 1170 3599 videlicct
1231 3533 1641 3598 dissidentem
1708 3554 1745 3598 a
1805 3536 2044 3599 ratione
2107 3534 2483 3598 seditionem
2568 3532 2892 3617 quandam

501 3638 1218 3706 AnAmMolanuanss'’.
1307 3638 1412 3705 Sic
1474 3659 1703 3704 manus
1764 3642 1935 3723 prior
1950 3658 1967 3715 ;
2036 3638 2236 3704 altera
2284 3637 2490 3703 deleto
2534 3640 2607 3701 ab
2662 3659 2891 3723 supra-

501 3749 756 3831 scripsit
798 3763 874 3810 m
922 3765 1114 3829 supra
1158 3762 1276 3809 nm
1296 3791 1313 3822 ,
1362 3761 1446 3809 vn
1488 3764 1679 3829 supra
1724 3761 1838 3821 012,
1882 3743 2049 3828 quod
2088 3746 2540 3827 interpretatur
2580 3742 2892 3809 Halmius

499 3858 704 3917 recte:
753 3851 943 3915 animi
989 3872 1214 3914 movere
1258 3850 1535 3934 ducebat,
1586 3868 1623 3913 a
1670 3868 1792 3933 quo
1838 3868 1961 3913 non
2010 3854 2146 3913 erat
2185 3848 2691 3932 desciscendum3
2734 3849 2889 3914 Bai-

499 3965 673 4025 terus
735 3978 882 4023 cum
950 3955 1490 4022 Weissenbornio:
1567 3955 1686 4033 „ab
1758 3957 1976 4019 animo
2036 3953 2485 4020 removendam
2534 3955 2888 4031 censebat”,

500 4063 725 4152 Reisig
777 4064 1021 4141 „animi
1071 4083 1218 4128 vere
1264 4061 1575 4127 ducebat’'
1626 4061 1794 4145 quod
1842 4062 1976 4145 ipse
2024 4059 2177 4125 olim
2228 4060 2530 4144 probavi,
2581 4060 2689 4125 sed
2753 4062 2891 4127 dies

499 4172 669 4235 diem
719 4171 936 4236 docet:
991 4191 1128 4233 vere
1173 4171 1341 4234 enim
1391 4189 1428 4232 a
1476 4170 1787 4233 sententia
1836 4166 2155 4249 alienum,
2204 4166 2499 4250 quamvis
2544 4167 2886 4251 probatum

499 4277 578 4341 ab
647 4276 933 4361 Hauptio
991 4282 1054 4341 et
1122 4272 1192 4340 O.
1245 4273 1587 4351 Mueller03
1642 4274 1698 4337 si
1746 4272 1981 4337 iudicio
2028 4271 2232 4339 Laelii
2275 4272 2593 4360 indigeret
2638 4274 2888 4340 dictum

501 4383 823 4473 Archytae
842 4432 860 4468 ,
908 4388 1118 4469 posset
1164 4379 1352 4468 plane
1397 4381 1653 4454 omitti,
1702 4398 1827 4445 non
1876 4376 2138 4443 Laelius
2181 4377 2505 4465 Archytae
2538 4378 2645 4443 sed
2670 4386 2895 4447 contra
