3150 5000
64 4083 67 4102 -
64 4043 67 4070 -
64 3855 76 4026 -χἺ,-.
64 3837 67 3844 .
64 3555 74 3818 ..ἼἺ--υ

533 228 622 303 94
1181 282 1196 291 .
1504 247 1928 303 morumne.

527 420 953 489 Leuissimum
1015 420 1371 487 remedium
1435 423 1566 498 est,
1636 424 1731 486 uti
1795 419 1990 486 vides.
2066 416 2369 505 Sequitur
2428 415 2607 483 locus
2652 412 2737 482 11.
2786 414 2915 481 21:

531 527 902 606 μεμνημένοι
948 526 1053 592 καὶ
1102 525 1582 597 Πλειςοοὶνακτα
1614 564 1696 577 —
1724 522 1760 590 δ’
1769 551 1808 590 τ
1828 550 1859 590 ε
1885 562 1967 575 -
1993 524 2343 604 α’νεχῶρησε
2383 522 2616 607 πάλιν,
2652 522 2762 589 sed
2801 524 2915 587 At-

530 637 799 701 ticorum
850 635 1236 719 frequentior
1280 653 1434 699 usus
1479 638 1577 699 est
1618 635 1684 697 in
1712 630 1949 697 talibus
1986 628 2022 694 δ’
2033 652 2106 695 τι
2131 650 2456 717 usurpare.
2504 628 2749 727 Deinde
2772 628 2918 715 egri

530 746 896 827 vastantur,
965 736 994 805 ὃ
1058 738 1224 805 οὔπω
1287 738 1617 817 ἑορακεσαν
1680 734 1743 802 οἵ
1788 760 1867 814 γε
1929 735 2191 815 νεώτεροι
2242 737 2363 802 οὐδ’
2411 736 2463 800 οἷ
2512 733 2913 814 πρεσβύτεροι

531 852 695 920 πλὴν
755 846 842 911 τὰ
905 846 1158 920 Μηδικά
1185 868 1199 884 ·
1257 850 1576 931 postrema
1622 844 1815 909 verba
1861 842 2327 909 Herwerdenus
2372 842 2715 927 expunxit,
2764 858 2915 905 cum

441 946 444 956 ’
531 951 636 1019 vel
698 952 778 1017 ob
816 948 1258 1019 'Graecitatem
1305 955 1599 1036 suspecta
1644 952 1808 1045 sint;
1855 948 1965 1015 sed
2014 969 2117 1014 me
2161 947 2419 1035 quidem
2466 947 2679 1017 iudice
2726 946 2916 1011 corri-

532 1078 681 1145 gere
725 1056 983 1123 licebit:
1031 1057 1193 1129 πλὴν
1242 1054 1344 1143 (οἵ
1376 1079 1421 1133 7
1443 1058 1499 1140 ε)
1545 1058 1631 1121 τὰ
1678 1054 1949 1129 Μηδικά.
2000 1054 2237 1119 Itidem
2286 1056 2495 1140 capite
2536 1050 2617 1117 11.
2656 1050 2747 1117 24
2788 1052 2917 1115 duo

532 1166 787 1229 minuta
841 1161 1210 1249 displicent:
1272 1163 1461 1243 χίλια
1515 1163 1811 1227 τάλαντα
1856 1160 2057 1236 ἔδοξεν
2103 1162 2313 1233 αὐτοῖς
2363 1158 2649 1240 ἐξαίρετα
2698 1180 2915 1229 ποιη-

533 1270 920 1349 σαμένοις
970 1268 1156 1349 χωρὶς
1204 1268 1446 1354 θέσθαι,
1495 1268 1667 1335 malo
1714 1290 1793 1334 ex
1840 1267 2030 1334 solita
2066 1287 2290 1333 norma
2326 1263 2915 1342 ποιησαμένους.

534 1376 776 1443 Deinde
822 1378 1016 1441 etiem
1066 1382 1324 1441 centum
1375 1378 1667 1441 triremes
1706 1379 2047 1461 seponunt,
2088 1370 2163 1438 ὧν
2202 1377 2290 1450 μὴ
2331 1375 2597 1455 χρῆσθαι
2634 1373 2915 1451 μηδεμιᾷ

533 1485 594 1557 ἐς
639 1480 800 1547 ἄλλο
845 1506 905 1546 τι
957 1482 991 1557 ἢ
1044 1483 1214 1559 μετα
1264 1488 1380 1547 τῶν
1427 1481 1770 1563 χρημάτων
1818 1482 1888 1555 ἢν
1932 1480 2053 1560 δέῃ.
2100 1479 2283 1560 Quod
2329 1479 2586 1545 additur
2632 1476 2767 1559 περὶ
2806 1480 2914 1541 τοῦ

533 1591 726 1659 αὐτοῦ
773 1588 1037 1655 κινδύνου
1081 1590 1278 1653 nimis
1326 1586 1659 1673 pueriliter
1680 1586 1997 1674 [additum
2044 1592 2159 1653 est.

625 1802 917 1889 Impense
963 1804 1158 1868 miror
1204 1800 1286 1866 11.
1336 1800 1424 1867 25
1472 1800 1643 1887 quod
1688 1799 1767 1866 de
1816 1799 2077 1867 Brasida
2121 1798 2399 1889 legitur:
2450 1797 2800 1878 διαδραμὼν
2846 1792 2916 1859 τὸ

535 1914 652 1977 τῶν
714 1910 1048 1981 Ἀθηναίων
1095 1906 1464 1988 ςρατόπεδον
1517 1905 2119 1984 ἐσκεδασμένον
2177 1907 2346 1971 κατὰ.
2396 1904 2503 1979 τὴν
2550 1908 2761 1985 χώραν
2810 1902 2913 1966 καὶ

536 2016 680 2097 πρὸς
728 2016 798 2080 τὸ
846 2022 1057 2097 τεῖχος
1106 2013 1715 2096 τετραμμένον,
1769 2012 2056 2078 ἐσπίπτει
2102 2014 2164 2086 ἐς
2213 2014 2324 2086 τὴν
2360 2013 2667 2087 Μεθώνην.
2734 2007 2917 2090 Quod

536 2125 922 2189 conieceram
974 2119 1605 2195 ἐσκεδασμένων
1668 2124 1733 2184 et
1793 2117 2413 2203 τετραμμένων,
2460 2117 2530 2183 id
2576 2120 2776 2183 etiam
2822 2114 2917 2181 le-

535 2231 704 2316 gisse
765 2228 1000 2293 dixeris
1061 2226 1404 2292 Diodorum
1473 2224 1765 2291 Siculum
1814 2224 1969 2291 XII.
2020 2226 2140 2290 43:
2192 2225 2293 2290 διὰ
2338 2226 2525 2301 μέσον
2571 2230 2687 2289 τῶν
2734 2238 2915 2289 πολε-

535 2335 688 2411 μίων
731 2333 1188 2409 ἐσκεδασμένων
1231 2332 1540 2408 ἐτόλμησε
1590 2332 2007 2405 διεκπερᾶσαι.
2058 2330 2132 2396 In
2181 2337 2465 2397 extremo
2510 2334 2719 2416 capite
2758 2332 2917 2395 inse·

533 2440 728 2508 reuda
786 2448 882 2505 est
941 2440 1298 2524 conjunctio
1364 2436 1524 2516 γάρ·
1592 2436 1697 2502 καὶ
1762 2438 1941 2522 (γὰρ)
2004 2444 2119 2502 τῶν
2173 2440 2424 2504 Ἠλείων
2476 2439 2507 2512 ή
2555 2440 2755 2509 πολλὴ
2806 2436 2913 2512 ἤδη

533 2546 759 2626 epam&
823 2543 1394 2626 προσεβεβοκθήκει.
1464 2543 1593 2608 Hic
1655 2563 1902 2628 quoque
1958 2543 2269 2609 habemus
2316 2546 2744 2630 compositum
2794 2560 2915 2628 quo

507 2650 941 2738 ¹Thucydides
987 2653 1175 2716 toties
1220 2653 1464 2726 utitur,
1514 2650 1685 2715 unde
1730 2653 1924 2716 etiam
1973 2649 2063 2716 ΙΙ.
2112 2649 2199 2714 26
2250 2648 2508 2716 malim:
2570 2649 2631 2714 ἐν
2677 2649 2915 2730 ’Anda-n

534 2757 673 2828 τοὺς
757 2757 1555 2838 προσβοηθήσαντας
1653 2762 1893 2836 Λοκρῶν
1980 2756 2169 2838 μάχῃ
2254 2755 2617 2836 ἐκράτησεν,
2720 2773 2913 2840 quam

533 2864 1124 2944 βοηθήσαντας.

625 3078 974 3164 Postquam
1039 3075 1118 3144 11.
1169 3075 1256 3142 29
1322 3079 1705 3144 memoravit
1746 3079 2063 3152 Σιτάλκην
2109 3078 2212 3143 τὸν
2258 3079 2503 3156 Τήρεω,
2551 3079 2771 3165 paucis
2816 3080 2913 3142 iu·

534 3188 857 3272 tei-positis
903 3186 1221 3269 sequitur:
1285 3183 1313 3248 ὁ
1361 3185 1423 3248 δὲ
1471 3185 1673 3264 Τήρης
1722 3181 1923 3264 οὗτος,
1986 3187 2152 3270 quod
2210 3190 2463 3252 omnino
2508 3188 2665 3250 satis
2710 3191 2807 3250 eet
2854 3191 2915 3248 et

534 3291 720 3379 plane
766 3289 1084 3357 inutiliter
1127 3289 1514 3376 adscriptum
1565 3296 1695 3356 est:
1745 3292 1773 3356 ὅ
1811 3295 1919 3356 τοῦ
1971 3291 2284 3357 Σιτάλκου
2333 3292 2559 3370 πατήρ.
2622 3288 2778 3377 Gap.
2832 3289 2916 3355 34

536 3399 704 3483 quod
748 3396 990 3485 legitur
1034 3395 1253 3476 ταφὰς
1305 3397 1843 3475 ποιήσασθαι,
1892 3400 2058 3464 infra
2103 3401 2429 3465 invenitur
2472 3397 2678 3480 τάφον
2726 3406 2913 3462 ποιεῖν

536 3509 603 3568 et
663 3501 833 3568 Plat.
896 3501 1143 3568 Menex.
1205 3523 1270 3588 p.
1333 3500 1466 3567 234
1513 3503 1566 3567 B
1629 3504 1849 3583 ταφὰς
1906 3513 2127 3584 ποιεῖν,
2181 3505 2349 3592 quod
2396 3504 2569 3571 malo
2614 3507 2913 3590 quoniam

537 3609 758 3676 eodem
805 3609 993 3674 modo
1037 3608 1156 3675 hoc
1203 3608 1450 3674 dictum
1500 3615 1633 3684 est,
1694 3628 1821 3694 quo
1868 3610 2105 3676 dicitur
2148 3612 2351 3692 ἑορτὴν
2398 3619 2588 3677 ποιεῖν
2636 3617 2700 3676 et
2744 3613 2910 3686 sim„

537 3716 742 3781 sicubi
805 3715 882 3780 de
943 3715 1103 3780 festo
1151 3717 1250 3781 die
1297 3715 1542 3803 agendo
1590 3736 1796 3782 sermo
1842 3716 1935 3783 fit.
2007 3717 2307 3784 Alienum
2358 3724 2454 3784 est
2500 3717 2627 3782 huc
2672 3717 2917 3782 trahere

537 3819 1066 3906 periphrasticum
1110 3840 1300 3885 usum
1349 3820 1552 3886 medii
1598 3822 1777 3887 verbi
1826 3824 2145 3888 ποιεῖσθαι.
2196 3823 2347 3911 Cap.
2401 3822 2485 3888 11.
2536 3821 2653 3888 39:
2702 3823 2913 3904 διαφέ-

535 3949 714 4007 ρομεν
781 3924 844 3989 δὲ
907 3926 1040 3990 καὶ
1089 3933 1233 3998 ταῖς
1279 3927 1399 3990 τῶν
1444 3930 1794 4002 πολεμικῶν
1840 3929 2137 4006 μελέταις
2186 3937 2303 3995 τῶν
2348 3930 2634 3994 ἐναντίων
2678 3929 2906 4010 τοῒςδε,

535 4034 788 4119 requiro
834 4055 872 4096 κ
888 4033 932 4096 οὶ
951 4056 1000 4095 ν.
1069 4031 1172 4097 Ad
1229 4052 1494 4117 sequens
1540 4043 1732 4118 capnt
1778 4055 1901 4100 non
1946 4036 2407 4123 negligendum
2455 4043 2552 4102 est
2600 4035 2909 4108 Cobetum

538 4139 875 4206 coniecisse
937 4135 1014 4202 ὦν
1067 4137 1145 4202 ἂν
1184 4139 1669 4220 ἐπιχειρήσωμεν
1715 4161 1827 4226 pro
1875 4137 1950 4205 ὦν
1998 4143 2467 4224 ἐπιχειρήσομεν
2514 4148 2581 4208 et
2626 4143 2910 4208 Herwer·

539 4245 774 4312 denum
820 4246 1196 4330 expunxisse
1241 4248 1769 4332 praepositionem
1818 4247 1887 4312 ἐκ
1934 4249 2000 4312 in
2048 4248 2290 4315 verbis:
2332 4248 2809 4330 ἀποτρεπόμενοι
2848 4249 2911 4312 ἐκ

538 4357 656 4420 τῶν
700 4348 976 4418 κινδύνων
996 4396 1016 4431 ,
1061 4349 1174 4418 sed
1217 4357 1483 4438 utroque
1522 4352 1661 4419 loco
1700 4352 2035 4442 vulgatam
2078 4358 2245 4421 tueri
2285 4355 2629 4423 Stobaeum
2654 4358 2725 4422 in
2746 4354 2907 4424 Flor-
