3150 5000
68 0 116 42 X

538 253 671 316 2384
993 311 1008 324 ,
1412 249 1415 256 ’
1570 271 1900 320 senumve

538 437 882 523 Procopius
929 437 1300 504 latenter
1348 424 1663 522 accipiens
1684 486 1701 520 ,
1753 439 2254 522 arbitratusque,
2307 437 2416 502 ubi
2463 435 2713 505 felicius
2763 437 2903 501 acci·

539 544 701 610 derit
769 544 1013 623 fatum,
1084 548 1343 632 negotio
1412 543 1545 609 leui
1607 544 1684 609 ad
1749 547 1995 630 apicem
2059 565 2350 609 summae
2415 546 2744 630 potestatis
2787 542 2902 608 ad-

536 650 787 728 sumi,
838 649 1204 716 subsidebat
1250 657 1323 716 ut
1372 651 1731 736 praedatrix
1777 651 1981 717 bestia
2030 653 2199 727 uiso,
2252 650 2418 736 quod
2466 653 2610 736 capi
2654 653 2904 735 poterat,

534 761 821 843 protinus
870 759 1236 844 eruptura.”
1945 752 1950 765 '

626 863 976 931 Contextus
1026 863 1388 930 manifesto
1460 864 1736 930 ostendit
1806 866 1876 930 A.
1945 865 2268 950 scripsisse
2329 885 2534 950 „quae
2581 861 2910 947 Procopius

532 972 960 1038 laetanter
1026 970 1404 1057 accipiens.”
1477 970 1654 1036 Idem
1729 970 1970 1058 legitur
2039 970 2206 1057 apud
2277 969 2584 1055 Lamprid
2652 973 2721 1035 in
2783 967 2908 1033 Vit-

535 1074 874 1144 Commodi
924 1077 985 1143 5.
1038 1075 1114 1142 3:
1165 1076 1376 1163 „quod
1424 1074 1817 1144 Commodus
1862 1077 2171 1143 laetanter
2205 1078 2514 1163 accepit.”
2559 1114 2642 1126 —-
2679 1075 2910 1142 Deinde

533 1183 936 1250 scribendum
988 1185 1110 1250 erit
1156 1181 1279 1264 „ad
1326 1185 1572 1270 apicem
1621 1203 1912 1250 summae
1962 1185 2292 1268 potestatis
2342 1181 2772 1272 adsurgi.’'

629 1399 693 1466 6.
750 1399 854 1464 18.
904 1398 1125 1484 „Idem
1175 1397 1520 1484 Procopius
1564 1397 1694 1464 leni
1739 1418 2085 1482 paucorum
2128 1417 2385 1463 susurro
2426 1397 2630 1483 pretio
2652 1395 2911 1462 inlecto·

533 1528 675 1571 rum
696 1553 713 1585 ‚
763 1505 987 1571 deinde
1033 1503 1477 1571 tumultuariis
1523 1503 2124 1570 succlamationibus
2174 1502 2377 1589 plebis
2421 1505 2772 1588 imperator
2819 1522 2913 1584 ap·

534 1613 810 1700 pellatus
852 1611 1204 1696 incondite,
1252 1613 1415 1698 petit
1458 1613 1700 1677 curiam
1743 1611 2016 1695 raptim.
2050 1610 2162 1674 ubi
2197 1608 2379 1675 nullo
2418 1608 2912 1674 clarissimorum

534 1719 644 1786 sed
701 1717 975 1806 ignobili
1035 1720 1355 1804 paucitate
1414 1719 1712 1798 inuenta,
1778 1716 2090 1802 palatium
2141 1719 2504 1800 pessimo
2551 1715 2711 1800 pede
2762 1715 2916 1780 festi·

535 1827 703 1891 natis
750 1825 1038 1910 passibus
1082 1826 1399 1890 introiit.''

628 1930 1043 1996 Ammianum
1106 1931 1467 2009 „festino
1517 1929 1715 2015 pede'’
1768 1931 2092 2013 scripsisse
2139 1930 2418 2008 conicio,
2466 1930 2704 2014 quibus
2752 1929 2916 1995 ludi-

540 2040 851 2128 magister
888 2040 1097 2103 nescio
1135 2039 1277 2122 quis
1317 2036 1633 2102 addiderit
1673 2037 2032 2120 „festinatis
2072 2035 2421 2120 passibus.”
2470 2034 2568 2104 Of.
2593 2037 2741 2105 XX.
2771 2034 2831 2103 3.
2859 2035 2916 2100 2.

546 2145 818 2224 „festina
864 2144 1218 2211 celeritas.”

626 2357 688 2423 6.
738 2356 845 2422 20.
915 2357 1470 2449 „Adramyttenus
1532 2356 1881 2423 Andriscus
1935 2358 2035 2423 'de
2096 2378 2394 2445 genere
2455 2357 2716 2442 quidam
2781 2357 2916 2424 infi-

534 2457 677 2531 mae
724 2467 912 2531 sortis
958 2462 1037 2531 ad
1084 2485 1281 2550 usque
1326 2461 1854 2551 Pseudophilippi
1900 2484 2130 2530 nomen
2180 2469 2513 2531 erectus
2561 2465 2750 2532 bellis
2789 2464 2918 2532 Ma·

534 2572 848 2638 cedonicis
894 2574 1158 2637 tertium
1208 2571 1454 2637 addidit
1500 2573 1765 2659 graue.”

626 2677 921 2766 Corrigas
967 2697 1196 2764 quaeso
1246 2678 1652 2765 „degener
1699 2678 1958 2763 quidam
2008 2677 2266 2745 infimae
2312 2679 2542 2745 sortis”
2585 2680 2758 2765 quod
2795 2683 2916 2746 iam

535 2787 915 2853 uetustiores
975 2786 1211 2850 habent
1273 2784 1579 2850 editiones
1592 2804 1609 2864 ;
1677 2784 1756 2849 cf.
1824 2784 1884 2851 ¹7.
1939 2784 2066 2849 16:
2118 2784 2530 2864 „Pannonius
2578 2784 2914 2874 degener.”

532 2893 605 2958 In
653 2894 883 2958 iisdem
932 2891 1173 2979 legitur
1219 2896 1607 2969 euectus,
1657 2890 1823 2976 quod
1874 2893 2058 2957 unice
2103 2892 2524 2977 probandum.

626 3105 687 3171 7.
742 3106 799 3170 1.
874 3101 1128 3190 „Igitur
1197 3102 1653 3188 cuppediarum
1727 3104 1963 3171 uilium
2027 3110 2406 3171 mercatores
2469 3112 2534 3171 et
2595 3108 2709 3191 qui
2755 3110 2917 3173 intra

530 3214 774 3301 regiam
840 3210 1227 3296 apparebant
1289 3215 1402 3273 aut
1459 3230 1676 3295 parere
1740 3208 2088 3295 desierant,
2150 3214 2386 3297 quique
2449 3217 2632 3279 coetu
2679 3214 2917 3279 milita·

458 3350 465 3358 ·
528 3320 698 3383 rium
762 3318 949 3383 nexi
1012 3315 1091 3380 ad
1152 3316 1473 3399 pacatiora
1534 3318 1708 3382 uitae
1773 3318 2186 3383 discesserant
2231 3365 2246 3381 .
2274 3366 2290 3382 .
2321 3366 2338 3385 .
2386 3320 2622 3404 partim
2686 3321 2912 3401 inuiti,

530 3424 645 3489 alii
690 3422 977 3489 uolentes
1024 3420 1599 3487 adsciscebantur.’'

623 3530 996 3618 Legendum
1046 3534 1141 3595 est
1189 3530 1468 3615 „quique
1516 3550 1550 3595 e
1599 3536 1782 3596 coetu
1829 3530 2216 3598 militarium
2265 3536 2579 3598 missi.’'
2629 3535 2912 3601 Ammia-

528 3657 648 3703 nus
695 3634 965 3700 tumidis
1014 3635 1260 3713 uerbis,
1310 3639 1383 3699 ut
1430 3633 1626 3712 solet,
1679 3643 2114 3704 exauctoratos
2163 3638 2503 3727 significat.

622 3848 684 3915 7.
736 3850 796 3913 3.
846 3847 972 3928 Qui
1018 3849 1173 3914 dum
1219 3850 1558 3915 itineribus
1606 3857 1897 3937 properat
1945 3853 2198 3939 magnis
2219 3898 2235 3929 ‚
2285 3854 2714 3920 attentissima
2769 3873 2910 3920 cura

525 3956 871 4041 Procopius
918 3957 1000 4019 in
1049 3956 1183 4021 dies
1228 3957 1517 4043 agitabat
1562 3962 1628 4021 et
1673 3958 1953 4023 noctes.''

616 4062 858 4139 Immo,
910 4062 1131 4146 opinor
1180 4062 1355 4139 „dies
1395 4063 1684 4149 agitabat
1725 4068 1788 4128 et
1824 4066 2085 4129 noctes''
2122 4067 2168 4130 i.
2196 4086 2246 4131 e.
2297 4067 2547 4153 agebat.
2597 4064 2695 4134 Cf.
2739 4064 2906 4135 Cort.

525 4169 602 4236 ad
652 4165 811 4235 Sall.
861 4164 1001 4234 Cat.
1056 4166 1119 4232 2.
1170 4166 1317 4233 Tac.
1368 4170 1531 4234 Ann.
1581 4168 1703 4235 XI.
1754 4168 1878 4256 213
1929 4170 2034 4238 IV.
2089 4171 2199 4235 46.

618 4368 682 4434 7.
732 4368 793 4433 4.
867 4366 1399 4445 „Administratio
1470 4372 1877 4455 negotiorum
1949 4372 2364 4435 castrensium
2439 4368 2786 4437 Gomoario
2847 4374 2903 4435 et
