3150 5000
582 234 672 305 96
1213 307 1216 310 ,
1559 243 1979 306 maceremus.

575 426 837 493 mentio.
908 422 1276 511 Sequuntur
1322 424 1544 490 verbs:
1618 426 1721 491 καὶ
1774 425 1989 491 πολλοὶ
2037 429 2214 491 τοῦτο
2262 430 2379 491 τῶν
2428 422 2947 502 ἠμελημένων

573 528 893 615 ρὶνθρώπων
942 532 1043 597 καὶ
1093 532 1353 610 ἔδρασαν
1403 532 1463 604 ἐς
1511 530 1797 613 φρέατα,
1850 540 1927 612 τῇ
1976 518 2515 614 Bithunia-ducet
2560 530 2947 611 ξυνεχόμενοι

575 638 680 703 καὶ
731 639 789 702 ἐν
835 641 919 719 τῷ
969 638 1147 719 ὁμοίῳ
1196 638 1540 712 καθειςήκει
1587 636 1660 701 τό
1708 662 1777 701 τε
1822 640 2007 702 πλέον
2046 638 2150 703 καὶ
2192 637 2546 702 ἔλασσον
2574 638 2779 703 ποτόν.
2828 636 2947 701 Hic

455 815 462 828 ¹
575 746 631 810 si
679 744 928 823 dixero,
975 750 1204 809 iterato
1251 741 1519 809 articulo
1565 742 1909 832 legendum
1958 762 2127 810 esse:
2193 745 2265 809 τό
2310 769 2379 809 τε
2429 742 2615 809 πλέον
2660 746 2763 809 καὶ
2817 744 2945 828 (τὸ)

573 848 956 930 ἔλασσον,
1001 848 1200 915 fidem
1251 870 1374 914 non
1420 852 1744 917 inveniam
1790 852 1914 914 nisi
1962 850 2259 917 addidero
2306 851 2469 917 hanc
2514 854 2717 936 ipsam
2762 852 2949 933 scrip·-

573 966 784 1023 tursm
834 964 1078 1022 exstare
1125 954 1293 1041 apud
1341 952 1853 1021 Cantacuzenum
1902 955 2007 1023 IV.
2050 956 2092 1021 8
2132 978 2193 1042 p.
2240 956 2348 1023 50.
2385 955 2493 1024 23.
2544 956 2785 1022 Deinde
2824 954 2950 1019 fieri

569 1069 810 1150 potest.
863 1070 934 1128 ut
975 1068 1249 1148 praestet
1287 1062 1663 1127 adverbium
1702 1064 1980 1141 απαυςί,
2022 1084 2147 1147 quo
2186 1062 2305 1129 Dio
2330 1060 2588 1129 Cassius
2616 1060 2947 1147 aliquando

571 1190 724 1236 usus
771 1176 898 1252 est,
945 1168 1054 1234 sed
1100 1170 1362 1257 gravius
1409 1175 1503 1234 est
1548 1168 1615 1233 id
1664 1169 1831 1255 quod
1876 1177 2179 1256 superest.
2228 1170 2475 1255 Nempe
2524 1170 2742 1235 miseri
2790 1189 2927 1231 mor

525 1276 542 1309 '
572 1274 732 1341 tales
795 1274 950 1354 »ἴδετ’
1013 1276 1073 1346 ἐς
1139 1274 1287 1355 ὕδωρ
1349 1274 1592 1355 ψυχρὸν
1650 1280 1822 1356 σφοῖς
1873 1276 2096 1347 αὐτοὺς
2146 1276 2453 1356 ἔρριπτον,
2505 1275 2729 1343 deinde
2776 1274 2947 1341 addit

569 1384 870 1467 scriptor,
920 1382 1110 1446 sicuti
1159 1379 1446 1447 dicebam
1505 1382 1611 1445 καὶ
1663 1382 1879 1447 πολλοὶ
1929 1386 2105 1446 τοῦτο
2147 1384 2264 1447 τῶν
2303 1382 2700 1459 ἠμελημένων
2738 1380 2945 1457 ἀνθρώ·

569 1512 696 1553 πων
743 1489 848 1553 καὶ
899 1486 1161 1567 ἔδρασαν
1207 1488 1267 1559 ἐς
1315 1486 1587 1567 φρέατα.
1654 1488 1797 1554 Non
1843 1497 1939 1554 est
1984 1488 2196 1553 hercle
2244 1491 2484 1554 mirum
2535 1487 2944 1567 ἦμελημένους

569 1615 674 1661 eos
734 1595 954 1660 fecisse
1016 1594 1182 1679 quod
1245 1594 1691 1660 ardentissime
1754 1599 2053 1682 cuperent
2110 1616 2368 1681 seseque
2412 1598 2482 1660 in
2531 1614 2763 1680 aquam
2814 1612 2949 1679 pro-

565 1702 807 1767 iecisse.
877 1699 1050 1775 Quid
1107 1696 1494 1786 requiritur?
1554 1699 1725 1767 Illud
1744 1746 1761 1779 ,
1833 1701 2048 1778 credo,
2120 1699 2361 1791 multos
2429 1698 2598 1767 clam
2669 1698 2947 1765 custodi-

567 1806 686 1871 bus
745 1806 968 1872 fecisse
1027 1806 1197 1872 idem
1263 1808 1478 1892 itaque
1542 1808 1919 1873 rescribam:
1986 1810 2103 1872 τῶν
2165 1808 2357 1894 (οὐκ)
2416 1806 2942 1884 ἠμελημένων

562 1914 1172 1998 inveniebanturque
1233 1914 1364 1993 περὶ
1428 1912 1545 1984 τὰς
1610 1914 1828 1993 κρήνας
1892 1913 2151 1986 οὶποίσας
2203 1916 2525 1990 ἡμιθνῆτες
2569 1920 2675 1979 τοῦ
2729 1909 2941 1983 ὕδατος

565 2020 876 2103 ἐπιθυμίᾳ.
927 2018 1098 2085 Hinc
1146 2018 1265 2085 Dio
1313 2017 1570 2086 Cassius
1620 2022 1729 2105 qui
1771 2022 2056 2086 maxima
2093 2020 2329 2106 pariter
2366 2041 2437 2087 sc
2477 2022 2749 2086 minima
2772 2018 2941 2084 'I'hu-

566 2126 832 2213 cydidea
893 2134 1194 2211 perpetuo
1240 2126 1536 2191 imitatur
1584 2125 1783 2191 XLII.
1834 2125 1960 2194 26:
2015 2124 2199 2199 ἵππος
2250 2151 2343 2201 τις
2390 2132 2509 2191 τῶν
2554 2128 2663 2191 οὐκ
2708 2128 2939 2204 ἠμελη-

563 2232 757 2311 μένων
805 2230 1106 2297 απέθανεν
1151 2236 1342 2316 atque
1389 2233 1483 2296 sic
1525 2234 1717 2324 etiam
1764 2232 2009 2321 legerat
2047 2240 2163 2297 τῶν
2204 2235 2312 2299 οὐκ
2350 2234 2747 2311 ἠμελημένων
2793 2231 2937 2296 Pro-

565 2338 816 2423 copius,
879 2358 1028 2403 nam
1093 2336 1370 2403 scribens
1431 2338 1497 2401 in
1563 2338 1905 2405 Anecdotis
1952 2362 2013 2425 p.
2064 2338 2197 2405 234
2246 2338 2474 2407 Orell.:
2526 2342 2614 2412 εἰς
2664 2336 2815 2419 ὕδωρ
2858 2332 2937 2406 οἷς

561 2443 922 2526 παρατύχοι
971 2446 1264 2523 ἐμπεσεῖν
1312 2443 1516 2520 ἠθελον
1538 2495 1552 2517 .
1602 2465 1725 2510 non
1775 2452 2063 2512 versatur
2114 2452 2258 2513 ante
2297 2445 2515 2514 oculos
2538 2448 2769 2514 misera
2800 2467 2937 2514 con-

558 2551 717 2618 ditio
767 2571 1010 2629 eorum,
1081 2552 1189 2636 qui
1249 2552 1407 2617 forte
1455 2552 1534 2617 ab
1582 2553 1878 2619 omnibus
1928 2554 2157 2619 deserti
2203 2557 2531 2634 iacebant,
2580 2555 2691 2621 sed
2738 2576 2937 2622 sermo

557 2655 630 2722 fit
677 2657 753 2723 de
799 2657 1198 2742 custodibus,
1240 2678 1510 2742 quorum
1551 2658 1832 2724 officium
1873 2657 2328 2726 difficillimum
2362 2661 2517 2740 fuit,
2548 2682 2695 2727 cum
2725 2682 2937 2729 omnes

554 2761 926 2849 inexplebili
975 2765 1324 2850 cupiditate
1371 2785 1603 2850 aquam
1653 2771 2037 2851 appeterent.

645 2973 948 3061 Sequenti
1009 2980 1252 3065 capite:
1317 2978 1634 3059 ἀνθρώπων
1694 2979 1963 3060 ἀτάφων
2022 2983 2571 3062 γιγνομένων,
2618 2991 2936 3072 praestare

555 3080 825 3148 arbitror
872 3085 1412 3164 ῥιπτομένων,
1461 3087 1628 3170 quod
1678 3085 1911 3174 legisse
1957 3089 2212 3160 videtur
2253 3089 2373 3156 Dio
2412 3088 2672 3158 Cassius
2713 3092 2934 3160 XLIV.

556 3186 640 3253 35
689 3195 754 3254 et
796 3191 1005 3276 capite
1055 3191 1176 3255 51:
1235 3189 1428 3271 ἕτερος
1481 3193 1603 3273 ἀφ’
1652 3192 1848 3276 ἑτέρου
1897 3196 2221 3275 θεραπείας
2270 3199 2935 3276 ἀναπιμπλάμε-

552 3319 659 3360 νοι
725 3293 923 3378 ὥσπερ
983 3296 1069 3361 τα
1133 3297 1426 3376 πρόβατα
1485 3297 1799 3378 ἔθνησκον,
1860 3322 1985 3366 non
2044 3305 2358 3390 corrigam
2404 3327 2553 3371 cum
2602 3305 2934 3394 Madvigio

551 3404 876 3486 θεραπεία,
927 3423 1078 3469 nam
1123 3425 1274 3470 vera
1319 3403 1510 3471 lectio
1555 3412 1804 3472 servata
1850 3414 1947 3472 est
1993 3408 2160 3494 apud
2210 3407 2721 3477 Cantacuzenum
2759 3411 2870 3478 IV.
2894 3409 2933 3475 8

548 3531 610 3594 p.
659 3509 766 3574 51.
813 3507 938 3587 20,
989 3509 1099 3574 ubi
1146 3512 1448 3576 inseritur
1492 3519 1633 3597 post
1686 3513 1955 3578 verbum
2017 3515 2548 3594 ἀναπίμπλασθαι
2597 3521 2933 3607 genetivus

547 3623 685 3690 τῆς
733 3615 813 3681 νο’
828 3639 908 3680 σο
930 3639 985 3681 υ.
1057 3615 1296 3680 Parum
1360 3617 1567 3682 abfuit
1614 3620 1768 3702 quin
1818 3641 1929 3705 per
1976 3624 2401 3689 coniecturam
2449 3624 2667 3691 eodem
2716 3645 2933 3711 perve-

543 3723 709 3787 niret
767 3720 1102 3787 ArnoldUS.
1175 3721 1456 3788 Ibidem:
1522 3723 1624 3788 διὰ
1687 3727 1757 3790 τὸ
1828 3726 2157 3805 προειδέναι
2220 3753 2288 3793 τε
2336 3730 2441 3794 καὶ
2488 3731 2663 3795 αὐτοὶ
2716 3730 2821 3808 ἤδη
2876 3731 2931 3794 ἐν

544 3828 628 3908 τῷ
679 3828 1092 3907 θαρσαλέῳ
1139 3823 1328 3906 εἶναι,
1382 3829 1538 3913 qnid
1585 3828 1708 3895 Dio
1763 3829 2016 3899 Cassius
2064 3833 2233 3919 apud
2276 3834 2719 3922 Thucydidem
2758 3836 2934 3924 lege-

545 3935 663 4016 rit,
711 3932 857 3998 vide
883 3932 1141 3999 XLVII.
1170 3933 1289 4000 29:
1333 3935 1539 4010 ἐπειδὴ
1583 3936 1645 4000 ἐν
1684 3939 1766 4017 τῷ
1812 3940 2242 4020 θαρσοῦντι
2284 3942 2529 4020 ἐγένετο
2554 3951 2619 4008 et
2642 3942 2929 4008 LXXIII.

543 4036 621 4104 2:
671 4039 730 4102 ἐν
776 4042 860 4122 τῷ
909 4039 1334 4121 θαρσοῦντα
1398 4043 1502 4107 καὶ
1556 4040 1894 4126 ἐξυβρίζειν
1942 4048 2167 4123 ἤθελον.

639 4252 716 4316 In
763 4253 1119 4319 notissimis
1166 4255 1375 4322 verbis
1413 4255 1500 4321 H.
1553 4257 1677 4322 54:
1726 4258 1961 4334 ἐνίκησε
2009 4262 2062 4325 δ’
2112 4261 2209 4327 ἐπὶ
2260 4267 2367 4328 τοῦ
2415 4264 2709 4346 παρόντος
2752 4267 2932 4332 εἲκὸ·

538 4381 686 4432 τως
751 4359 966 4438 λοιμὸν
1026 4360 1327 4444 εἰρῆσθαι,
1402 4366 1617 4451 inepte
1681 4365 1973 4432 additum
2042 4377 2137 4434 est
2198 4369 2479 4458 εἰκότως,
2536 4377 2931 4460 quo·0misso
