3150 5000
578 265 706 332 140
1558 285 1962 336 nnsooows.

569 473 597 515 0
618 451 650 514 ὖ
675 448 802 515 δὲν
848 449 989 515 οὔτε
1036 450 1192 521 τινὲς
1238 447 1419 516 ἄλλοι
1470 451 1596 515 κτὲ.
1649 453 2082 536 antiquissimi
2129 450 2376 517 codices
2421 447 2588 518 ABG
2643 453 2950 516 omittunt

566 579 594 621 0
614 556 647 620 ὖ
668 555 745 622 δέ
764 581 814 621 ν.
877 554 1195 622 Similiter
1255 559 1462 644 igitur
1520 557 1879 645 corrigendi
1942 557 2243 624 videntur
2286 557 2411 624 loci
2460 557 2545 622 IV
2599 557 2730 626 119
2781 561 2949 636 ἡμεῖς

562 661 625 727 δὲ
688 661 825 752 οὔτε
888 686 947 726 τι
1008 660 1153 728 τότε
1199 663 1571 740 ἠδικήσαμεν
1622 663 1762 735 τοὺς
1811 661 2030 742 ἄνδρας
2081 663 2330 736 τούτους
2381 665 2610 752 [οὐδὲν]
2659 664 2805 729 οὔτε
2852 667 2946 728 νῦν

563 767 830 848 πρότεροι
879 767 1288 848 πειρησόμεθα
1335 769 1614 835 ἀδικέειν.
1662 768 1751 834 IV
1803 767 1929 834 197
1977 769 2082 833 καὶ
2127 771 2355 835 τούτων
2394 772 2448 835 οἱ
2499 769 2718 836 πολλοὶ
2763 769 2947 848 βασι-

562 874 697 948 λέος
745 879 851 941 τοῦ
899 877 1123 950 Μήδων
1168 875 1306 942 οὔτε
1355 900 1427 940 τι
1478 881 1578 940 νῦν
1628 875 1766 942 οὔτε
1814 874 1960 940 τότε
2011 875 2354 958 ἐφρόντιζον
2407 877 2660 962 [οὐδέν].
2713 876 2946 941 Eadem

563 987 659 1047 est
718 983 881 1048 ratio
942 980 1067 1048 loci
1122 980 1286 1047 VIII
1342 979 1431 1046 20
1478 981 1616 1046 οὔτε
1668 1004 1738 1046 τι
1789 978 2226 1058 ἐξεκομίσαντο
2273 983 2504 1047 οὐδὲν
2555 982 2696 1048 οὔτε
2749 1006 2951 1063 προσε-

561 1086 871 1170 σάξαντο,
936 1088 1050 1154 ubi
1109 1093 1325 1152 tamen
1388 1088 1683 1175 ambigas
1745 1093 1968 1153 utrum
2017 1086 2182 1152 οὐδὲν
2229 1086 2694 1154 eliminandum
2745 1091 2830 1154 sit
2879 1111 2950 1154 an

560 1193 791 1262 vocula
836 1218 935 1278 τι,
979 1214 1173 1280 quam
1208 1194 1405 1259 codex
1444 1193 1798 1260 Vaticanus
1837 1196 2108 1258 omittit.
2159 1196 2356 1260 Amat
2400 1215 2552 1262 vero
2592 1194 2954 1262 Herodotus

560 1305 706 1386 post
749 1302 1155 1386 negationem
1204 1320 1453 1366 servare
1498 1302 1846 1385 positivam
1895 1302 2217 1365 notionem
2236 1347 2253 1379 ‚
2305 1319 2495 1386 quam
2538 1301 2952 1366 Athenienses

558 1409 629 1472 in
674 1408 1045 1494 negativam
1092 1413 1488 1472 commutare
1534 1405 1844 1489 assolent,
1899 1425 2105 1490 neque
2145 1407 2352 1492 igitur
2389 1406 2763 1472 mirandum
2796 1406 2954 1470 ludi-

560 1514 907 1600 magistros
953 1513 1019 1576 in
1068 1532 1275 1597 opere·
1299 1511 1814 1596 frequentissime
1852 1519 1925 1576 ut
1967 1511 2223 1578 videtur
2261 1514 2330 1577 in
2372 1512 2607 1578 scholis
2647 1512 2954 1580 ‚lectitato

562 1639 705 1686 eam
750 1617 1243 1703 discrepantiam
1292 1617 1513 1684 sedulo
1559 1621 1830 1687 notasse.

654 1829 781 1896 VII
830 1830 915 1895 10
960 1833 1102 1895 init.
1157 1828 1549 1910 Ἀρτάβανος
1600 1867 1640 1880 -
1685 1831 1933 1910 πάτρως
1981 1831 2012 1894 ε’
2027 1829 2118 1894 ὼν
2171 1828 2388 1910 Ξέρξῃ,
2439 1833 2522 1910 τῷ
2571 1831 2644 1903 δὲ
2697 1832 2803 1894 καὶ
2855 1831 2956 1894 πί-

563 1960 737 2007 συνος
788 1937 874 2001 ἑὼ
894 1959 925 1998 ν
965 1933 1147 2015 ἔλεγε
1191 1935 1365 2001 τάδε.
1414 1935 1630 2003 Metus
1668 1935 1916 2001 librarii
1955 1956 2125 2002 error
2164 1933 2419 2002 videtur
2462 1935 2566 2000 ἐών
2615 1938 2956 2021 repetentis

562 2065 597 2110 e
648 2043 1043 2132 praegressis
1102 2063 1213 2129 pro
1262 2037 1364 2120 ἦν,
1438 2063 1553 2107 nec
1603 2047 1992 2108 structuram
2042 2047 2261 2106 tuetur
2307 2040 2482 2106 ullus
2527 2041 2708 2107 locus
2757 2064 2836 2107 ex
2879 2043 2955 2106 iis

566 2168 725 2236 quos
783 2147 1073 2217 laudavit
1133 2147 1433 2216 SteiniuS.
1488 2184 1571 2196 —-
1620 2146 1923 2232 Sequitur
1970 2149 2060 2212 Ὠ
2113 2147 2385 2224 βασιλεῦ
2407 2195 2422 2224 ,
2463 2149 2551 2224 μή
2592 2147 2955 2228 λεχθεισέων

564 2255 679 2332 μὲν
750 2252 1050 2331 γνωμέων·
1108 2255 1328 2319 οἱντίων
1396 2254 1712 2334 ἀλλήλῃσι
1780 2254 1889 2318 οὐκ
1959 2251 2051 2320 ἔτι
2121 2255 2230 2327 τήν
2300 2253 2530 2328 ἀμείνω
2614 2253 2957 2333 αἱρεόμενον

566 2359 935 2444 ἑλέσθαι,
983 2360 1162 2426 ἀλλὰ
1212 2359 1307 2426 δεῖ
1348 2369 1425 2442 τῇ
1472 2358 1752 2442 εἰρημένῃ
1799 2361 2093 2441 χρᾶσθαι.
2143 2359 2430 2425 Permire
2479 2359 2732 2426 dictum
2773 2359 2958 2440 αἱρεό-

561 2492 739 2550 μενον
780 2467 1045 2533 ἓλέσθαι.
1093 2465 1429 2555 Suspicor:
1476 2467 1822 2547 αἱρεόμενον
1863 2464 2361 2551 ε’πέπεσθαι,
2402 2471 2477 2532 ut
2515 2467 2683 2532 infra
2715 2463 2957 2555 legitur

562 2576 681 2643 sub
719 2578 795 2663 γ)
834 2576 939 2643 καὶ
980 2576 1123 2641 τότε
1164 2600 1242 2655 γε
1283 2576 1335 2640 εἰ
1376 2580 1622 2646 Ἱςιαῒος
1672 2577 1700 2637 ὂ
1743 2576 2026 2650 Μιλήτου
2065 2573 2348 2652 τύραννος
2391 2572 2806 2639 ἐπέσπετο
2843 2579 2954 2637 τῶν

562 2684 773 2750 ἄλλων
819 2682 1118 2764 τυράννων
1163 2692 1255 2763 τῇ
1297 2681 1574 2761 γνώμῃ
1617 2681 1743 2744 κτὲ.
1809 2679 2056 2745 Ibidem
2103 2680 2222 2745 sub
2271 2681 2334 2766 n)
2383 2684 2544 2745 extr.
2597 2679 2626 2743 ὅ
2674 2680 2794 2755 μὲν
2835 2679 2954 2758 γὰρ

562 2789 925 2869 διαβάλλων
986 2787 1211 2857 ἀδικέει
1275 2789 1343 2852 οὖ
1404 2786 1733 2866 παρεόντος
1798 2788 2224 2867 κατηγορέων,
2289 2789 2319 2849 ὁ
2367 2786 2429 2850 δὲ
2475 2784 2768 2873 [ἀδικέει]
2811 2788 2955 2851 oiva-

562 2896 937 2975 πειθόμενος.
984 2894 1287 2960 Deleatur
1334 2893 1606 2959 verbum
1655 2894 1790 2956 sine
1835 2894 1902 2958 vi
1948 2893 2316 2976 repetitum.
2571 2904 2576 2909 “

653 3104 781 3173 VII
824 3104 905 3171 ll
967 3104 1143 3170 οὶλλοὶ
1193 3102 1410 3168 ποιέειν
1458 3104 1493 3179 ἢ
1544 3104 1839 3169 παθεῖν
1889 3103 2211 3182 προκέεται
2262 3103 2434 3178 circha
2482 3103 2612 3167 κτὲ.
2687 3098 2954 3168 Concin-

562 3214 709 3277 nius
772 3218 869 3277 est
934 3210 1323 3291 πάσχειν.
1384 3247 1469 3259 -—-
1517 3209 1592 3273 In
1639 3208 1760 3273 fine
1807 3210 2035 3293 capitis
2083 3209 2429 3294 requiritur
2477 3209 2954 3287 κατεστρέψατο

563 3314 718 3385 οὕτω
766 3312 913 3387 ὅτε
961 3317 1103 3402 (pro
1146 3316 1250 3401 ὥς)
1304 3352 1386 3364 -
1437 3316 1733 3391 ἐπώνυμοι
1783 3318 1888 3379 τοῦ
1937 3314 2501 3393 κατατρεψαμένου
2551 3316 2910 3380 καλέονται.

653 3529 781 3597 VII
842 3530 924 3595 15
972 3532 1113 3595 init.
1182 3529 1303 3607 ἐγὼ
1349 3526 1419 3593 τὸ
1468 3527 1828 3609 παραυτίκα
1860 3527 1989 3603 ’μὲν
2037 3527 2144 3591 οὐκ
2193 3525 2468 3607 ἐφρόνεον
2521 3520 2718 3599 <εὗ>
2771 3528 2952 3599 εἴπας

561 3638 620 3707 ἐς
666 3637 736 3701 σὲ
782 3634 1031 3713 μάταια
1082 3632 1221 3709 ἔπη.
1272 3632 1378 3699 Sic
1424 3632 1769 3720 legendum
1822 3631 2038 3697 addita
2087 3632 2316 3698 vocula
2363 3634 2714 3698 necessaria
2735 3681 2752 3709 ‚
2801 3653 2956 3719 quae

556 3763 681 3808 non
742 3742 1134 3807 desideratur
1195 3760 1333 3824 cap.
1403 3738 1485 3802 16
1552 3739 1731 3802 init.:
1788 3732 1953 3801 Ἴσον
2005 3772 2043 3787 -
2093 3736 2400 3816 κέκριται,
2465 3737 2847 3819 φρονέειν
2890 3760 2957 3802 τε

561 3846 644 3914 εὗ
692 3846 795 3912 καὶ
849 3882 889 3895 -
934 3846 1272 3911 πείθεσθαι.
2799 3858 2804 3863 ·

654 4056 782 4124 VII
831 4057 915 4122 15
964 4062 1066 4122 νῦν
1116 4058 1179 4123 δὲ
1224 4058 1327 4121 καὶ
1375 4058 1938 4128 διαπειλῆσαν
1990 4054 2256 4137 οἴχεται.
2305 4055 2565 4123 Veteres
2603 4061 2669 4123 et
2707 4056 2957 4143 probati

561 4166 894 4248 scriptores
968 4169 1276 4249 usurpant
1346 4164 1628 4227 ἀπειλεῖν
1699 4166 1763 4225 et
1834 4160 2280 4227 διαπειλεῑσθαι
2303 4212 2317 4238 ,
2392 4182 2520 4229 non
2590 4164 2954 4228 διαπειλεῑν.

562 4268 823 4355 Optime
878 4269 1073 4334 codex
1112 4265 1255 4333 vat.
1295 4268 1398 4333 καὶ
1442 4267 1512 4341 δὴ
1552 4267 2060 4341 απειλῆσαν,
2104 4268 2438 4351 eidemque
2475 4268 2680 4334 codici
2721 4269 2786 4336 II
2829 4268 2948 4335 121

556 4401 627 4455 y,
674 4380 832 4441 extr.
880 4375 1146 4440 debetur
1192 4394 1341 4441 vere
1386 4370 2056 4457 scriptura-oinsms'sw
2105 4392 2216 4456 pro
2265 4372 2658 4439 διαπειλέειν.
