3150 5000
553 255 684 320 248
987 315 992 327 ,
1618 269 1953 318 Annum

567 473 572 480 ·
635 439 837 506 Draco
901 458 1194 504 summae
1256 437 1476 503 hastae
1521 436 1830 524 ’illigatus
1894 437 2117 515 „hiatu
2164 443 2349 504 uasto
2396 439 2749 524 perflabilis
2798 461 2933 505 ceu-

550 543 790 630 daeque
841 542 1144 611 uolumen
1191 543 1550 629 relinquens
1599 545 1661 607 in
1711 542 2017 608 uentum⁹⁹
2056 547 2195 610 ueri
2234 549 2545 631 serpentis
2590 549 2937 634 imag-inem

547 652 857 720 referebat
902 653 1242 716 senectutis
1290 671 1330 735 p
1351 651 1688 715 onentis
1734 652 1996 715 exuuias
2018 697 2035 728 ‚
2083 657 2159 716 ut
2200 657 2297 717 est
2337 653 2507 737 apud
2550 651 2739 740 Verg.
2788 651 2939 718 Aen·

549 759 636 827 Π.
683 757 836 824 473.
889 797 970 808 -
1021 757 1116 823 De
1163 757 1428 824 dracone
1475 757 1554 822 cf.
1604 755 1776 824 XVI.
1832 757 1939 822 10.
1990 756 2049 823 7.

646 962 751 1028 12.
817 959 924 1025 46.
1000 958 1372 1038 „Vulnereti
1440 959 1723 1025 nondum
1786 959 1978 1025 effuso
2041 979 2261 1026 cruore
2322 979 2361 1026 e
2378 960 2419 1026 d
2465 981 2504 1026 e
2519 983 2563 1027 u
2582 961 2623 1028 d
2641 983 2678 1028 e
2694 984 2737 1027 n
2754 962 2797 1028 d
2815 982 2860 1027 u
2874 983 2941 1026 m

551 1071 831 1137 exertius
875 1064 1393 1154 consurgebant.”

643 1175 721 1240 In
784 1172 926 1239 vat.
991 1179 1088 1238 est
1134 1172 1225 1238 ed
1271 1170 1910 1238 edendiendum.
1968 1171 2178 1260 Leges
2224 1192 2455 1257 quaeso
2504 1173 2598 1240 ad
2646 1174 2858 1262 edgr
2880 1195 2941 1240 e·

553 1278 971 1348 diendum.

1513 1635 1721 1702 mez
1764 1633 1965 1700 XVIL

642 1819 704 1883 4.
757 1817 819 1883 6.
896 1817 1014 1901 „In
1073 1816 1194 1883 hec
1257 1818 1412 1883 urbe
1477 1818 1548 1903 [i.
1573 1839 1626 1884 e.
1696 1785 1960 1902 Thebis]
2010 1819 2176 1883 inter
2222 1816 2465 1885 labra
2510 1819 2811 1905 ingentia
2854 1819 2945 1885 di-

549 1944 886 2010 uersasque
945 1923 1147 1989 moles
1210 1921 1520 2012 figmenta
1585 1925 2057 2012 Aegyptiorum
2118 1927 2461 1990 numinum
2506 1928 2943 2012 exprimentes

550 2031 856 2098 obeliscos
901 2029 1186 2096 uidimus
1233 2028 1446 2114 plures
1491 2027 1774 2116 aliosque
1816 2031 2093 2096 iacentes
2139 2037 2205 2096 et
2248 2031 2751 2098 comminutos.”

639 2137 846 2203 Locus
905 2139 1082 2202 uarie
1148 2135 1488 2200 mutilatus
1544 2135 1819 2214 videtur.
1877 2135 2003 2202 Pro
2064 2134 2299 2201 labra
2362 2135 2709 2224 legendnm
2784 2145 2941 2226 puto

551 2242 1039 2327 <de>lubre‚
1121 2240 1286 2326 quod
1356 2240 1584 2305 itidem
1657 2238 1900 2328 legitur
1962 2242 1999 2326 ς
2063 2239 2165 2306 12.
2250 2241 2428 2308 Inter
2500 2242 2811 2328 „plures”
2884 2253 2947 2313 et

553 2347 921 2434 „aliosque”
971 2346 1273 2413 nonnulle
1319 2346 1713 2412 intercidisse
1760 2347 2061 2413 uidentur
2100 2345 2305 2414 ueluti
2348 2348 2551 2426 „elios
2590 2359 2842 2420 stantes
2882 2361 2942 2420 et

546 2453 894 2546 integros.”

641 2658 702 2724 5.
763 2657 869 2723 10.
943 2656 1290 2741 „Sospitati
1334 2656 1596 2742 quidem
1642 2661 1790 2722 tuae
1834 2655 2125 2743 gratulor
2173 2662 2243 2722 ut
2289 2659 2581 2737 futurus,
2630 2661 2685 2724 si
2734 2660 2940 2739 uelis,

547 2768 830 2841 amicus,
895 2762 1310 2847 cupiditatem
1377 2782 1526 2827 uero
1587 2782 1834 2847 semper
1878 2760 2395 2829 indeflexam
2446 2765 2783 2851 fusiusque
2830 2788 2944 2833 ue-

545 2878 806 2959 gantem
858 2870 1270 2933 uehementer
1315 2867 1685 2933 insimulo.”

636 2975 1069 3062 Eyssenhardt
1138 2973 1412 3040 affirmet
1473 2976 1539 3038 in
1603 2972 1749 3039 vat.
1819 2974 1989 3061 legi:
2051 2972 2584 3041 indeflexum.
2658 2974 2945 3043 Omnino

545 3081 945 3147 scribendum
1011 3091 1167 3166 puto
1227 3083 1309 3145 in
1374 3080 1804 3146 deflexum
1852 3082 1899 3144 i.
1926 3101 1980 3145 e.
2030 3101 2066 3145 e
2110 3088 2283 3145 recta
2328 3084 2437 3146 uie
2486 3081 2941 3151 declinantem.

543 3187 641 3255 cf.
687 3186 830 3251 Vel.
881 3186 1056 3251 Max.
1103 3185 1208 3251 lv.
1263 3186 1326 3249 2.
1378 3189 1506 3273 in.;
1558 3183 1695 3251 VII.
1748 3186 1808 3252 3.
1857 3188 1948 3251 in.

635 3392 696 3454 5.
765 3390 868 3454 11.
945 3389 1229 3467 „Suades
1295 3392 1546 3476 integro
1612 3392 1854 3475 corpori
1914 3390 2194 3455 adimere
2242 3389 2534 3456 membre
2580 3394 2899 3477 quaedam
2919 3440 2935 3471 ,

544 3504 618 3563 ut
666 3494 838 3561 selus
884 3498 1024 3561 eius
1072 3496 1366 3581 deinceps
1413 3495 1658 3561 locet-ur
1703 3499 1771 3561 in
1810 3496 2033 3572 solido,
2074 3495 2241 3581 quod
2280 3496 2303 3559 i
2320 3518 2360 3561 n
2379 3496 2413 3561 f
2425 3519 2455 3561 r
2470 3500 2494 3561 i
2510 3520 2551 3563 n
2568 3520 2616 3586 g
2632 3520 2666 3565 e
2684 3522 2729 3563 n
2746 3498 2791 3565 d
2809 3521 2853 3566 u
2871 3520 2935 3565 m

541 3607 636 3669 est
682 3604 897 3687 potius
945 3622 1137 3686 quam
1190 3600 1324 3667 ulle
1373 3604 1777 3668 consensione
1824 3600 1963 3667 firm
1972 3601 2267 3667 endum.”

629 3707 716 3772 In
735 3710 805 3772 fr
821 3712 842 3771 i
859 3730 900 3771 n
917 3730 962 3794 g
979 3729 1012 3771 e
1030 3731 1069 3770 n
1089 3708 1126 3771 d
1147 3730 1186 3771 u
1205 3729 1269 3771 m
1331 3708 1620 3793 Hauptio
1680 3709 1960 3773 debetur.
2034 3708 2259 3773 Potius
2320 3730 2539 3774 ueram
2592 3708 2933 3777 lectionem

539 3834 674 3878 esse
713 3813 1084 3877 crediderim
1129 3812 1492 3879 contund
1512 3814 1660 3878 end
1680 3836 1721 3877 u
1741 3836 1828 3878 m.
1876 3812 1948 3879 In
1988 3813 2131 3880 Vet.
2159 3823 2253 3880 est
2296 3815 2701 3883 infunden
2724 3818 2826 3884 du
2846 3840 2932 3885 m.

633 4018 694 4079 5.
750 4014 850 4080 13.
908 4015 1060 4092 „Est-
1107 4018 1278 4080 enim
1329 4017 1636 4081 absonum
1686 4024 1750 4082 et
1796 4018 2099 4100 insipiens
2146 4037 2292 4082 cum
2341 4023 2669 4105 gestarum
2714 4041 2929 4085 rerum

539 4120 756 4187 ordine
808 4119 1092 4207 placatae
1138 4124 1267 4187 sint
1313 4142 1500 4188 auree
1546 4122 1831 4188 inuidiae
1878 4142 2037 4208 quee
2082 4125 2265 4188 nobis
2312 4124 2765 4209 multipliciter
2811 4127 2928 4189 in-

431 4230 438 4239 ’
535 4226 928 4295 luserunt
977 4274 993 4292 .
1015 4276 1031 4293 .
1062 4274 1077 4290 .
1127 4248 1202 4292 es
1245 4228 1542 4313 prodere,
1590 4248 1751 4314 quee
1788 4232 2066 4295 contrusi
2104 4231 2170 4293 in
2210 4227 2545 4295 orientales
2592 4232 2923 4318 angustias

539 4334 650 4399 diu
698 4335 1100 4401 seruauimus
1149 4330 1482 4400 inlibata?
