<?xml version="1.0" encoding="UTF-8"?>
<!DOCTYPE html PUBLIC "-//W3C//DTD XHTML 1.0 Transitional//EN"
    "http://www.w3.org/TR/xhtml1/DTD/xhtml1-transitional.dtd">
<html xmlns="http://www.w3.org/1999/xhtml" xml:lang="en" lang="en">
 <head>
  <title>
</title>
<meta http-equiv="Content-Type" content="text/html;charset=utf-8" />
  <meta name='ocr-system' content='tesseract 3.04.00' />
  <meta name='ocr-capabilities' content='ocr_page ocr_carea ocr_par ocr_line ocrx_word'/>
</head>
<body>
  <div class='ocr_page' id='page_1' title='image "./mnemosyne06servgoog_0294.png"; bbox 0 0 3150 5000; ppageno 0'>
   <div class='ocr_carea' id='block_1_1' title="bbox 83 3758 87 4481">
    <p class='ocr_par' dir='ltr' id='par_1_1' title="bbox 83 3758 87 4481">
     <span class='ocr_line' id='line_1_1' title="bbox 83 3758 87 4481; baseline 0 0"><span class='ocrx_word' id='word_1_1' title='bbox 83 3758 87 4481; x_wconf 95' lang='lat' dir='ltr'><strong> </strong></span> 
     </span>
    </p>
   </div>
   <div class='ocr_carea' id='block_1_2' title="bbox 604 331 2119 402">
    <p class='ocr_par' dir='ltr' id='par_1_2' title="bbox 604 331 2119 402">
     <span class='ocr_line' id='line_1_2' title="bbox 604 331 2119 402; baseline 0 -2"><span class='ocrx_word' id='word_1_2' title='bbox 604 331 736 400; x_wconf 77' lang='lat'><strong>282</strong></span> <span class='ocrx_word' id='word_1_3' title='bbox 1463 353 1737 402; x_wconf 75' lang='lat' dir='ltr'><strong>rmvms</strong></span> <span class='ocrx_word' id='word_1_4' title='bbox 1782 353 2119 402; x_wconf 67' lang='lat' dir='ltr'><strong>sosarnus.</strong></span> 
     </span>
    </p>
   </div>
   <div class='ocr_carea' id='block_1_3' title="bbox 599 513 2957 2607">
    <p class='ocr_par' dir='ltr' id='par_1_3' title="bbox 599 513 2957 2185">
     <span class='ocr_line' id='line_1_3' title="bbox 601 513 2951 604; baseline -0.001 -24"><span class='ocrx_word' id='word_1_5' title='bbox 601 517 680 580; x_wconf 88' lang='lat' dir='ltr'><strong>de</strong></span> <span class='ocrx_word' id='word_1_6' title='bbox 743 515 1042 604; x_wconf 77' lang='lat' dir='ltr'><strong>Caligula</strong></span> <span class='ocrx_word' id='word_1_7' title='bbox 1103 523 1166 582; x_wconf 93' lang='lat' dir='ltr'><strong>et</strong></span> <span class='ocrx_word' id='word_1_8' title='bbox 1228 518 1305 582; x_wconf 86' lang='lat' dir='ltr'><strong>de</strong></span> <span class='ocrx_word' id='word_1_9' title='bbox 1350 515 1655 593; x_wconf 88' lang='lat' dir='ltr'><strong>Claudi0,</strong></span> <span class='ocrx_word' id='word_1_10' title='bbox 1706 518 1817 583; x_wconf 88' lang='lat' dir='ltr'><strong>sed</strong></span> <span class='ocrx_word' id='word_1_11' title='bbox 1860 538 2111 602; x_wconf 82' lang='lat' dir='ltr'><strong>semper</strong></span> <span class='ocrx_word' id='word_1_12' title='bbox 2154 515 2398 600; x_wconf 86' lang='lat' dir='ltr'><strong>aliquid</strong></span> <span class='ocrx_word' id='word_1_13' title='bbox 2448 514 2525 579; x_wconf 88' lang='lat' dir='ltr'><strong>de</strong></span> <span class='ocrx_word' id='word_1_14' title='bbox 2572 513 2821 580; x_wconf 87' lang='lat' dir='ltr'><strong>Judaeis</strong></span> <span class='ocrx_word' id='word_1_15' title='bbox 2862 513 2951 578; x_wconf 87' lang='lat' dir='ltr'><strong>ad·</strong></span> 
     </span>
     <span class='ocr_line' id='line_1_4' title="bbox 603 621 2951 713; baseline -0.001 -29"><span class='ocrx_word' id='word_1_16' title='bbox 603 622 880 685; x_wconf 87' lang='lat' dir='ltr'><strong>mixtum</strong></span> <span class='ocrx_word' id='word_1_17' title='bbox 943 631 1062 698; x_wconf 76' lang='lat' dir='ltr'><strong>est,</strong></span> <span class='ocrx_word' id='word_1_18' title='bbox 1132 645 1332 708; x_wconf 89' lang='lat' dir='ltr'><strong>neque</strong></span> <span class='ocrx_word' id='word_1_19' title='bbox 1395 629 1528 688; x_wconf 88' lang='lat' dir='ltr'><strong>tam</strong></span> <span class='ocrx_word' id='word_1_20' title='bbox 1594 624 1837 708; x_wconf 82' lang='lat' dir='ltr'><strong>copiose</strong></span> <span class='ocrx_word' id='word_1_21' title='bbox 1898 622 1975 688; x_wconf 91' lang='lat' dir='ltr'><strong>de</strong></span> <span class='ocrx_word' id='word_1_22' title='bbox 2035 621 2369 709; x_wconf 75' lang='lat' dir='ltr'><strong>Caligulae</strong></span> <span class='ocrx_word' id='word_1_23' title='bbox 2435 641 2585 686; x_wconf 88' lang='lat' dir='ltr'><strong>nece</strong></span> <span class='ocrx_word' id='word_1_24' title='bbox 2632 622 2951 713; x_wconf 71' lang='lat' dir='ltr'><strong>scripsisset</strong></span> 
     </span>
     <span class='ocr_line' id='line_1_5' title="bbox 601 725 2953 814; baseline -0.001 -22"><span class='ocrx_word' id='word_1_25' title='bbox 601 725 944 811; x_wconf 82' lang='lat' dir='ltr'><strong>Josephus,</strong></span> <span class='ocrx_word' id='word_1_26' title='bbox 1011 731 1134 792; x_wconf 91' lang='lat' dir='ltr'><strong>nisi</strong></span> <span class='ocrx_word' id='word_1_27' title='bbox 1200 729 1475 793; x_wconf 83' lang='lat' dir='ltr'><strong>narratio</strong></span> <span class='ocrx_word' id='word_1_28' title='bbox 1539 736 1675 795; x_wconf 89' lang='lat' dir='ltr'><strong>tota</strong></span> <span class='ocrx_word' id='word_1_29' title='bbox 1723 732 2067 814; x_wconf 84' lang='lat' dir='ltr'><strong>pertineret</strong></span> <span class='ocrx_word' id='word_1_30' title='bbox 2112 728 2187 794; x_wconf 87' lang='lat' dir='ltr'><strong>ad</strong></span> <span class='ocrx_word' id='word_1_31' title='bbox 2239 726 2697 793; x_wconf 80' lang='lat' dir='ltr'><strong>ostendendum</strong></span> <span class='ocrx_word' id='word_1_32' title='bbox 2744 733 2953 810; x_wconf 80' lang='lat' dir='ltr'><strong>quanta</strong></span> 
     </span>
     <span class='ocr_line' id='line_1_6' title="bbox 603 831 2955 919; baseline -0.001 -24"><span class='ocrx_word' id='word_1_33' title='bbox 603 836 812 918; x_wconf 86' lang='lat' dir='ltr'><strong>gratia</strong></span> <span class='ocrx_word' id='word_1_34' title='bbox 873 840 936 898; x_wconf 91' lang='lat' dir='ltr'><strong>et</strong></span> <span class='ocrx_word' id='word_1_35' title='bbox 997 837 1376 898; x_wconf 85' lang='lat' dir='ltr'><strong>auctoritate</strong></span> <span class='ocrx_word' id='word_1_36' title='bbox 1423 835 1590 919; x_wconf 90' lang='lat' dir='ltr'><strong>apud</strong></span> <span class='ocrx_word' id='word_1_37' title='bbox 1638 834 1956 899; x_wconf 85' lang='lat' dir='ltr'><strong>Romanos</strong></span> <span class='ocrx_word' id='word_1_38' title='bbox 2003 833 2243 901; x_wconf 85' lang='lat' dir='ltr'><strong>valeret</strong></span> <span class='ocrx_word' id='word_1_39' title='bbox 2289 854 2400 898; x_wconf 84' lang='lat' dir='ltr'><strong>rex</strong></span> <span class='ocrx_word' id='word_1_40' title='bbox 2448 831 2753 919; x_wconf 83' lang='lat' dir='ltr'><strong>Agrippa.</strong></span> <span class='ocrx_word' id='word_1_41' title='bbox 2820 831 2955 896; x_wconf 90' lang='lat' dir='ltr'><strong>Fuit</strong></span> 
     </span>
     <span class='ocr_line' id='line_1_7' title="bbox 603 934 2953 1024; baseline 0 -23"><span class='ocrx_word' id='word_1_42' title='bbox 603 941 795 1002; x_wconf 88' lang='lat' dir='ltr'><strong>etiam</strong></span> <span class='ocrx_word' id='word_1_43' title='bbox 859 947 1076 1024; x_wconf 88' lang='lat' dir='ltr'><strong>postea</strong></span> <span class='ocrx_word' id='word_1_44' title='bbox 1129 939 1516 1005; x_wconf 86' lang='lat' dir='ltr'><strong>Judaeorum</strong></span> <span class='ocrx_word' id='word_1_45' title='bbox 1569 941 1833 1005; x_wconf 88' lang='lat' dir='ltr'><strong>feriatus</strong></span> <span class='ocrx_word' id='word_1_46' title='bbox 1880 940 2047 1015; x_wconf 75' lang='lat' dir='ltr'><strong>dice,</strong></span> <span class='ocrx_word' id='word_1_47' title='bbox 2098 959 2222 1024; x_wconf 91' lang='lat' dir='ltr'><strong>quo</strong></span> <span class='ocrx_word' id='word_1_48' title='bbox 2270 939 2373 1003; x_wconf 88' lang='lat' dir='ltr'><strong>die</strong></span> <span class='ocrx_word' id='word_1_49' title='bbox 2420 939 2768 1023; x_wconf 81' lang='lat' dir='ltr'><strong>Imperator</strong></span> <span class='ocrx_word' id='word_1_50' title='bbox 2809 934 2953 1002; x_wconf 82' lang='lat' dir='ltr'><strong>Gali-</strong></span> 
     </span>
     <span class='ocr_line' id='line_1_8' title="bbox 601 1042 2955 1130; baseline -0.001 -23"><span class='ocrx_word' id='word_1_51' title='bbox 601 1042 759 1130; x_wconf 86' lang='lat' dir='ltr'><strong>gula</strong></span> <span class='ocrx_word' id='word_1_52' title='bbox 817 1045 1060 1110; x_wconf 88' lang='lat' dir='ltr'><strong>cecidit.</strong></span> <span class='ocrx_word' id='word_1_53' title='bbox 1151 1044 1272 1109; x_wconf 83' lang='lat' dir='ltr'><strong>Sed</strong></span> <span class='ocrx_word' id='word_1_54' title='bbox 1341 1045 1777 1110; x_wconf 82' lang='lat' dir='ltr'><strong>fraudulentus</strong></span> <span class='ocrx_word' id='word_1_55' title='bbox 1840 1066 2018 1111; x_wconf 89' lang='lat' dir='ltr'><strong>amor</strong></span> <span class='ocrx_word' id='word_1_56' title='bbox 2076 1044 2257 1110; x_wconf 82' lang='lat' dir='ltr'><strong>Decii</strong></span> <span class='ocrx_word' id='word_1_57' title='bbox 2319 1042 2552 1108; x_wconf 85' lang='lat' dir='ltr'><strong>Mundi</strong></span> <span class='ocrx_word' id='word_1_58' title='bbox 2600 1042 2834 1108; x_wconf 86' lang='lat' dir='ltr'><strong>alienus</strong></span> <span class='ocrx_word' id='word_1_59' title='bbox 2872 1049 2955 1105; x_wconf 89' lang='lat' dir='ltr'><strong>est</strong></span> 
     </span>
     <span class='ocr_line' id='line_1_9' title="bbox 599 1147 2953 1235; baseline -0.001 -23"><span class='ocrx_word' id='word_1_60' title='bbox 599 1151 679 1213; x_wconf 94' lang='lat' dir='ltr'><strong>ab</strong></span> <span class='ocrx_word' id='word_1_61' title='bbox 739 1147 1127 1214; x_wconf 86' lang='lat' dir='ltr'><strong>Judaeorum</strong></span> <span class='ocrx_word' id='word_1_62' title='bbox 1191 1151 1493 1233; x_wconf 88' lang='lat' dir='ltr'><strong>historia,</strong></span> <span class='ocrx_word' id='word_1_63' title='bbox 1557 1153 1669 1235; x_wconf 90' lang='lat' dir='ltr'><strong>qui</strong></span> <span class='ocrx_word' id='word_1_64' title='bbox 1735 1152 2059 1217; x_wconf 88' lang='lat' dir='ltr'><strong>homiuem</strong></span> <span class='ocrx_word' id='word_1_65' title='bbox 2122 1171 2200 1214; x_wconf 89' lang='lat' dir='ltr'><strong>ne</strong></span> <span class='ocrx_word' id='word_1_66' title='bbox 2264 1157 2487 1214; x_wconf 87' lang='lat' dir='ltr'><strong>natum</strong></span> <span class='ocrx_word' id='word_1_67' title='bbox 2538 1148 2792 1234; x_wconf 88' lang='lat' dir='ltr'><strong>quidem</strong></span> <span class='ocrx_word' id='word_1_68' title='bbox 2838 1167 2953 1210; x_wconf 85' lang='lat' dir='ltr'><strong>esse</strong></span> 
     </span>
     <span class='ocr_line' id='line_1_10' title="bbox 601 1254 2953 1321; baseline -0.001 -3"><span class='ocrx_word' id='word_1_69' title='bbox 601 1256 905 1319; x_wconf 80' lang='lat' dir='ltr'><strong>sciebant.</strong></span> <span class='ocrx_word' id='word_1_70' title='bbox 973 1254 1238 1321; x_wconf 88' lang='lat' dir='ltr'><strong>Resecta</strong></span> <span class='ocrx_word' id='word_1_71' title='bbox 1301 1257 1378 1321; x_wconf 89' lang='lat' dir='ltr'><strong>de</strong></span> <span class='ocrx_word' id='word_1_72' title='bbox 1438 1256 1592 1321; x_wconf 86' lang='lat' dir='ltr'><strong>Jesu</strong></span> <span class='ocrx_word' id='word_1_73' title='bbox 1654 1255 1907 1321; x_wconf 89' lang='lat' dir='ltr'><strong>Christo</strong></span> <span class='ocrx_word' id='word_1_74' title='bbox 1966 1258 2326 1320; x_wconf 78' lang='lat' dir='ltr'><strong>narratione</strong></span> <span class='ocrx_word' id='word_1_75' title='bbox 2387 1254 2599 1320; x_wconf 81' lang='lat' dir='ltr'><strong>locum</strong></span> <span class='ocrx_word' id='word_1_76' title='bbox 2670 1257 2953 1318; x_wconf 87' lang='lat' dir='ltr'><strong>insertum</strong></span> 
     </span>
     <span class='ocr_line' id='line_1_11' title="bbox 601 1359 2955 1444; baseline -0.001 -21"><span class='ocrx_word' id='word_1_77' title='bbox 601 1360 796 1424; x_wconf 88' lang='lat' dir='ltr'><strong>fuisse</strong></span> <span class='ocrx_word' id='word_1_78' title='bbox 858 1361 1160 1444; x_wconf 85' lang='lat' dir='ltr'><strong>dixerim,</strong></span> <span class='ocrx_word' id='word_1_79' title='bbox 1220 1383 1299 1426; x_wconf 90' lang='lat' dir='ltr'><strong>ne</strong></span> <span class='ocrx_word' id='word_1_80' title='bbox 1361 1361 1589 1427; x_wconf 87' lang='lat' dir='ltr'><strong>lacuna</strong></span> <span class='ocrx_word' id='word_1_81' title='bbox 1635 1369 1800 1428; x_wconf 89' lang='lat' dir='ltr'><strong>esset</strong></span> <span class='ocrx_word' id='word_1_82' title='bbox 1843 1365 1911 1425; x_wconf 92' lang='lat' dir='ltr'><strong>in</strong></span> <span class='ocrx_word' id='word_1_83' title='bbox 1960 1362 2171 1426; x_wconf 85' lang='lat' dir='ltr'><strong>medio</strong></span> <span class='ocrx_word' id='word_1_84' title='bbox 2217 1361 2417 1438; x_wconf 89' lang='lat' dir='ltr'><strong>libro,</strong></span> <span class='ocrx_word' id='word_1_85' title='bbox 2466 1380 2617 1424; x_wconf 88' lang='lat' dir='ltr'><strong>nam</strong></span> <span class='ocrx_word' id='word_1_86' title='bbox 2665 1359 2955 1442; x_wconf 86' lang='lat' dir='ltr'><strong>Josephus</strong></span> 
     </span>
     <span class='ocr_line' id='line_1_12' title="bbox 600 1465 2956 1551; baseline -0.002 -21"><span class='ocrx_word' id='word_1_87' title='bbox 600 1473 968 1532; x_wconf 89' lang='lat' dir='ltr'><strong>numerarat</strong></span> <span class='ocrx_word' id='word_1_88' title='bbox 1014 1467 1153 1538; x_wconf 78' lang='grc' dir='ltr'><strong>τοὺς</strong></span> <span class='ocrx_word' id='word_1_89' title='bbox 1201 1467 1456 1548; x_wconf 70' lang='grc' dir='ltr'><strong><em>ςίχους,</em></strong></span> <span class='ocrx_word' id='word_1_90' title='bbox 1502 1467 1651 1533; x_wconf 79' lang='lat' dir='ltr'><strong>vide</strong></span> <span class='ocrx_word' id='word_1_91' title='bbox 1698 1468 1888 1532; x_wconf 92' lang='lat' dir='ltr'><strong>modo</strong></span> <span class='ocrx_word' id='word_1_92' title='bbox 1930 1468 2008 1532; x_wconf 89' lang='lat' dir='ltr'><strong>ad</strong></span> <span class='ocrx_word' id='word_1_93' title='bbox 2049 1467 2285 1533; x_wconf 88' lang='lat' dir='ltr'><strong>calcem</strong></span> <span class='ocrx_word' id='word_1_94' title='bbox 2326 1468 2553 1551; x_wconf 88' lang='lat' dir='ltr'><strong>operis.</strong></span> <span class='ocrx_word' id='word_1_95' title='bbox 2602 1465 2773 1530; x_wconf 89' lang='lat' dir='ltr'><strong>Illud</strong></span> <span class='ocrx_word' id='word_1_96' title='bbox 2810 1484 2956 1529; x_wconf 89' lang='lat' dir='ltr'><strong>nunc</strong></span> 
     </span>
     <span class='ocr_line' id='line_1_13' title="bbox 601 1572 2956 1658; baseline -0.002 -22"><span class='ocrx_word' id='word_1_97' title='bbox 601 1573 798 1637; x_wconf 87' lang='lat' dir='ltr'><strong>etiam</strong></span> <span class='ocrx_word' id='word_1_98' title='bbox 852 1580 1144 1656; x_wconf 85' lang='lat' dir='ltr'><strong>apparet,</strong></span> <span class='ocrx_word' id='word_1_99' title='bbox 1207 1583 1364 1658; x_wconf 90' lang='lat' dir='ltr'><strong>quot</strong></span> <span class='ocrx_word' id='word_1_100' title='bbox 1425 1573 1552 1637; x_wconf 86' lang='lat' dir='ltr'><strong>fere</strong></span> <span class='ocrx_word' id='word_1_101' title='bbox 1624 1574 1912 1639; x_wconf 86' lang='lat' dir='ltr'><strong>versibus</strong></span> <span class='ocrx_word' id='word_1_102' title='bbox 1980 1572 2017 1638; x_wconf 89' lang='lat' dir='ltr'>J</span> <span class='ocrx_word' id='word_1_103' title='bbox 2024 1593 2134 1638; x_wconf 90' lang='lat' dir='ltr'><strong>esu</strong></span> <span class='ocrx_word' id='word_1_104' title='bbox 2204 1572 2540 1637; x_wconf 84' lang='lat' dir='ltr'><strong>historiam</strong></span> <span class='ocrx_word' id='word_1_105' title='bbox 2613 1576 2956 1656; x_wconf 85' lang='lat' dir='ltr'><strong>persecutus</strong></span> 
     </span>
     <span class='ocr_line' id='line_1_14' title="bbox 603 1677 2955 1763; baseline -0.001 -22"><span class='ocrx_word' id='word_1_106' title='bbox 603 1685 806 1758; x_wconf 86' lang='lat' dir='ltr'><strong>esset,</strong></span> <span class='ocrx_word' id='word_1_107' title='bbox 863 1698 1009 1743; x_wconf 90' lang='lat' dir='ltr'><strong>nam</strong></span> <span class='ocrx_word' id='word_1_108' title='bbox 1075 1681 1186 1762; x_wconf 92' lang='lat' dir='ltr'><strong>qui</strong></span> <span class='ocrx_word' id='word_1_109' title='bbox 1244 1678 1655 1763; x_wconf 84' lang='lat' dir='ltr'><strong>interpolavit</strong></span> <span class='ocrx_word' id='word_1_110' title='bbox 1715 1677 1893 1742; x_wconf 91' lang='lat' dir='ltr'><strong>Decii</strong></span> <span class='ocrx_word' id='word_1_111' title='bbox 1958 1677 2190 1743; x_wconf 88' lang='lat' dir='ltr'><strong>Mundi</strong></span> <span class='ocrx_word' id='word_1_112' title='bbox 2236 1683 2301 1742; x_wconf 90' lang='lat' dir='ltr'><strong>et</strong></span> <span class='ocrx_word' id='word_1_113' title='bbox 2345 1677 2654 1742; x_wconf 83' lang='lat' dir='ltr'><strong>Paulinae</strong></span> <span class='ocrx_word' id='word_1_114' title='bbox 2700 1695 2955 1754; x_wconf 85' lang='lat' dir='ltr'><strong>amores,</strong></span> 
     </span>
     <span class='ocr_line' id='line_1_15' title="bbox 603 1780 2957 1869; baseline -0.002 -23"><span class='ocrx_word' id='word_1_115' title='bbox 603 1782 834 1869; x_wconf 82' lang='lat' dir='ltr'><strong>selegit</strong></span> <span class='ocrx_word' id='word_1_116' title='bbox 878 1783 1129 1866; x_wconf 92' lang='lat' dir='ltr'><strong>locum,</strong></span> <span class='ocrx_word' id='word_1_117' title='bbox 1183 1787 1292 1868; x_wconf 89' lang='lat' dir='ltr'><strong>qui</strong></span> <span class='ocrx_word' id='word_1_118' title='bbox 1343 1805 1662 1849; x_wconf 90' lang='lat' dir='ltr'><strong>erasorum</strong></span> <span class='ocrx_word' id='word_1_119' title='bbox 1713 1786 1907 1863; x_wconf 75' lang='grc' dir='ltr'><em>ςίχων</em></span> <span class='ocrx_word' id='word_1_120' title='bbox 1946 1804 2283 1847; x_wconf 89' lang='lat' dir='ltr'><strong>numerum</strong></span> <span class='ocrx_word' id='word_1_121' title='bbox 2330 1783 2457 1848; x_wconf 88' lang='lat' dir='ltr'><strong>fere</strong></span> <span class='ocrx_word' id='word_1_122' title='bbox 2492 1783 2816 1866; x_wconf 89' lang='lat' dir='ltr'><strong>aequabat.</strong></span> <span class='ocrx_word' id='word_1_123' title='bbox 2856 1780 2957 1845; x_wconf 85' lang='lat' dir='ltr'><strong>Est</strong></span> 
     </span>
     <span class='ocr_line' id='line_1_16' title="bbox 603 1887 2957 1975; baseline -0.002 -22"><span class='ocrx_word' id='word_1_124' title='bbox 603 1899 818 1954; x_wconf 86' lang='lat' dir='ltr'><strong>autem</strong></span> <span class='ocrx_word' id='word_1_125' title='bbox 881 1889 1209 1954; x_wconf 87' lang='lat' dir='ltr'><strong>historiola</strong></span> <span class='ocrx_word' id='word_1_126' title='bbox 1271 1891 1585 1975; x_wconf 90' lang='lat' dir='ltr'><strong>descripta</strong></span> <span class='ocrx_word' id='word_1_127' title='bbox 1630 1911 1709 1955; x_wconf 83' lang='lat' dir='ltr'><strong>ex</strong></span> <span class='ocrx_word' id='word_1_128' title='bbox 1758 1890 1975 1954; x_wconf 90' lang='lat' dir='ltr'><strong>eodem</strong></span> <span class='ocrx_word' id='word_1_129' title='bbox 2024 1889 2222 1964; x_wconf 87' lang='lat' dir='ltr'><strong>libro,</strong></span> <span class='ocrx_word' id='word_1_130' title='bbox 2274 1889 2441 1952; x_wconf 89' lang='lat' dir='ltr'><strong>unde</strong></span> <span class='ocrx_word' id='word_1_131' title='bbox 2489 1891 2623 1972; x_wconf 89' lang='lat' dir='ltr'><strong>ipse</strong></span> <span class='ocrx_word' id='word_1_132' title='bbox 2668 1887 2957 1970; x_wconf 82' lang='lat' dir='ltr'><strong>Josepbus</strong></span> 
     </span>
     <span class='ocr_line' id='line_1_17' title="bbox 604 1993 2956 2079; baseline -0.001 -21"><span class='ocrx_word' id='word_1_133' title='bbox 604 1994 680 2058; x_wconf 91' lang='lat' dir='ltr'><strong>de</strong></span> <span class='ocrx_word' id='word_1_134' title='bbox 726 1993 1159 2060; x_wconf 87' lang='lat' dir='ltr'><strong>Romanorum</strong></span> <span class='ocrx_word' id='word_1_135' title='bbox 1207 1997 1394 2060; x_wconf 91' lang='lat' dir='ltr'><strong>rebus</strong></span> <span class='ocrx_word' id='word_1_136' title='bbox 1439 1994 1735 2079; x_wconf 86' lang='lat' dir='ltr'><strong>pleraque</strong></span> <span class='ocrx_word' id='word_1_137' title='bbox 1781 2003 2117 2059; x_wconf 88' lang='lat' dir='ltr'><strong>mutuatus</strong></span> <span class='ocrx_word' id='word_1_138' title='bbox 2166 2003 2337 2078; x_wconf 81' lang='lat' dir='ltr'><strong>erat3</strong></span> <span class='ocrx_word' id='word_1_139' title='bbox 2386 2000 2649 2078; x_wconf 89' lang='lat' dir='ltr'><strong>apparet</strong></span> <span class='ocrx_word' id='word_1_140' title='bbox 2694 2014 2768 2058; x_wconf 84' lang='lat' dir='ltr'><strong>ex</strong></span> <span class='ocrx_word' id='word_1_141' title='bbox 2812 1995 2956 2056; x_wconf 87' lang='lat' dir='ltr'><strong>inso-</strong></span> 
     </span>
     <span class='ocr_line' id='line_1_18' title="bbox 604 2099 2139 2185; baseline -0.001 -21"><span class='ocrx_word' id='word_1_142' title='bbox 604 2099 722 2164; x_wconf 89' lang='lat' dir='ltr'><strong>lito</strong></span> <span class='ocrx_word' id='word_1_143' title='bbox 767 2100 1086 2184; x_wconf 89' lang='lat' dir='ltr'><strong>participii</strong></span> <span class='ocrx_word' id='word_1_144' title='bbox 1133 2122 1249 2165; x_wconf 90' lang='lat' dir='ltr'><strong>usu</strong></span> <span class='ocrx_word' id='word_1_145' title='bbox 1273 2147 1288 2176; x_wconf 86' lang='lat'><strong>,</strong></span> <span class='ocrx_word' id='word_1_146' title='bbox 1346 2101 1424 2165; x_wconf 89' lang='lat' dir='ltr'><strong>de</strong></span> <span class='ocrx_word' id='word_1_147' title='bbox 1473 2122 1597 2185; x_wconf 91' lang='lat' dir='ltr'><strong>quo</strong></span> <span class='ocrx_word' id='word_1_148' title='bbox 1640 2105 1861 2166; x_wconf 86' lang='lat' dir='ltr'><strong>statim</strong></span> <span class='ocrx_word' id='word_1_149' title='bbox 1908 2100 2139 2165; x_wconf 83' lang='lat' dir='ltr'><strong>dicam.</strong></span> 
     </span>
    </p>

    <p class='ocr_par' dir='ltr' id='par_1_4' title="bbox 603 2203 2955 2607">
     <span class='ocr_line' id='line_1_19' title="bbox 693 2203 2955 2290; baseline -0.002 -20"><span class='ocrx_word' id='word_1_150' title='bbox 693 2207 881 2271; x_wconf 91' lang='lat' dir='ltr'><strong>Nunc</strong></span> <span class='ocrx_word' id='word_1_151' title='bbox 941 2207 1301 2271; x_wconf 86' lang='lat' dir='ltr'><strong>examinare</strong></span> <span class='ocrx_word' id='word_1_152' title='bbox 1363 2206 1579 2284; x_wconf 86' lang='lat' dir='ltr'><strong>lubet,</strong></span> <span class='ocrx_word' id='word_1_153' title='bbox 1645 2207 1809 2290; x_wconf 92' lang='lat' dir='ltr'><strong>quod</strong></span> <span class='ocrx_word' id='word_1_154' title='bbox 1855 2208 2113 2275; x_wconf 84' lang='lat' dir='ltr'><strong>invenio</strong></span> <span class='ocrx_word' id='word_1_155' title='bbox 2160 2227 2211 2270; x_wconf 91' lang='lat' dir='ltr'><strong>c.</strong></span> <span class='ocrx_word' id='word_1_156' title='bbox 2262 2203 2579 2289; x_wconf 85' lang='lat' dir='ltr'><strong>Apionem</strong></span> <span class='ocrx_word' id='word_1_157' title='bbox 2627 2205 2679 2270; x_wconf 92' lang='grc' dir='ltr'><strong>Ι.</strong></span> <span class='ocrx_word' id='word_1_158' title='bbox 2729 2204 2790 2268; x_wconf 88' lang='lat'><strong>9.</strong></span> <span class='ocrx_word' id='word_1_159' title='bbox 2836 2203 2955 2266; x_wconf 85' lang='lat' dir='ltr'><strong>Pri-</strong></span> 
     </span>
     <span class='ocr_line' id='line_1_20' title="bbox 603 2311 2955 2397; baseline -0.002 -23"><span class='ocrx_word' id='word_1_160' title='bbox 603 2331 784 2374; x_wconf 88' lang='lat' dir='ltr'><strong>mum</strong></span> <span class='ocrx_word' id='word_1_161' title='bbox 835 2313 925 2375; x_wconf 90' lang='lat' dir='ltr'><strong>ibi</strong></span> <span class='ocrx_word' id='word_1_162' title='bbox 971 2311 1250 2397; x_wconf 88' lang='lat' dir='ltr'><strong>legimus</strong></span> <span class='ocrx_word' id='word_1_163' title='bbox 1297 2311 1647 2396; x_wconf 84' lang='lat' dir='ltr'><strong>Josephum</strong></span> <span class='ocrx_word' id='word_1_164' title='bbox 1695 2314 1761 2376; x_wconf 91' lang='lat' dir='ltr'><strong>in</strong></span> <span class='ocrx_word' id='word_1_165' title='bbox 1808 2312 2029 2376; x_wconf 78' lang='lat' dir='ltr'><strong>castris</strong></span> <span class='ocrx_word' id='word_1_166' title='bbox 2076 2311 2508 2376; x_wconf 89' lang='lat' dir='ltr'><strong>Romanorum</strong></span> <span class='ocrx_word' id='word_1_167' title='bbox 2558 2311 2751 2376; x_wconf 84' lang='lat' dir='ltr'><strong>fuisse</strong></span> <span class='ocrx_word' id='word_1_168' title='bbox 2788 2312 2955 2374; x_wconf 82' lang='lat' dir='ltr'><strong>inter·</strong></span> 
     </span>
     <span class='ocr_line' id='line_1_21' title="bbox 603 2415 2955 2498; baseline -0.002 -19"><span class='ocrx_word' id='word_1_169' title='bbox 603 2424 884 2498; x_wconf 75' lang='lat' dir='ltr'><strong>pretem:</strong></span> <span class='ocrx_word' id='word_1_170' title='bbox 961 2416 1045 2479; x_wconf 71' lang='grc' dir='ltr'><strong>τὰ</strong></span> <span class='ocrx_word' id='word_1_171' title='bbox 1118 2417 1291 2493; x_wconf 69' lang='grc' dir='ltr'><strong>παρὰ</strong></span> <span class='ocrx_word' id='word_1_172' title='bbox 1361 2423 1475 2480; x_wconf 78' lang='grc' dir='ltr'><strong>τῶν</strong></span> <span class='ocrx_word' id='word_1_173' title='bbox 1546 2419 1906 2493; x_wconf 73' lang='grc' dir='ltr'><strong><em>αὐτομόΛων</em></strong></span> <span class='ocrx_word' id='word_1_174' title='bbox 1974 2417 2433 2493; x_wconf 70' lang='grc' dir='ltr'><strong>ἀγγελλόμενα</strong></span> <span class='ocrx_word' id='word_1_175' title='bbox 2506 2417 2685 2493; x_wconf 70' lang='grc' dir='ltr'><em>μόνος</em></span> <span class='ocrx_word' id='word_1_176' title='bbox 2757 2415 2955 2484; x_wconf 75' lang='grc' dir='ltr'><strong><em>συνίην.</em></strong></span> 
     </span>
     <span class='ocr_line' id='line_1_22' title="bbox 603 2518 2955 2607; baseline -0.002 -22"><span class='ocrx_word' id='word_1_177' title='bbox 603 2521 822 2605; x_wconf 89' lang='lat' dir='ltr'><strong>ltaque</strong></span> <span class='ocrx_word' id='word_1_178' title='bbox 882 2522 1178 2588; x_wconf 82' lang='lat' dir='ltr'><strong>videmus</strong></span> <span class='ocrx_word' id='word_1_179' title='bbox 1241 2532 1544 2607; x_wconf 84' lang='lat' dir='ltr'><strong>quantam</strong></span> <span class='ocrx_word' id='word_1_180' title='bbox 1610 2522 1797 2588; x_wconf 89' lang='lat' dir='ltr'><strong>fidem</strong></span> <span class='ocrx_word' id='word_1_181' title='bbox 1859 2523 2163 2607; x_wconf 82' lang='lat' dir='ltr'><strong>proditori</strong></span> <span class='ocrx_word' id='word_1_182' title='bbox 2234 2522 2420 2587; x_wconf 76' lang='lat' dir='ltr'><strong>Titus</strong></span> <span class='ocrx_word' id='word_1_183' title='bbox 2496 2524 2829 2596; x_wconf 86' lang='lat' dir='ltr'><strong>habuerit;</strong></span> <span class='ocrx_word' id='word_1_184' title='bbox 2900 2518 2955 2582; x_wconf 89' lang='lat' dir='ltr'><strong>id</strong></span> 
     </span>
    </p>
   </div>
   <div class='ocr_carea' id='block_1_4' title="bbox 600 2628 3074 2924">
    <p class='ocr_par' dir='ltr' id='par_1_5' title="bbox 600 2628 3074 2924">
     <span class='ocr_line' id='line_1_23' title="bbox 600 2628 3074 2713; baseline -0.002 -21"><span class='ocrx_word' id='word_1_185' title='bbox 600 2634 850 2692; x_wconf 88' lang='lat' dir='ltr'><strong>tantum</strong></span> <span class='ocrx_word' id='word_1_186' title='bbox 915 2649 1019 2693; x_wconf 91' lang='lat' dir='ltr'><strong>me</strong></span> <span class='ocrx_word' id='word_1_187' title='bbox 1081 2629 1248 2694; x_wconf 88' lang='lat' dir='ltr'><strong>male</strong></span> <span class='ocrx_word' id='word_1_188' title='bbox 1308 2630 1535 2707; x_wconf 86' lang='lat' dir='ltr'><strong>habet,</strong></span> <span class='ocrx_word' id='word_1_189' title='bbox 1594 2628 1864 2694; x_wconf 89' lang='lat' dir='ltr'><strong>liberam</strong></span> <span class='ocrx_word' id='word_1_190' title='bbox 1926 2632 1986 2693; x_wconf 90' lang='lat' dir='ltr'><strong>ei</strong></span> <span class='ocrx_word' id='word_1_191' title='bbox 2049 2638 2268 2712; x_wconf 88' lang='lat' dir='ltr'><strong>postea</strong></span> <span class='ocrx_word' id='word_1_192' title='bbox 2336 2634 2720 2713; x_wconf 87' lang='lat' dir='ltr'><strong>potestatem</strong></span> <span class='ocrx_word' id='word_1_193' title='bbox 2783 2628 2957 2691; x_wconf 83' lang='lat' dir='ltr'><strong>fuisse</strong></span> <span class='ocrx_word' id='word_1_194' title='bbox 3072 2646 3074 2671; x_wconf 66' lang='lat'>2</span> 
     </span>
     <span class='ocr_line' id='line_1_24' title="bbox 602 2732 3074 2831; baseline -0.002 -34"><span class='ocrx_word' id='word_1_195' title='bbox 602 2734 915 2818; x_wconf 90' lang='lat' dir='ltr'><strong>quidlibet</strong></span> <span class='ocrx_word' id='word_1_196' title='bbox 977 2732 1275 2820; x_wconf 84' lang='lat' dir='ltr'><strong>fingendi.</strong></span> <span class='ocrx_word' id='word_1_197' title='bbox 1363 2734 1605 2800; x_wconf 88' lang='lat' dir='ltr'><strong>Deinde</strong></span> <span class='ocrx_word' id='word_1_198' title='bbox 1666 2735 1845 2799; x_wconf 87' lang='lat' dir='ltr'><strong>addit</strong></span> <span class='ocrx_word' id='word_1_199' title='bbox 1906 2756 1973 2799; x_wconf 92' lang='lat' dir='ltr'><strong>se</strong></span> <span class='ocrx_word' id='word_1_200' title='bbox 2035 2734 2274 2800; x_wconf 87' lang='lat' dir='ltr'><strong>Romae</strong></span> <span class='ocrx_word' id='word_1_201' title='bbox 2328 2734 2613 2819; x_wconf 88' lang='lat' dir='ltr'><strong>primum</strong></span> <span class='ocrx_word' id='word_1_202' title='bbox 2662 2734 2957 2817; x_wconf 87' lang='lat' dir='ltr'><strong>scripsisse</strong></span> <span class='ocrx_word' id='word_1_203' title='bbox 3073 2802 3074 2831; x_wconf 22' lang='grc' dir='ltr'>ἶ</span> 
     </span>
     <span class='ocr_line' id='line_1_25' title="bbox 601 2838 3074 2924; baseline -0.002 -21"><span class='ocrx_word' id='word_1_204' title='bbox 601 2839 852 2904; x_wconf 90' lang='lat' dir='ltr'><strong>Bellum</strong></span> <span class='ocrx_word' id='word_1_205' title='bbox 916 2840 1254 2905; x_wconf 83' lang='lat' dir='ltr'><strong>Judaicum</strong></span> <span class='ocrx_word' id='word_1_206' title='bbox 1321 2843 1524 2923; x_wconf 86' lang='lat' dir='ltr'><strong>patrio</strong></span> <span class='ocrx_word' id='word_1_207' title='bbox 1586 2861 1901 2917; x_wconf 88' lang='lat' dir='ltr'><strong>sermone,</strong></span> <span class='ocrx_word' id='word_1_208' title='bbox 1958 2851 2175 2924; x_wconf 88' lang='lat' dir='ltr'><strong>postea</strong></span> <span class='ocrx_word' id='word_1_209' title='bbox 2220 2850 2430 2905; x_wconf 82' lang='lat' dir='ltr'><strong>autem</strong></span> <span class='ocrx_word' id='word_1_210' title='bbox 2483 2840 2861 2905; x_wconf 80' lang='lat' dir='ltr'><strong>convertisse</strong></span> <span class='ocrx_word' id='word_1_211' title='bbox 2902 2838 2955 2899; x_wconf 89' lang='lat' dir='ltr'><strong>in</strong></span> <span class='ocrx_word' id='word_1_212' title='bbox 3073 2840 3074 2855; x_wconf 59' lang='lat'><strong>³</strong></span> 
     </span>
    </p>
   </div>
   <div class='ocr_carea' id='block_1_5' title="bbox 600 2942 2957 3032">
    <p class='ocr_par' dir='ltr' id='par_1_6' title="bbox 600 2942 2957 3032">
     <span class='ocr_line' id='line_1_26' title="bbox 600 2942 2957 3032; baseline 0.001 -21"><span class='ocrx_word' id='word_1_213' title='bbox 600 2944 906 3011; x_wconf 80' lang='lat' dir='ltr'><strong>Graecam</strong></span> <span class='ocrx_word' id='word_1_214' title='bbox 973 2946 1262 3032; x_wconf 81' lang='lat' dir='ltr'><strong>linguam</strong></span> <span class='ocrx_word' id='word_1_215' title='bbox 1327 2946 1721 3025; x_wconf 70' lang='grc' dir='ltr'><strong><em>χρησάμενόν</em></strong></span> <span class='ocrx_word' id='word_1_216' title='bbox 1788 2970 1912 3010; x_wconf 75' lang='grc' dir='ltr'><strong>τισι</strong></span> <span class='ocrx_word' id='word_1_217' title='bbox 1979 2948 2123 3023; x_wconf 74' lang='grc' dir='ltr'><strong>πρὸς</strong></span> <span class='ocrx_word' id='word_1_218' title='bbox 2184 2948 2291 3017; x_wconf 66' lang='grc' dir='ltr'><strong>τὴν</strong></span> <span class='ocrx_word' id='word_1_219' title='bbox 2354 2942 2707 3017; x_wconf 59' lang='lat' dir='ltr'><strong>‘Eun&#39;vtaae</strong></span> <span class='ocrx_word' id='word_1_220' title='bbox 2778 2944 2957 3021; x_wconf 64' lang='grc' dir='ltr'><strong>Φωνῦν</strong></span> 
     </span>
    </p>
   </div>
   <div class='ocr_carea' id='block_1_6' title="bbox 3070 0 3079 3015">
    <p class='ocr_par' dir='ltr' id='par_1_7' title="bbox 3070 0 3079 3015">
     <span class='ocr_line' id='line_1_27' title="bbox 3070 0 3079 3015; baseline 0 0"><span class='ocrx_word' id='word_1_221' title='bbox 3070 0 3079 3015; x_wconf 95' lang='lat' dir='ltr'><strong> </strong></span> 
     </span>
    </p>
   </div>
   <div class='ocr_carea' id='block_1_7' title="bbox 599 3046 3074 3449">
    <p class='ocr_par' dir='ltr' id='par_1_8' title="bbox 599 3046 3074 3449">
     <span class='ocr_line' id='line_1_28' title="bbox 600 3046 3074 3137; baseline -0.001 -23"><span class='ocrx_word' id='word_1_222' title='bbox 600 3061 930 3131; x_wconf 65' lang='grc' dir='ltr'><em>συνεργοῖς.</em></span> <span class='ocrx_word' id='word_1_223' title='bbox 1003 3052 1149 3116; x_wconf 90' lang='lat' dir='ltr'><strong>Otio</strong></span> <span class='ocrx_word' id='word_1_224' title='bbox 1213 3054 1576 3117; x_wconf 87' lang='lat' dir='ltr'><strong>abundabat</strong></span> <span class='ocrx_word' id='word_1_225' title='bbox 1623 3046 1838 3137; x_wconf 84' lang='lat' dir='ltr'><strong>itaque</strong></span> <span class='ocrx_word' id='word_1_226' title='bbox 1886 3054 2182 3117; x_wconf 87' lang='lat' dir='ltr'><strong>videmus</strong></span> <span class='ocrx_word' id='word_1_227' title='bbox 2227 3052 2573 3136; x_wconf 89' lang='lat' dir='ltr'><strong>Josephum</strong></span> <span class='ocrx_word' id='word_1_228' title='bbox 2624 3051 2796 3117; x_wconf 88' lang='lat' dir='ltr'><strong>haud</strong></span> <span class='ocrx_word' id='word_1_229' title='bbox 2839 3069 2957 3113; x_wconf 86' lang='lat' dir='ltr'><strong>me-</strong></span> <span class='ocrx_word' id='word_1_230' title='bbox 3073 3056 3074 3099; x_wconf 56' lang='lat' dir='ltr'><strong>l</strong></span> 
     </span>
     <span class='ocr_line' id='line_1_29' title="bbox 603 3155 2957 3246; baseline -0.003 -24"><span class='ocrx_word' id='word_1_231' title='bbox 603 3158 811 3222; x_wconf 78' lang='lat' dir='ltr'><strong>diocte</strong></span> <span class='ocrx_word' id='word_1_232' title='bbox 875 3160 1156 3222; x_wconf 88' lang='lat' dir='ltr'><strong>studium</strong></span> <span class='ocrx_word' id='word_1_233' title='bbox 1223 3161 1500 3241; x_wconf 81' lang='lat' dir='ltr'><strong>posuisse</strong></span> <span class='ocrx_word' id='word_1_234' title='bbox 1563 3161 1631 3221; x_wconf 89' lang='lat' dir='ltr'><strong>in</strong></span> <span class='ocrx_word' id='word_1_235' title='bbox 1698 3162 1773 3223; x_wconf 86' lang='lat' dir='ltr'><strong>iis</strong></span> <span class='ocrx_word' id='word_1_236' title='bbox 1825 3158 2309 3246; x_wconf 82' lang='lat' dir='ltr'><strong>cognoscendis,</strong></span> <span class='ocrx_word' id='word_1_237' title='bbox 2360 3179 2519 3242; x_wconf 88' lang='lat' dir='ltr'><strong>quae</strong></span> <span class='ocrx_word' id='word_1_238' title='bbox 2569 3155 2957 3223; x_wconf 86' lang='lat' dir='ltr'><strong>Alexandrini</strong></span> 
     </span>
     <span class='ocr_line' id='line_1_30' title="bbox 599 3250 3074 3348; baseline -0 -24"><span class='ocrx_word' id='word_1_239' title='bbox 599 3265 1008 3348; x_wconf 86' lang='lat' dir='ltr'><strong>grammatici</strong></span> <span class='ocrx_word' id='word_1_240' title='bbox 1057 3262 1132 3327; x_wconf 91' lang='lat' dir='ltr'><strong>de</strong></span> <span class='ocrx_word' id='word_1_241' title='bbox 1178 3262 1458 3328; x_wconf 89' lang='lat' dir='ltr'><strong>Homero</strong></span> <span class='ocrx_word' id='word_1_242' title='bbox 1507 3263 1970 3347; x_wconf 87' lang='lat' dir='ltr'><strong>disputassent;</strong></span> <span class='ocrx_word' id='word_1_243' title='bbox 2020 3264 2126 3328; x_wconf 89' lang='lat' dir='ltr'><strong>sed</strong></span> <span class='ocrx_word' id='word_1_244' title='bbox 2169 3271 2472 3348; x_wconf 89' lang='lat' dir='ltr'><strong>perpetuo</strong></span> <span class='ocrx_word' id='word_1_245' title='bbox 2514 3262 2761 3329; x_wconf 86' lang='lat' dir='ltr'><strong>Graeca</strong></span> <span class='ocrx_word' id='word_1_246' title='bbox 2800 3280 2957 3327; x_wconf 83' lang='lat' dir='ltr'><strong>voca·</strong></span> <span class='ocrx_word' id='word_1_247' title='bbox 3073 3250 3074 3285; x_wconf 71' lang='lat'>³</span> 
     </span>
     <span class='ocr_line' id='line_1_31' title="bbox 603 3367 3074 3449; baseline -0.002 -16"><span class='ocrx_word' id='word_1_248' title='bbox 603 3368 754 3434; x_wconf 86' lang='lat' dir='ltr'><strong>bula</strong></span> <span class='ocrx_word' id='word_1_249' title='bbox 811 3367 980 3432; x_wconf 87' lang='lat' dir='ltr'><strong>male</strong></span> <span class='ocrx_word' id='word_1_250' title='bbox 1029 3369 1456 3449; x_wconf 72' lang='lat' dir='ltr'><strong>pronunciavit</strong></span> <span class='ocrx_word' id='word_1_251' title='bbox 1503 3374 1565 3432; x_wconf 90' lang='lat' dir='ltr'><strong>et</strong></span> <span class='ocrx_word' id='word_1_252' title='bbox 1612 3368 1926 3432; x_wconf 87' lang='lat' dir='ltr'><strong>laboravit</strong></span> <span class='ocrx_word' id='word_1_253' title='bbox 1974 3372 2139 3434; x_wconf 85' lang='lat' dir='ltr'><strong>circa</strong></span> <span class='ocrx_word' id='word_1_254' title='bbox 2184 3372 2294 3441; x_wconf 71' lang='grc' dir='ltr'><strong>τὴν</strong></span> <span class='ocrx_word' id='word_1_255' title='bbox 2342 3369 2475 3448; x_wconf 74' lang='grc' dir='ltr'><strong>περὶ</strong></span> <span class='ocrx_word' id='word_1_256' title='bbox 2525 3374 2634 3439; x_wconf 70' lang='grc' dir='ltr'><strong>τὴν</strong></span> <span class='ocrx_word' id='word_1_257' title='bbox 2684 3376 2955 3445; x_wconf 80' lang='grc' dir='ltr'><strong><em>προφο·</em></strong></span> <span class='ocrx_word' id='word_1_258' title='bbox 3073 3398 3074 3439; x_wconf 40' lang='lat' dir='ltr'><strong><em>g</em></strong></span> 
     </span>
    </p>
   </div>
   <div class='ocr_carea' id='block_1_8' title="bbox 600 3473 2958 3663">
    <p class='ocr_par' dir='ltr' id='par_1_9' title="bbox 600 3473 2958 3663">
     <span class='ocr_line' id='line_1_32' title="bbox 600 3473 2957 3557; baseline -0.003 -18"><span class='ocrx_word' id='word_1_259' title='bbox 600 3474 739 3552; x_wconf 75' lang='grc' dir='ltr'><strong>ρὰν</strong></span> <span class='ocrx_word' id='word_1_260' title='bbox 786 3474 1146 3551; x_wconf 69' lang='grc' dir='ltr'><strong><em>ἀκρίβειαν,</em></strong></span> <span class='ocrx_word' id='word_1_261' title='bbox 1197 3475 1410 3557; x_wconf 87' lang='lat' dir='ltr'><strong>Antiq.</strong></span> <span class='ocrx_word' id='word_1_262' title='bbox 1462 3473 1567 3537; x_wconf 87' lang='lat'><strong>20.</strong></span> <span class='ocrx_word' id='word_1_263' title='bbox 1626 3474 1729 3537; x_wconf 81' lang='lat'><strong>12.</strong></span> <span class='ocrx_word' id='word_1_264' title='bbox 1784 3474 1839 3537; x_wconf 90' lang='lat'><strong>1.</strong></span> <span class='ocrx_word' id='word_1_265' title='bbox 1915 3473 2153 3537; x_wconf 85' lang='lat' dir='ltr'><strong>Viribis</strong></span> <span class='ocrx_word' id='word_1_266' title='bbox 2204 3482 2419 3539; x_wconf 89' lang='lat' dir='ltr'><strong>autem</strong></span> <span class='ocrx_word' id='word_1_267' title='bbox 2460 3475 2869 3539; x_wconf 87' lang='lat' dir='ltr'><strong>corroboratis</strong></span> <span class='ocrx_word' id='word_1_268' title='bbox 2903 3474 2957 3533; x_wconf 87' lang='lat' dir='ltr'><strong>et</strong></span> 
     </span>
     <span class='ocr_line' id='line_1_33' title="bbox 600 3579 2958 3663; baseline -0.003 -20"><span class='ocrx_word' id='word_1_269' title='bbox 600 3583 709 3652; x_wconf 67' lang='lat' dir='ltr'><strong>‘rino</strong></span> <span class='ocrx_word' id='word_1_270' title='bbox 769 3582 1221 3656; x_wconf 66' lang='grc' dir='ltr'><strong>γραμματικὴν</strong></span> <span class='ocrx_word' id='word_1_271' title='bbox 1270 3579 1591 3656; x_wconf 67' lang='grc' dir='ltr'><em>ἐμπειρίαν</em></span> <span class='ocrx_word' id='word_1_272' title='bbox 1638 3579 2015 3663; x_wconf 69' lang='grc' dir='ltr'><strong><em>ἀναλαβών,</em></strong></span> <span class='ocrx_word' id='word_1_273' title='bbox 2067 3581 2201 3663; x_wconf 83' lang='lat' dir='ltr'><strong>ipse</strong></span> <span class='ocrx_word' id='word_1_274' title='bbox 2246 3580 2419 3645; x_wconf 81' lang='lat' dir='ltr'><strong>solus</strong></span> <span class='ocrx_word' id='word_1_275' title='bbox 2467 3587 2532 3645; x_wconf 79' lang='lat' dir='ltr'><strong>et</strong></span> <span class='ocrx_word' id='word_1_276' title='bbox 2576 3587 2800 3645; x_wconf 77' lang='lat' dir='ltr'><strong>natans</strong></span> <span class='ocrx_word' id='word_1_277' title='bbox 2842 3580 2958 3642; x_wconf 84' lang='lat' dir='ltr'><strong>sine</strong></span> 
     </span>
    </p>
   </div>
   <div class='ocr_carea' id='block_1_9' title="bbox 599 3670 3074 3781">
    <p class='ocr_par' dir='ltr' id='par_1_10' title="bbox 599 3670 3074 3781">
     <span class='ocr_line' id='line_1_34' title="bbox 599 3670 3074 3781; baseline -0.003 -31"><span class='ocrx_word' id='word_1_278' title='bbox 599 3688 830 3751; x_wconf 89' lang='lat' dir='ltr'><strong>cortice</strong></span> <span class='ocrx_word' id='word_1_279' title='bbox 893 3686 1133 3771; x_wconf 81' lang='lat' dir='ltr'><strong>viginti</strong></span> <span class='ocrx_word' id='word_1_280' title='bbox 1192 3686 1671 3768; x_wconf 83' lang='lat' dir='ltr'><strong>Antiquitatum</strong></span> <span class='ocrx_word' id='word_1_281' title='bbox 1736 3684 1931 3749; x_wconf 84' lang='lat' dir='ltr'><strong>libros</strong></span> <span class='ocrx_word' id='word_1_282' title='bbox 1990 3688 2359 3781; x_wconf 86' lang='lat' dir='ltr'><strong>conscripsit</strong></span> <span class='ocrx_word' id='word_1_283' title='bbox 2408 3686 2599 3770; x_wconf 89' lang='lat' dir='ltr'><strong>idque</strong></span> <span class='ocrx_word' id='word_1_284' title='bbox 2647 3688 2807 3751; x_wconf 86' lang='lat' dir='ltr'><strong>tanti</strong></span> <span class='ocrx_word' id='word_1_285' title='bbox 2850 3701 2957 3747; x_wconf 91' lang='lat' dir='ltr'><strong>non</strong></span> <span class='ocrx_word' id='word_1_286' title='bbox 3073 3670 3074 3721; x_wconf 70' lang='lat' dir='ltr'>f</span> 
     </span>
    </p>
   </div>
   <div class='ocr_carea' id='block_1_10' title="bbox 599 3790 2959 3987">
    <p class='ocr_par' dir='ltr' id='par_1_11' title="bbox 599 3790 2959 3987">
     <span class='ocr_line' id='line_1_35' title="bbox 600 3790 2957 3877; baseline -0.002 -23"><span class='ocrx_word' id='word_1_287' title='bbox 600 3792 762 3871; x_wconf 81' lang='lat' dir='ltr'><strong>fuit,</strong></span> <span class='ocrx_word' id='word_1_288' title='bbox 828 3790 1046 3874; x_wconf 85' lang='lat' dir='ltr'><strong>quanti</strong></span> <span class='ocrx_word' id='word_1_289' title='bbox 1115 3790 1301 3855; x_wconf 89' lang='lat' dir='ltr'><strong>bodie</strong></span> <span class='ocrx_word' id='word_1_290' title='bbox 1350 3792 1610 3855; x_wconf 84' lang='lat' dir='ltr'><strong>fortasse</strong></span> <span class='ocrx_word' id='word_1_291' title='bbox 1656 3791 1947 3865; x_wconf 80' lang='lat' dir='ltr'><strong>videtur,</strong></span> <span class='ocrx_word' id='word_1_292' title='bbox 1998 3811 2144 3855; x_wconf 88' lang='lat' dir='ltr'><strong>nam</strong></span> <span class='ocrx_word' id='word_1_293' title='bbox 2194 3811 2341 3856; x_wconf 90' lang='lat' dir='ltr'><strong>suos</strong></span> <span class='ocrx_word' id='word_1_294' title='bbox 2386 3795 2723 3877; x_wconf 87' lang='lat' dir='ltr'><strong>scriptores</strong></span> <span class='ocrx_word' id='word_1_295' title='bbox 2768 3806 2957 3876; x_wconf 86' lang='lat' dir='ltr'><strong>presse</strong></span> 
     </span>
     <span class='ocr_line' id='line_1_36' title="bbox 599 3890 2959 3987; baseline -0.002 -28"><span class='ocrx_word' id='word_1_296' title='bbox 599 3898 886 3978; x_wconf 89' lang='lat' dir='ltr'><strong>sequitur</strong></span> <span class='ocrx_word' id='word_1_297' title='bbox 947 3895 1278 3981; x_wconf 87' lang='lat' dir='ltr'><strong>multaque</strong></span> <span class='ocrx_word' id='word_1_298' title='bbox 1336 3899 1649 3987; x_wconf 80' lang='lat' dir='ltr'><strong>excerpsit</strong></span> <span class='ocrx_word' id='word_1_299' title='bbox 1695 3896 1799 3961; x_wconf 86' lang='lat' dir='ltr'><strong>vel</strong></span> <span class='ocrx_word' id='word_1_300' title='bbox 1846 3896 2209 3981; x_wconf 88' lang='lat' dir='ltr'><strong>descripsit,</strong></span> <span class='ocrx_word' id='word_1_301' title='bbox 2263 3897 2341 3960; x_wconf 89' lang='lat' dir='ltr'><strong>de</strong></span> <span class='ocrx_word' id='word_1_302' title='bbox 2386 3916 2501 3962; x_wconf 90' lang='lat' dir='ltr'><strong>suo</strong></span> <span class='ocrx_word' id='word_1_303' title='bbox 2546 3904 2763 3963; x_wconf 86' lang='lat' dir='ltr'><strong>autem</strong></span> <span class='ocrx_word' id='word_1_304' title='bbox 2809 3890 2959 3980; x_wconf 90' lang='lat' dir='ltr'><strong>quod</strong></span> 
     </span>
    </p>
   </div>
   <div class='ocr_carea' id='block_1_11' title="bbox 3073 3290 3074 3909">
    <p class='ocr_par' dir='ltr' id='par_1_12' title="bbox 3073 3290 3074 3909">
     <span class='ocr_line' id='line_1_37' title="bbox 3073 3290 3074 3909; baseline 0 0"><span class='ocrx_word' id='word_1_305' title='bbox 3073 3290 3074 3909; x_wconf 95' lang='lat' dir='ltr'><strong> </strong></span> 
     </span>
    </p>
   </div>
   <div class='ocr_carea' id='block_1_12' title="bbox 601 3998 2955 4087">
    <p class='ocr_par' dir='ltr' id='par_1_13' title="bbox 601 3994 3074 4091">
     <span class='ocr_line' id='line_1_38' title="bbox 601 3998 2955 4087; baseline -0.002 -23"><span class='ocrx_word' id='word_1_306' title='bbox 601 4000 885 4082; x_wconf 86' lang='lat' dir='ltr'><strong>addidit,</strong></span> <span class='ocrx_word' id='word_1_307' title='bbox 946 4021 1171 4084; x_wconf 89' lang='lat' dir='ltr'><strong>parum</strong></span> <span class='ocrx_word' id='word_1_308' title='bbox 1221 4007 1332 4065; x_wconf 89' lang='lat' dir='ltr'><strong>est.</strong></span> <span class='ocrx_word' id='word_1_309' title='bbox 1408 4001 1732 4066; x_wconf 90' lang='lat' dir='ltr'><strong>Indicium</strong></span> <span class='ocrx_word' id='word_1_310' title='bbox 1776 3998 1877 4065; x_wconf 68' lang='lat' dir='ltr'><strong>‘est</strong></span> <span class='ocrx_word' id='word_1_311' title='bbox 1922 4002 2087 4085; x_wconf 88' lang='lat' dir='ltr'><strong>quod</strong></span> <span class='ocrx_word' id='word_1_312' title='bbox 2136 4023 2241 4067; x_wconf 89' lang='lat' dir='ltr'><strong>me</strong></span> <span class='ocrx_word' id='word_1_313' title='bbox 2287 4022 2537 4087; x_wconf 89' lang='lat' dir='ltr'><strong>quoque</strong></span> <span class='ocrx_word' id='word_1_314' title='bbox 2581 4002 2955 4070; x_wconf 85' lang='lat' dir='ltr'><strong>adverterat,</strong></span> 
     </span>
    </p>
   </div>
   <div class='ocr_carea' id='block_1_13' title="bbox 599 4104 3074 4405">
    <p class='ocr_par' dir='ltr' id='par_1_14' title="bbox 599 4104 3074 4405">
     <span class='ocr_line' id='line_1_39' title="bbox 601 4104 3074 4195; baseline -0.002 -25"><span class='ocrx_word' id='word_1_315' title='bbox 601 4105 712 4170; x_wconf 87' lang='lat' dir='ltr'><strong>sed</strong></span> <span class='ocrx_word' id='word_1_316' title='bbox 773 4104 883 4168; x_wconf 89' lang='lat' dir='ltr'><strong>diu</strong></span> <span class='ocrx_word' id='word_1_317' title='bbox 931 4112 1076 4172; x_wconf 88' lang='lat' dir='ltr'><strong>ante</strong></span> <span class='ocrx_word' id='word_1_318' title='bbox 1122 4127 1225 4170; x_wconf 91' lang='lat' dir='ltr'><strong>me</strong></span> <span class='ocrx_word' id='word_1_319' title='bbox 1269 4107 1442 4170; x_wconf 89' lang='lat' dir='ltr'><strong>idem</strong></span> <span class='ocrx_word' id='word_1_320' title='bbox 1484 4109 1620 4191; x_wconf 82' lang='lat' dir='ltr'><strong>J&#39;am</strong></span> <span class='ocrx_word' id='word_1_321' title='bbox 1667 4107 2028 4171; x_wconf 82' lang='lat' dir='ltr'><strong>observarat</strong></span> <span class='ocrx_word' id='word_1_322' title='bbox 2073 4110 2240 4172; x_wconf 86' lang='lat' dir='ltr'><strong>inter</strong></span> <span class='ocrx_word' id='word_1_323' title='bbox 2286 4116 2595 4174; x_wconf 89' lang='lat' dir='ltr'><strong>nostrates</strong></span> <span class='ocrx_word' id='word_1_324' title='bbox 2641 4104 2957 4173; x_wconf 83' lang='lat' dir='ltr'><strong>Venerabi·</strong></span> <span class='ocrx_word' id='word_1_325' title='bbox 3073 4182 3074 4195; x_wconf 10' lang='grc' dir='ltr'>χ</span> 
     </span>
     <span class='ocr_line' id='line_1_40' title="bbox 599 4209 3074 4297; baseline 0.002 -22"><span class='ocrx_word' id='word_1_326' title='bbox 599 4210 681 4275; x_wconf 91' lang='lat' dir='ltr'><strong>lis</strong></span> <span class='ocrx_word' id='word_1_327' title='bbox 725 4209 1065 4275; x_wconf 86' lang='lat' dir='ltr'><strong>Holwerda</strong></span> <span class='ocrx_word' id='word_1_328' title='bbox 1106 4213 1170 4275; x_wconf 90' lang='lat' dir='ltr'><strong>in</strong></span> <span class='ocrx_word' id='word_1_329' title='bbox 1219 4211 1789 4277; x_wconf 84' lang='lat' dir='ltr'><strong>Emendationibus</strong></span> <span class='ocrx_word' id='word_1_330' title='bbox 1836 4212 2156 4278; x_wconf 84' lang='lat' dir='ltr'><strong>Flavianis</strong></span> <span class='ocrx_word' id='word_1_331' title='bbox 2201 4234 2261 4297; x_wconf 91' lang='lat' dir='ltr'><strong>p.</strong></span> <span class='ocrx_word' id='word_1_332' title='bbox 2318 4213 2441 4277; x_wconf 91' lang='grc'><strong>101</strong></span> <span class='ocrx_word' id='word_1_333' title='bbox 2485 4219 2553 4277; x_wconf 91' lang='lat' dir='ltr'><strong>et</strong></span> <span class='ocrx_word' id='word_1_334' title='bbox 2596 4211 2743 4277; x_wconf 84' lang='lat'>128.</span> <span class='ocrx_word' id='word_1_335' title='bbox 2787 4210 2955 4277; x_wconf 78' lang='lat' dir='ltr'><strong>Tota.</strong></span> <span class='ocrx_word' id='word_1_336' title='bbox 3073 4220 3074 4281; x_wconf 65' lang='lat'>3</span> 
     </span>
     <span class='ocr_line' id='line_1_41' title="bbox 599 4310 2955 4405; baseline 0 -24"><span class='ocrx_word' id='word_1_337' title='bbox 599 4318 850 4401; x_wconf 87' lang='lat' dir='ltr'><strong>inquit,</strong></span> <span class='ocrx_word' id='word_1_338' title='bbox 913 4316 990 4381; x_wconf 89' lang='lat' dir='ltr'><strong>de</strong></span> <span class='ocrx_word' id='word_1_339' title='bbox 1049 4316 1382 4405; x_wconf 83' lang='lat' dir='ltr'><strong>Caligulae</strong></span> <span class='ocrx_word' id='word_1_340' title='bbox 1442 4326 1647 4383; x_wconf 90' lang='lat' dir='ltr'><strong>morte</strong></span> <span class='ocrx_word' id='word_1_341' title='bbox 1708 4320 2021 4397; x_wconf 86' lang='lat' dir='ltr'><strong>narratio,</strong></span> <span class='ocrx_word' id='word_1_342' title='bbox 2083 4339 2241 4403; x_wconf 89' lang='lat' dir='ltr'><strong>quae</strong></span> <span class='ocrx_word' id='word_1_343' title='bbox 2312 4322 2600 4385; x_wconf 87' lang='lat' dir='ltr'><strong>maxima</strong></span> <span class='ocrx_word' id='word_1_344' title='bbox 2666 4319 2813 4383; x_wconf 90' lang='lat' dir='ltr'><strong>libri</strong></span> <span class='ocrx_word' id='word_1_345' title='bbox 2884 4310 2955 4376; x_wconf 89' lang='grc'><strong>19</strong></span> 
     </span>
    </p>
   </div>
   <div class='ocr_carea' id='block_1_14' title="bbox 601 4420 3074 4511">
    <p class='ocr_par' dir='ltr' id='par_1_15' title="bbox 601 4420 3074 4511">
     <span class='ocr_line' id='line_1_42' title="bbox 601 4420 3074 4511; baseline -0.003 -23"><span class='ocrx_word' id='word_1_346' title='bbox 601 4436 780 4508; x_wconf 86' lang='lat' dir='ltr'><strong>parte</strong></span> <span class='ocrx_word' id='word_1_347' title='bbox 839 4426 1196 4489; x_wconf 83' lang='lat' dir='ltr'><strong>continetur</strong></span> <span class='ocrx_word' id='word_1_348' title='bbox 1213 4470 1230 4500; x_wconf 87' lang='lat'>‚</span> <span class='ocrx_word' id='word_1_349' title='bbox 1307 4425 1608 4489; x_wconf 89' lang='lat' dir='ltr'><strong>orationis</strong></span> <span class='ocrx_word' id='word_1_350' title='bbox 1678 4444 1906 4511; x_wconf 88' lang='lat' dir='ltr'><strong>genere</strong></span> <span class='ocrx_word' id='word_1_351' title='bbox 1974 4424 2272 4509; x_wconf 83' lang='lat' dir='ltr'><strong>perplexo</strong></span> <span class='ocrx_word' id='word_1_352' title='bbox 2341 4444 2413 4491; x_wconf 88' lang='lat' dir='ltr'><strong>ac</strong></span> <span class='ocrx_word' id='word_1_353' title='bbox 2482 4430 2763 4491; x_wconf 90' lang='lat' dir='ltr'><strong>tortuoso</strong></span> <span class='ocrx_word' id='word_1_354' title='bbox 2828 4438 2956 4485; x_wconf 90' lang='lat' dir='ltr'><strong>con·</strong></span> <span class='ocrx_word' id='word_1_355' title='bbox 3073 4420 3074 4427; x_wconf 77' lang='grc'>’</span> 
     </span>
    </p>
   </div>
  </div>
 </body>
</html>
