3150 5000
1365 285 1701 336 mounes,
2596 265 2728 332 229

343 459 522 519 rebus
589 461 644 519 et
711 476 852 536 crya
915 463 1196 537 parentes
1261 453 1587 516 crudeliter
1648 437 1822 534 abere
1886 451 2221 538 respondet
2270 449 2567 534 Toxaris,
2616 450 2738 516 sibi

343 581 515 624 nunc
585 565 837 645 tempus
908 558 1120 624 deesse
1191 557 1272 623 ad
1343 558 1907 656 demonstrandum
1972 557 2306 644 populares
2372 577 2519 623 suos
2572 565 2627 621 et
2670 556 2739 620 in

342 671 554 730 ceteris
619 667 792 730 rebus
861 676 920 729 ct
988 689 1128 748 crya
1185 672 1470 752 parentes
1536 665 1817 730 iustiores
1884 672 1941 730 et
2002 665 2330 729 sanctiores
2375 685 2497 728 esee
2542 671 2736 748 quani

345 769 643 839 Graecos.
709 770 782 836 In
846 770 1045 838 altera
1107 777 1287 857 parte
1334 774 1479 857 quis
1525 771 1723 836 talem
1772 772 2135 837 scabritiem
2185 773 2489 836 orationis
2536 789 2736 854 aequo

343 880 564 945 animo
610 878 772 944 ferre
814 874 1063 963 potest?
1117 880 1186 943 οἷ
1245 879 1478 958 Φίλοι
1529 877 1831 944 Σκύθαι
1880 885 1944 943 et
1992 879 2055 942 ol
2105 879 2337 960 φίλοι
2593 881 2741 952 τῶν

343 981 645 1067 <pla-ceu?
714 983 870 1052 Post
941 1005 1143 1074 pauca
1205 983 1441 1050 scribe:
1503 985 1696 1051 πολὺν
1755 985 1863 1062 ἤδη
1913 982 2123 1066 χρόνον
2173 985 2314 1062 ὑμῖν
2360 982 2740 1063 συγγενό-

344 1113 589 1170 μενος
640 1111 752 1175 pro
800 1091 1432 1169 συγγινόμενος.

442 1193 595 1287 Cap.
649 1197 750 1262 11.
803 1195 1280 1283 supplendum:
1331 1194 1610 1277 πρότερος
1660 1195 1723 1261 δὲ
1773 1205 1839 1276 (σ
1864 1195 1927 1283 ὺ)
1977 1195 2172 1276 λέγε,
2222 1204 2295 1262 ut
2340 1198 2600 1283 passim.

442 1300 592 1388 Cap.
651 1301 752 1368 12.
807 1303 911 1368 καὶ
961 1299 1155 1382 ὥςπερ
1204 1302 1360 1374 εἰκὸς
1403 1301 1760 1367 νεόπλουτον
1800 1302 1984 1385 ὄντα,
2028 1302 2389 1374 πολλοὺς
2430 1302 2568 1368 καὶ
2612 1299 2742 1366 ἅλ-

340 1425 530 1481 λους
594 1405 734 1490 εἶχε
798 1409 930 1489 περὶ
983 1407 1216 1474 ἑαυτόν.
1272 1408 1645 1474 Ridiculum
1696 1409 2190 1475 describentium
2240 1409 2577 1489 παρόραμα
2626 1428 2738 1494 pro

345 1516 708 1588 πολλοὺς
783 1515 1172 1586 κόλακας.
1247 1515 1607 1588 πολλοὺς
1678 1515 1813 1580 καὶ
1888 1516 2192 1588 ἄλλους
2259 1523 2413 1581 tunc
2478 1516 2738 1582 demum

346 1629 526 1690 recte
573 1623 844 1708 dicitur,
894 1642 1041 1687 cum
1093 1642 1256 1688 unus
1303 1621 1537 1707 aliquis
1587 1624 1809 1688 ceteris
1857 1625 2216 1709 opponitur.

443 1727 596 1816 Gap.
650 1728 755 1794 13.
805 1729 909 1794 καὶ
951 1733 1057 1795 τοῦ
1099 1728 1729 1810 προστυχόντος
1767 1730 1916 1795 ἀεί.
1966 1729 2257 1796 Fortasse
2296 1731 2741 1796 scribendumz

345 1837 457 1902 καὶ
505 1841 612 1901 τοῦ
662 1835 790 1901 ἀεὶ
842 1833 1481 1916 προστυχόντος.
1532 1831 1798 1900 Constat
1843 1837 2015 1901 enim
2061 1835 2232 1902 hunc
2282 1856 2470 1900 usum
2522 1834 2741 1901 adver-

343 1945 481 2027 bii,
529 1942 924 2027 sequioribus
969 1944 1186 2007 minus
1232 1947 1458 2006 notum
1488 1992 1503 2016 ,
1553 1961 1594 2008 a
1638 1942 1861 2006 scribis
1897 1941 2247 2008 identidem
2286 1942 2500 2009 verbis
2540 1948 2741 2008 trans·

343 2051 574 2136 positis
625 2049 943 2114 obscurari
960 2067 977 2125 ;
1029 2047 1106 2112 de
1152 2066 1276 2132 qua
1325 2067 1391 2112 re
1437 2049 1687 2132 saepius
1734 2047 2068 2112 admonuit
2116 2045 2430 2134 Cobetus3
2481 2048 2560 2113 cf.
2612 2046 2743 2112 Ob-

345 2157 614 2221 servatt.
683 2155 750 2218 in
812 2152 997 2219 Dion.
1062 2151 1215 2218 Hal.
1278 2174 1341 2238 p.
1391 2151 1478 2218 25
1527 2158 1594 2218 et
1640 2152 1726 2218 29
1775 2159 1839 2219 et
1889 2153 2165 2220 Miscell.
2215 2153 2375 2220 orit.
2427 2177 2488 2240 p.
2540 2153 2627 2220 '79
2674 2160 2739 2220 et

353 2259 510 2326 122.
560 2258 718 2327 Mox
764 2258 1052 2326 deleatur
1097 2259 1397 2344 putidum
1447 2259 1770 2326 emblema
1818 2260 2305 2341 Χαρίκλεια.

442 2364 594 2453 Gap.
662 2365 768 2431 14.
839 2367 946 2431 οὐκ
1015 2365 1249 2441 ἀνῆκεν
1321 2366 1390 2431 ἐκ
1451 2373 1568 2430 τῶν
1630 2366 1882 2448 ὀνύχων.
1951 2366 2188 2434 Nullus
2249 2367 2355 2432 hic
2418 2370 2514 2432 est
2560 2365 2741 2432 locus

345 2473 548 2541 verbo
633 2471 988 2550 ἀνιέναι,
1075 2473 1406 2551 remittet-25
1479 2495 1511 2537 e
1575 2473 1851 2537 manibus
1919 2474 2215 2539 dimittere
2282 2473 2450 2559 apud
2523 2493 2740 2539 omnes

343 2579 690 2660 ἀφιέναι
764 2580 841 2644 ἐκ
903 2581 1047 2645 τῶν
1111 2584 1404 2660 χειρῶν
1467 2579 1740 2659 dicitur,
1786 2587 1860 2646 ut
1906 2584 2142 2666 passim
2192 2581 2359 2667 apud
2406 2580 2738 2647 Nostrum.

345 2686 571 2755 Semel
617 2686 858 2774 legitur
903 2684 1100 2765 (Dial.
1149 2684 1344 2751 Mort.
1394 2684 1572 2751 XIX.
1627 2686 1729 2770 l):
1777 2686 1883 2751 οὐκ
1932 2688 2217 2769 ἀφήσω
2258 2688 2417 2752 ἀπὸ
2455 2694 2572 2751 τῶν
2610 2710 2743 2768 χει-

343 2794 500 2877 ρῶνς
572 2792 734 2878 quod
807 2794 1042 2858 vitium
1105 2794 1471 2878 procuravit
1529 2790 1828 2859 Cobetus.
1892 2792 1969 2857 In
2032 2791 2154 2859 fine
2202 2792 2428 2878 capitis
2480 2792 2743 2859 malim:

345 2902 464 2965 καί
511 2923 705 2964 ποτε
754 2898 1088 2980 συνηνέχθη
1141 2898 1351 2965 πολλὰ
1399 2899 1746 2969 ἱκετευθείς.
1797 2896 2065 2963 Editur:
2117 2899 2228 2964 καί
2276 2921 2445 2963 που.

446 3003 596 3092 Gap.
667 3006 771 3072 15.
835 3004 996 3070 κύειν
1059 3029 1127 3070 τε
1175 3006 1302 3085 γὰρ
1350 3004 1419 3081 ἐξ
1467 3008 1655 3070 αὐτοῦ
1706 3007 2055 3080 σκήπτεται
2108 3042 2195 3053 -
2243 3005 2444 3070 ἱκανὸν
2492 3005 2555 3070 δὲ
2606 3003 2738 3068 καὶ

345 3118 591 3179 τοῦτο
637 3112 864 3190 βλᾶκα
912 3113 1172 3192 ἐραστὴν
1219 3118 1738 3191 προσεκπυρῶσαι.
1814 3111 1914 3176 Ad
1960 3113 2342 3177 sententiam
2392 3111 2603 3198 aptius
2649 3130 2744 3175 es·

347 3224 482 3285 set:
532 3219 736 3283 ἱκανὸν
783 3218 846 3283 δὲ
894 3224 1130 3284 τοῦτο
1180 3219 1312 3282 καὶ
1361 3218 1587 3296 βλᾶκα
1638 3218 1897 3296 ἐραστὴν
1948 3223 2489 3298 προσεκπυρῶσαι;
2541 3217 2743 3301 siqui·-

347 3325 497 3392 dem
545 3324 804 3409 Dinias,
855 3327 962 3410 qui
1011 3324 1345 3405 διάβροχος
1393 3326 1502 3402 ἤδη
1551 3326 1636 3405 τῷ
1686 3322 1853 3405 ἔρωτι
1904 3326 2009 3390 καὶ
2062 3324 2316 3405 τακερὸς
2369 3325 2700 3403 ἐγεγένητο
2727 3371 2744 3401 ,

343 3430 534 3498 nullo
603 3431 794 3497 modo
863 3432 1059 3496 lentus
1127 3439 1354 3496 amator
1419 3431 1545 3497 dici
1610 3435 1878 3517 poterat.
1940 3430 2015 3496 In
2077 3452 2213 3518 sqq.
2276 3435 2587 3516 praestat:
2638 3429 2743 3495 καὶ

347 3537 552 3604 οὐκέτι
610 3537 834 3617 ἐφοίτα
898 3538 1076 3619 παρ’
1133 3537 1356 3616 αὖτόν;
1409 3538 1488 3603 of.
1556 3537 1725 3604 Dial.
1792 3538 1957 3603 Mar.
2008 3536 2185 3603 XIII.
2240 3538 2310 3603 l:
2360 3538 2537 3619 κόρης
2589 3534 2742 3603 οὕτω

345 3652 557 3718 καλῶς
605 3643 1005 3727 φοιτώσης
1047 3643 1344 3725 ὁσημέραι
1387 3644 1602 3725 παρὰ
1652 3642 1771 3721 σέ;
1816 3643 1981 3709 Dial.
2024 3642 2283 3711 Meretr.
2314 3644 2393 3708 X.
2427 3644 2503 3709 l:
2544 3643 2745 3709 οὐκέτι

347 3754 594 3834 Φοιτᾷ
643 3750 858 3831 παρὰ
906 3750 990 3815 σὲ
1037 3750 1106 3815 τὸ
1155 3750 1503 3831 μειρακιονς
1554 3755 1619 3816 et
1667 3749 1841 3816 alibi.

449 3854 602 3943 Gap.
665 3855 768 3921 16.
844 3855 1189 3922 Deleantur
1257 3855 1528 3943 puerilia
1598 3856 2070 3922 addit-amenta:
2136 3864 2348 3937 Κρῆτα
2412 3856 2519 3932 ἤδη
2572 3856 2743 3938 [τὸν

349 3962 388 4027 ἕ
410 3986 441 4043 ρ
465 3962 508 4026 ὦ
533 3986 585 4041 μ
610 3986 638 4028 ε
663 3987 692 4027 ν
715 3986 742 4027 ο
769 3963 822 4049 ν]
893 3968 958 4028 et
1021 3963 1124 4027 τὸν
1171 3962 1554 4043 ἀντεραστήν
1612 3960 1729 4051 [τὸ
1756 3986 1785 4025 ν
1832 3972 1883 4027 Ι(
1908 3985 1938 4042 ρ
1966 3968 2000 4035 ἦ
2026 3986 2063 4026 τ
2096 3964 2193 4049 α].
2240 3962 2546 4028 Eiusdem
2598 3962 2747 4027 fari-

345 4088 472 4135 nae
522 4074 618 4133 est
665 4068 832 4153 quod
879 4066 1034 4154 Cap.
1090 4067 1171 4134 17
1213 4067 1488 4157 legitur:
1533 4068 1560 4133 ό
1606 4066 1919 4146 Δημῶναξ
1961 4069 2018 4155 [ὃ
2063 4074 2199 4143 τῆς
2238 4069 2746 4148 Χαρικλείας

348 4175 400 4241 α’
425 4198 454 4239 ν
478 4177 513 4250 ἦ
540 4176 627 4259 ρ].

449 4280 602 4367 Cap.
655 4280 762 4347 18.
807 4283 908 4347 An
953 4282 1166 4368 potius
1212 4282 1653 4349 scribendum:
1703 4280 2135 4355 καταδικάσας
2186 4282 2249 4347 δὲ
2298 4280 2483 4353 αὐτὸς
2524 4280 2745 4347 ἑαυτοῦ
2822 4264 2827 4271 ¹

353 4388 865 4471 διατριβὴν
914 4390 974 4454 ἐν
1020 4384 1271 4471 Γυάρῳῖ
