3150 5000
1176 266 1421 317 roman
1467 267 1718 318 omnm.
2061 300 2066 305 .
2553 248 2638 315 47

258 441 426 514 tam,
473 436 790 503 introduci
838 433 1067 501 vocula
1109 459 1155 511 y
1176 433 1301 514 αρ,
1351 456 1545 520 quam
1595 437 1661 499 in
1710 435 1744 498 δ
1764 433 1793 498 έ
1837 440 2086 499 mutare
2123 454 2311 499 nemo
2353 436 2636 500 monitus

257 542 596 609 dubitabit.
665 542 777 607 Vs.
831 540 964 607 3tio
1026 544 1234 608 nescio
1298 562 1376 607 an
1434 546 1654 606 auctor
1698 542 2019 626 scripserit
2066 541 2194 612 θεὸς
2244 540 2322 605 δέ
2368 564 2454 605 τε
2502 539 2638 605 κύν-

256 672 406 731 τερα
454 650 655 734 θήσει,
718 648 829 715 sed
872 668 967 713 vs.
1019 648 1061 713 2
1110 648 1518 733 depravatam
1568 667 1787 714 vocem
1835 647 2136 724 αὐλήσει,
2196 667 2308 734 pro
2356 668 2480 732 qua
2526 647 2639 711 αὖ·

253 756 480 837 χῆσει,
540 755 777 830 ἀνοιὶσει
803 803 820 831 ,
888 754 1174 819 αὖλίσσει
1222 754 1323 819 vel
1371 753 1733 837 αὖλίσεται,
1786 732 1866 817 αὖ
1916 752 2116 830 δήσει,
2168 749 2265 818 ὧδ’
2315 752 2442 831 ἥξει
2490 773 2636 838 pro-

254 864 465 947 posita
506 869 655 927 sunt
672 910 690 939 ,
742 866 910 926 certo
956 861 1145 927 modo
1190 862 1506 949 corrigere
1552 879 1812 945 nequeo,
1870 860 1931 925 N
1935 879 2016 926 on
2055 867 2268 925 tamen
2309 859 2641 945 displiceat

258 970 676 1047 λυσσήσεμ
2360 990 2363 992 ·

347 1182 521 1251 CLII
565 1174 821 1274 (Ph‘leg.
870 1185 1021 1253 Mir.
1072 1184 1223 1272 HI):

527 1295 779 1357 Παῦσαι
827 1292 1134 1358 σκυλεύων
1180 1293 1447 1371 στρατὸν
1493 1290 1660 1366 ἄιδος
1708 1292 1795 1364 είς
1843 1291 2041 1373 χθόνα
2089 1291 2348 1371 βάντα·

529 1398 639 1475 ἤδη
688 1399 815 1479 γὰρ
862 1400 1137 1480 Κρονίδης
1188 1405 1417 1483 νεμεσᾷ
1469 1401 1622 1472 Ζεὺς
1671 1400 1946 1480 μέρμερα
1995 1400 2266 1465 λεύσσων

530 1506 727 1583 μηνίει
777 1505 841 1570 δὲ
888 1504 1052 1589 Φάνῳ
1102 1510 1399 1585 στρατιᾶς
1446 1506 1584 1569 καὶ
1634 1514 1901 1570 σοῖσιν
1949 1506 2050 1571 ἐπ’
2097 1506 2328 1587 ἔργοις,
2382 1506 2509 1572 κτὲ.

344 1612 581 1697 Aptius
628 1611 916 1678 videtur:
1823 1616 1826 1621 ’

530 1718 730 1796 μηνίει
778 1718 841 1784 δὲ
886 1718 1051 1800 Φάνῳ
1098 1722 1397 1798 στρατιᾶς
1443 1719 1578 1784 αἱδί
1598 1720 1819 1785 κοισί
1864 1723 1924 1784 τ’
1972 1720 2072 1784 ἐπ’
2121 1718 2340 1802 ἔργοις.

348 1932 581 2002 oLvn
626 1933 699 2021 (1.
725 1933 772 1999 1.
796 1933 916 2021 Χ),

399 2038 487 2107 13
534 2041 736 2121 αὐτὰρ
782 2041 1046 2125 δημοσία
1090 2040 1355 2118 κέλομαί
1400 2066 1470 2106 σε
1516 2042 1690 2122 τρὶς
1742 2042 1972 2108 ἐννέα
2024 2042 2278 2125 ταύρους

533 2147 1030 2227 <παμμέλανα’ς
1080 2172 1152 2213 τε
1196 2157 1387 2234 Κορῇ,
1436 2158 1600 2223 ’Δηοῖ
1637 2173 1706 2214 τε
1755 2150 1928 2231 τρὶς
1976 2150 2201 2216 ἐννέα
2249 2150 2555 2231 πόρτεις>
2681 2182 2692 2204 ν

399 2255 489 2320 14
534 2256 745 2335 Φανὰς
793 2254 1065 2334 ἦυκέρους
1115 2254 1331 2333 θυέμεν
1376 2256 1787 2338 λευκότριχας
1813 2306 1828 2334 ,
1881 2253 1958 2322 αἵ
1996 2280 2098 2323 κεν

538 2361 804 2445 ὑμετέρᾳ
850 2367 1067 2445 γνώμη
1115 2364 1338 2428 κάλλει
1388 2362 1886 2443 προφερέσταται
1939 2359 2098 2430 ὦσιν.

351 2467 498 2534 Hoc
562 2467 749 2534 modo
804 2488 928 2534 non
972 2470 1169 2535 nimis
1216 2472 1464 2556 inepte,
1512 2477 1588 2535 ut
1634 2470 1904 2537 arbitror
1923 2518 1940 2548 ‚
1977 2469 2427 2558 supplebimus
2472 2470 2645 2538 lacu-

261 2597 445 2653 nam,
518 2594 712 2660 quam
772 2577 1123 2641 rectissime
1184 2579 1411 2642 statuit
1475 2575 1548 2641 Ο.
1611 2575 1864 2662 Keller,
1927 2577 2196 2663 (Rerum
2258 2578 2648 2644 naturalium

264 2680 499 2768 Script.
549 2679 663 2747 Gr.
712 2681 869 2746 min.
922 2680 1094 2749 1877
1116 2731 1135 2766 ,
1183 2704 1330 2771 pag.
1380 2681 1559 2747 LXV
1608 2682 1845 2770 Praef.)
1893 2685 2403 2751 animadvertens
2447 2707 2512 2752 v.
2568 2683 2650 2749 13

265 2787 341 2854 de
386 2784 638 2852 XXVII
685 2790 923 2872 tauris,
972 2807 1035 2853 v.
1084 2787 1166 2853 21
1219 2789 1295 2853 de
1344 2787 1657 2874 (XXVII)
1709 2791 1916 2854 vaccis
1962 2792 2087 2877 agi.
2162 2790 2500 2876 Repetitus
2535 2809 2653 2855 nu-

268 2915 485 2960 merus
532 2893 659 2973 τρὶς
706 2893 878 2958 ἐννέα
926 2894 1174 2959 errandi
1220 2914 1411 2959 eausa
1456 2895 1736 2960 librariis
1778 2894 1970 2961 fuisse
2009 2896 2282 2962 videtur.
2331 2895 2546 2963 Multa
2583 2898 2653 2960 in

268 3000 385 3066 hoc
432 2998 691 3065 oraculo
738 3003 929 3065 etism
978 3005 1123 3086 post
1166 2999 1227 3064 Ν
1231 3000 1419 3066 aucki
1467 2998 1865 3085 aliorumque
1915 3002 2388 3068 emendationes
2433 3002 2652 3088 perob-

268 3126 451 3171 scura
511 3111 753 3170 restant
814 3112 879 3170 et
922 3105 1338 3184 insanabilia3
1386 3104 1495 3172 sed
1542 3104 1677 3171 fieri
1727 3117 1941 3172 tamen
1985 3113 2193 3192 potest
2239 3113 2314 3173 ut
2360 3108 2653 3193 prodesse

268 3214 507 3298 possim
553 3229 647 3277 vs.
700 3213 787 3275 44
834 3231 966 3299 sqq.

540 3315 704 3390 ὅστις
754 3315 830 3383 ἂν
880 3316 1183 3396 ἡμετέρων
1229 3322 1524 3399 χρησμῶν
1569 3317 1718 3399 ἴδρις
1768 3320 1826 3392 ἐς
1874 3318 2000 3385 τόδ’
2047 3317 2300 3397 ἵκηται,

544 3423 764 3504 σεμνὸν
812 3424 1033 3503 Φοῖβον
1080 3422 1331 3490 ἄνακτα
1377 3423 1726 3502 μετελθέτω
1777 3426 1837 3490 ἐν
1885 3425 2190 3506 θυσίαισι,

543 3529 913 3612 προφρονέως
958 3531 1195 3610 βωμοῖς
1244 3531 1345 3595 ἐπὶ
1394 3532 1572 3597 πίονα
1625 3533 1817 3612 μηρία
1866 3531 2106 3604 καύσας
2133 3579 2151 3611 ,

543 3638 739 3715 αἰγῶν
786 3635 1157 3702 παλλεύκων
1204 3638 1535 3712 νεάτην·
1585 3638 1796 3717 ατὰρ
1841 3637 2127 3703 οἴδατε
2172 3637 2514 3718 πάντες,

544 3743 838 3808 λισσέσθω
890 3743 1112 3821 Φοῖβον
1158 3746 1425 3818 παιήονα
1474 3747 1678 3824 κρᾶτα
1723 3743 2058 3816 πυκάσσας

546 3850 752 3929 ίκτῆρ,
800 3851 1200 3920 ἐσπίπτοντος
1251 3844 1409 3922 ὅπως
1460 3851 1637 3923 λύσις
1688 3847 1785 3930 ᾖσι
1835 3859 2070 3917 κακοῖο.

366 3954 831 4044 Corrigendum
880 3959 1052 4022 enim
1102 3956 1385 4022 videtur:

547 4061 917 4143 προφρονέως
964 4061 1199 4140 βωμοῖς
1249 4062 1347 4126 ἐπὶ
1399 4064 1582 4128 πίονα
1628 4065 1817 4144 μηρία
1859 4063 2102 4138 καύσας

547 4170 743 4246 αἰγῶν
789 4168 1160 4234 παλλεύκων
1209 4175 1553 4234 νεαλῶν·
1609 4165 1637 4234 ὃ
1685 4171 1840 4251 γὰρ
1889 4165 2058 4236 οἶδε
2102 4172 2203 4236 τα
2249 4170 2558 4238 πάντα·

546 4275 839 4342 λισσέσθω
890 4277 1031 4341 κτὲ..
