3150 5000
1254 331 1496 382 ormo,
2436 316 2569 385 305

299 497 401 563 111.
441 497 497 563 4.
544 498 636 563 De
673 496 1070 582 philosophis
1109 504 1174 562 et
1211 496 1370 563 viris
1409 495 1689 580 politicis
1729 500 1867 583 agit
1886 520 1921 581 3-
1944 496 2081 561 illis
2103 496 2359 562 laudem
2387 519 2571 564 suam

217 624 324 669 non
378 603 649 678 invidet.
713 603 902 669 modo
947 603 1290 669 concedant
1335 623 1468 668 esse
1514 601 1901 687 peculiarem
1952 601 2236 687 aliquam
2284 604 2565 690 discipli-

215 731 342 775 nam
399 709 741 795 politicam.
835 708 1084 787 „Quare
1143 703 1274 773 sint
1317 709 1500 774 nobis
1546 709 1692 785 isti,
1742 711 1853 792 qui
1900 708 1977 774 de
2024 709 2266 774 ratione
2312 710 2571 776 vivendi

215 817 534 894 disserunt,
599 817 823 903 magni
867 815 1192 898 homines,
1241 819 1316 880 ut
1362 821 1547 899 sunt,
1597 816 1727 879 sint
1773 815 2049 891 eruditi,
2097 817 2225 880 sint
2270 817 2569 883 veritatis

213 931 266 988 et
319 923 569 988 virtutis
628 923 965 1008 magistri,
1015 922 1170 987 dum
1219 919 1408 986 modo
1455 920 1540 986 sit
1585 920 1741 986 haec
1788 919 2097 1005 quaedem
2148 922 2285 987 sive
2334 942 2371 986 a
2413 923 2573 987 viris

211 1031 266 1092 in
319 1049 520 1094 rerum
588 1027 990 1113 publicarum
1051 1029 1360 1093 varietate
1408 1029 1675 1092 versatis
1728 1028 2020 1102 inventa,
2072 1029 2209 1092 sive
2256 1029 2452 1092 etiam
2502 1029 2571 1092 in

212 1137 446 1199 istorum
507 1137 642 1200 otio
707 1155 779 1199 ac
839 1133 1072 1200 litteris
1129 1137 1400 1198 tractata
1461 1154 1558 1198 res
1620 1134 1789 1198 sicut
1848 1137 1945 1197 est
1990 1133 2261 1198 minime
2307 1133 2568 1218 quidem

213 1241 641 1306 contemnenda
686 1242 848 1306 ratio
893 1238 1104 1306 civilis
1151 1247 1214 1305 et
1261 1238 1597 1325 disciplina
1644 1237 2091 1324 populorum”.
2190 1293 2199 1306 .

284 1347 566 1412 Baiter-us
637 1348 912 1411 sentiens
930 1393 947 1424 ‚
1031 1345 1356 1431 periodum
1431 1365 1558 1410 non
1626 1350 1795 1410 recte
1864 1346 2319 1412 conformatam
2394 1367 2565 1427 esse,

213 1453 377 1518 verba
437 1473 618 1532 „res,
665 1455 832 1517 sicut
875 1459 1003 1536 est,
1051 1453 1320 1516 minime
1367 1451 1626 1535 quidem
1676 1451 2171 1517 contemnenda”
2218 1473 2256 1517 a
2304 1452 2568 1538 reliquis

209 1560 426 1622 uncinis
485 1559 846 1643 separavit,
910 1560 976 1622 in
1041 1576 1166 1642 quo
1226 1563 1380 1620 sicut
1441 1565 1528 1622 eet
1591 1557 1670 1621 ab
1726 1578 1843 1621 usu
1916 1555 2237 1623 Ciceronis
2309 1560 2566 1625 recedit.

207 1661 456 1730 Mulloro
521 1685 600 1730 ea
657 1664 984 1729 distinctio
1038 1683 1160 1728 non
1223 1662 1447 1748 placet.
1538 1661 1887 1747 Scripsitne
1934 1660 2189 1730 Cicero:
2256 1671 2569 1742 „tractata

207 1790 286 1833 res
342 1777 467 1856 est,
517 1774 688 1837 sicut
733 1766 904 1836 est”?
975 1767 1120 1846 „Sit
1163 1769 1319 1835 haec
1366 1769 1674 1854 quaedam
1698 1818 1716 1853 ,
1764 1771 1901 1836 sive
1946 1789 1985 1835 a
2030 1772 2190 1836 viris
2236 1774 2302 1836 in
2352 1793 2564 1836 rerum

209 1875 580 1958 publicarum
625 1879 931 1941 varietate
971 1877 1238 1941 versatis
1277 1878 1538 1940 inventa
1556 1923 1573 1954 ‚
1616 1877 1752 1941 sive
1791 1877 1985 1941 etiam
2026 1877 2095 1940 in
2135 1879 2407 1944 istorum
2434 1879 2567 1943 otio

206 1999 263 2044 ac
313 1981 542 2048 litteris
599 1987 872 2047 tractata
932 2002 1032 2048 res
1090 1986 1220 2058 est,
1269 1984 1434 2046 sicut
1483 1987 1614 2064 est,
1663 1984 1933 2046 minime
1980 1982 2235 2065 quidem
2286 1990 2566 2050 contem-

205 2087 378 2152 nenda
403 2093 566 2154 ratio
591 2087 802 2152 civilis
826 2094 892 2152 et
915 2087 1250 2172 disciplina
1275 2087 1691 2172 populorum''
1716 2089 1953 2171 (rerum
1983 2087 2380 2171 publicarum
2396 2085 2560 2173 i).—

209 2190 584 2280 Paragrapho
649 2193 690 2258 6
753 2213 980 2278 sequor
1039 2194 1270 2259 codicis
1325 2193 1663 2288 lectionem
1717 2197 1856 2270 „sin
1904 2198 2097 2257 attera
2141 2195 2225 2258 eit
2270 2203 2412 2258 utra
2458 2198 2567 2260 via

206 2298 546 2380 prudentiae
615 2298 996 2386 deligenda”
1050 2299 1250 2387 vulgo
1312 2301 1564 2364 alter-aet
1628 2307 1767 2363 utra
1828 2299 2025 2365 edunt
2086 2301 2247 2379 (cod.
2298 2319 2561 2367 Amma-

207 2417 510 2486 sirmii„
548 2408 585 2489 ᾖ
637 2405 674 2470 7
717 2425 860 2469 cum
903 2404 1183 2471 Mullero
1223 2405 1368 2494 lego
1407 2416 1583 2491 quot,
1625 2425 1739 2490 pro
1778 2407 1940 2490 quod
1966 2407 2323 2472 mutatione
2348 2427 2563 2493 reapse

209 2508 357 2576 nulla
402 2534 548 2577 cum
602 2514 960 2597 promiscue
1006 2513 1338 2577 scribatur.

283 2723 372 2787 15.
443 2724 589 2790 Hoc
653 2726 848 2789 nimis
907 2726 1194 2809 ineptum
1214 2773 1231 2804 ‚
1281 2732 1356 2790 ut
1402 2726 1695 2791 dicantur
1745 2726 2157 2791 Athenienses
2208 2727 2413 2793 iurare
2448 2752 2565 2811 pu-

209 2826 328 2891 blice
381 2832 592 2895 solitos
647 2852 804 2907 esee,
852 2850 1104 2896 omnem
1155 2852 1338 2896 suam
1385 2838 1619 2897 terram
1670 2853 1836 2909 esse,
1888 2852 2049 2917 quae
2096 2834 2302 2898 oleam
2348 2835 2559 2899 terret.

209 2928 472 3019 Suspicor
520 2936 737 3002 locum
791 2938 882 3001 sic
930 2938 1238 3020 seriptum
1291 2937 1445 3003 olim
1497 2938 1727 3005 fuisse:

1082 3042 1566 3110 Lacedaemonii
1614 3064 1763 3110 suos
1807 3046 2018 3109 omnis

933 3232 996 3245 .-
1079 3169 1264 3236 agros
1312 3171 1444 3216 esse
1491 3151 1849 3215 dictitarint
1869 3198 1884 3227 ‚

757 3236 1006 3379 {gam
1075 3275 1232 3339 quos
1277 3253 1522 3341 spiculo
1571 3264 1825 3340 possent
1875 3262 1970 3321 at-

769 3399 980 3448 solebant
1076 3362 1357 3448 tingere,
1407 3362 1823 3428 Athenienses
1870 3382 2002 3428 om-

1072 3485 1218 3530 nem
1271 3486 1450 3532 suam
1503 3488 1639 3533 esse
1692 3476 1967 3547 terram,
2016 3489 2177 3554 quae

1081 3570 1282 3637 oleam
1337 3574 1634 3659 frugesve
1680 3575 1891 3640 ferret.

201 3662 416 3756 Nempe
453 3675 677 3760 furari
723 3673 1009 3740 solebant
1061 3679 1126 3742 in
1174 3678 1431 3763 publico
1473 3680 1976 3746 Lacedaemonii.
2054 3680 2227 3746 Hinc
2274 3683 2517 3748 sactum
2539 3732 2559 3770 ,

201 3778 494 3844 vocabulis
549 3780 684 3845 illis
741 3784 1054 3866 corruptis
1100 3792 1166 3849 et
1213 3786 1276 3848 in
1327 3791 1694 3851 contextum
1745 3788 2043 3872 receptis:
2100 3789 2561 3864 „Athenienses

201 3874 380 3947 iurare
425 3887 618 3951 etiam
671 3886 926 3971 publice
973 3888 1258 3955 solebant
1305 3911 1561 3956 omnem
1612 3913 1795 3958 suam
1845 3914 1979 3959 esse
2026 3894 2329 3959 terram”.

274 4090 374 4159 26.
447 4097 587 4174 „Ad
647 4099 800 4164 haec
861 4098 975 4165 illa
1037 4100 1162 4166 dici
1225 4101 1433 4167 solent
1493 4104 1776 4187 primum
1841 4105 1921 4169 ab
1966 4106 2077 4181 iis,
2132 4108 2241 4191 qui
2288 4110 2559 4174 minime

203 4206 329 4263 sunt
385 4204 449 4267 in
506 4204 862 4271 disserendo
924 4205 1120 4285 mali,
1184 4210 1294 4293 qui
1355 4211 1422 4273 in
1484 4204 1597 4273 ha'c
1658 4210 1776 4295 (sic
1833 4207 1906 4277 G.
1978 4230 2135 4278 corr.
2196 4214 2275 4277 cf.
2336 4212 2557 4280 Halm.

205 4320 250 4383 p.
309 4303 460 4395 926)
521 4330 708 4375 causa
771 4332 845 4377 eo
909 4312 1051 4396 plus
1098 4316 1496 4380 auctoritatis
1544 4315 1812 4394 habent,
1862 4316 2046 4401 quia,
2095 4339 2245 4384 cum
2294 4320 2373 4385 de
2419 4323 2559 4386 viro

207 4406 344 4475 bono
387 4418 743 4503 quaeritur,
791 4438 978 4503 quem
1029 4426 1314 4505 apertum
1369 4427 1434 4487 et
1479 4422 1837 4507 simplicem
1882 4423 2183 4490 volumus
2222 4444 2356 4491 esse
2377 4473 2393 4504 ‚
2432 4446 2557 4491 non
