3150 5000
574 232 663 307 68
918 220 921 230 ’
1642 253 1878 303 mosao.

660 419 839 488 Haec
884 424 1035 484 sunt
1078 418 1243 497 fere,
1288 418 1634 485 admodum
1681 440 1907 505 pauca,
1955 422 2024 485 in
2062 420 2294 504 quibus
2324 420 2564 499 ductus
2586 416 2960 485 litterarum

570 535 636 593 et
696 526 1127 613 pronuntiatio
1184 524 1465 591 librariis
1524 527 1594 591 in
1639 524 2070 611 palimpsestis
2113 544 2305 611 supra
2350 523 2692 611 exploratis
2739 527 2960 611 impo-

570 636 849 699 suerunt.
920 630 1046 712 Qui
1108 634 1165 697 si
1226 629 1399 698 solus
1460 631 1600 698 fons
1659 637 1824 697 esset
1873 630 2039 698 labie
2085 637 2420 717 conceptae
2465 630 2642 697 facili
2687 634 2960 719 neg-otio

568 741 788 805 omnia
832 738 914 804 ad
956 740 1394 825 integritatem
1440 740 1940 804 restituerentur.
2013 735 2140 803 Sed
2177 737 2307 805 alia
2351 758 2540 805 causa
2582 744 2680 804 est
2728 738 2960 825 depra-

568 848 847 914 vationis
884 865 1032 910 cum
1080 843 1225 910 aliis
1270 843 1584 911 Vaticano
1627 844 1812 930 Reip.
1851 842 2212 911 communis
2229 892 2246 923 ,
2287 844 2397 911 sed
2420 850 2638 911 tamen
2661 844 2962 930 frequen·

566 955 695 1017 tior
751 953 818 1017 in
877 951 1027 1029 hoc,
1092 968 1285 1035 quam
1332 950 1634 1036 reliquis,
1683 952 1946 1017 omissas
1991 948 2138 1017 volo
2181 950 2468 1029 litteras,
2515 971 2792 1036 quarum
2841 950 2962 1017 de-

568 1060 876 1124 tractione
951 1054 1263 1122 vocabula
1337 1058 1751 1123 obscurantur
1766 1103 1785 1134 ‚
1853 1076 2040 1142 saepe
2103 1077 2228 1123 non
2297 1055 2426 1123 alia
2497 1076 2685 1123 causa
2753 1076 2961 1143 quam

566 1163 813 1229 librarii
859 1164 1212 1229 oscitantia.
1261 1161 1571 1249 Pleraque
1617 1166 1892 1230 correxit
1937 1184 2107 1228 man.
2147 1162 2209 1227 2.
2259 1160 2637 1249 Ubicunque
2673 1162 2964 1229 Schedas

473 1267 481 1276 '
568 1269 912 1335 Vaticanus
973 1267 1219 1334 evolvis
1281 1268 1573 1355 exempla
1623 1276 1804 1348 sunt;
1855 1268 2200 1347 inmotum,
2251 1274 2472 1334 maior.
2495 1315 2550 1347 .‚
2597 1270 2834 1335 dudio.
2858 1316 2876 1333 .
2899 1316 2962 1353 .,

552 1399 709 1461 prop
729 1423 745 1439 .
763 1380 947 1457 ὕφει·
962 1422 977 1438 .
997 1374 1295 1459 culispare
1312 1422 1327 1439 .
1348 1423 1365 1439 .
1384 1424 1403 1459 ,
1466 1382 1527 1440 t.
1544 1376 1745 1461 amqui
1805 1376 1980 1439 illvm
2039 1375 2146 1461 (=
2167 1375 2587 1462 tranquillum)
2605 1422 2620 1452 ,
2671 1422 2692 1439 .
2709 1423 2726 1443 .
2748 1426 2766 1443 .
2787 1424 2804 1440 .
2821 1376 2962 1439 riae

564 1482 919 1569 (iniuriae),
949 1486 1123 1565 patio
1141 1530 1157 1546 .
1174 1489 1303 1559 tur,
1348 1504 1459 1567 quo
1477 1482 1852 1547 ‚didicerunt
1887 1485 1958 1547 in
1988 1481 2233 1548 duabus
2256 1484 2510 1569 paginis
2532 1484 2960 1549 inveniuntur

566 1588 651 1654 56
700 1594 766 1655 et
809 1609 933 1674 sq„
970 1590 1040 1652 in
1078 1589 1310 1673 quibus
1348 1596 1584 1672 puncta
1621 1588 1902 1653 defectus
1947 1608 2091 1654 mea
2129 1595 2311 1666 sunt,
2345 1590 2556 1673 prima
2577 1607 2811 1653 manus
2833 1587 2959 1653 ffla

564 1698 865 1763 continua
906 1697 1257 1780 scripserat.
1308 1693 1384 1758 P.
1437 1692 1523 1759 79
1569 1700 1704 1761 ani.
1724 1742 1740 1757 .
1759 1718 1880 1761 mo.
1902 1744 1918 1761 .
1938 1696 2282 1778 reducebat,
2331 1693 2380 1758 1.
2433 1694 2516 1759 59
2536 1743 2555 1778 ,
2604 1694 2684 1759 cf.
2733 1714 2952 1779 supra.

564 1802 641 1870 P.
686 1798 777 1867 85
836 1806 1243 1887 qui....uato
1305 1800 1475 1885 (quia
1521 1806 1821 1884 privato),
1871 1801 2216 1865 mammo
2261 1800 2406 1886 (illa
2439 1800 2686 1885 factio).
2731 1798 2812 1863 P.
2863 1800 2956 1865 54

569 1911 659 1977 ,ἑο
702 1908 881 1995 (his),
929 1915 1035 1972 e.t
1082 1907 1254 1994 (est),
1305 1954 1322 1970 .
1346 1907 1533 1974 ‚culis
1576 1906 1884 1993 (viculis),
1933 1907 2093 1973 d.co
2143 1911 2334 1970 ‚ratio
2389 1914 2454 1973 et
2501 1905 2648 1971 alia.
2695 1905 2958 1971 Nititur

565 2014 684 2082 hac
729 2015 1164 2080 observatione
1208 2012 1568 2078 emendatio
1615 2011 1694 2078 ad
1739 2012 1789 2077 I.
1841 2012 1921 2077 51
1974 2012 2099 2098 (eui
2140 2012 2410 2099 repudi)
2457 2017 2523 2078 et
2571 2011 2619 2076 Ι.
2671 2012 2782 2077 52.

655 2118 816 2186 'I'ota
880 2118 1189 2187 vocabula
1254 2122 1490 2184 omissa
1549 2139 1673 2184 non
1738 2126 1873 2183 tam
1927 2120 2143 2185 crebro
2188 2124 2559 2203 occurrunt,
2609 2126 2778 2185 certe
2819 2139 2950 2183 nou

566 2229 756 2293 toties
815 2247 854 2291 a
914 2245 1111 2291 manu
1174 2222 1377 2291 altera
1420 2226 1581 2307 (sive
1627 2246 1662 2289 c
1707 2224 1842 2292 eive
1889 2225 1972 2311 c‘)
2017 2230 2336 2291 notantur.
2407 2222 2534 2289 Sed
2579 2225 2767 2311 plura
2811 2243 2952 2290 esse

566 2334 803 2399 omissa
848 2348 1041 2416 quam
1090 2334 1399 2395 corrector
1444 2332 1794 2409 notaverit,
1844 2330 1988 2397 aliis
2033 2330 2190 2397 locis
2223 2330 2548 2417 probabile
2565 2376 2581 2409 ,
2623 2328 2771 2395 aliie
2815 2351 2950 2395 cer-

565 2445 707 2504 tum
770 2442 868 2504 est
926 2436 1034 2521 (of.
1084 2434 1135 2502 1.
1188 2436 1269 2500 16
1332 2458 1511 2502 causa
1565 2438 1634 2501 in
1681 2436 1814 2502 cod.
1866 2437 2074 2515 deest,
2121 2437 2470 2503 necessario
2517 2436 2598 2502 ab
2643 2436 2946 2502 omnibus

562 2545 914 2612 editoribus
974 2542 1381 2629 suppletum3
1447 2545 1605 2608 item
1657 2566 1781 2608 meo
1842 2543 1892 2608 1.
1944 2543 2018 2622 63
2079 2566 2187 2628 pet·
2228 2566 2292 2607 ee
2337 2563 2376 2608 a
2425 2543 2486 2608 1.
2537 2563 2704 2609 man.
2753 2543 2810 2608 Ι.
2857 2541 2946 2608 65

562 2653 873 2716 omissum
890 2671 908 2728 ;
972 2650 1049 2715 de
1110 2649 1550 2715 emendatione
1591 2649 1642 2714 Ι.
1691 2649 1777 2713 32
1797 2698 1816 2734 ,
1863 2649 1974 2714 ΙΙΙ.
2024 2648 2110 2714 26
2159 2657 2223 2714 et
2273 2649 2360 2714 43
2419 2670 2611 2734 supra
2656 2651 2944 2736 actum),

560 2762 629 2824 et
671 2759 1038 2822 etiamnunc
1082 2774 1217 2821 esse
1260 2758 1430 2820 locos
1450 2802 1467 2834 ,
1527 2757 1639 2840 qui
1683 2753 2124 2840 supplemento
2171 2760 2428 2842 egeant,
2472 2755 2636 2819 mihi
2681 2755 2944 2840 quidem

560 2883 951 2950 persuasum.
1024 2859 1221 2926 Velut
1268 2861 1319 2926 Ι.
1369 2861 1410 2926 3
1461 2868 1568 2939 „et
1615 2865 1912 2946 quoniam
1971 2863 2254 2926 maxime
2316 2864 2602 2946 rapimur
2665 2861 2745 2928 ad
2794 2881 2944 2946 opes

560 2969 885 3058 augendas
928 2970 1180 3054 generis
1224 2966 1493 3032 humani
1516 2971 2047 3052 studemusque—
2063 2969 2362 3032 tutiorem
2389 2974 2453 3033 et
2478 2966 2942 3051 opulentiorem

560 3080 767 3145 vitam
813 3075 1149 3140 hominum
1196 3071 1495 3138 reddere”
1544 3073 1919 3138 crediderim
1967 3073 2269 3138 excidisse
2315 3078 2590 3138 societate
2634 3082 2779 3159 post
2823 3075 2940 3138 bu-

560 3187 755 3259 nam',
802 3186 917 3246 aut
964 3183 1373 3246 communitate
1420 3177 1650 3244 collato
1698 3177 1816 3244 off.
1865 3179 1918 3244 1.
1969 3199 2021 3244 c.
2072 3177 2216 3245 43..

652 3287 1037 3370 Frequenter
1098 3287 1353 3371 negatio
1416 3285 1654 3349 omissa
1713 3305 1752 3350 a
1807 3304 2004 3350 manu
2055 3283 2255 3350 altera
2301 3290 2417 3350 aut
2462 3285 2544 3349 ab
2590 3285 2940 3354 editoribus

560 3391 854 3479 suppleta
892 3397 1007 3456 est.
1058 3387 1295 3455 Statim
1344 3388 1390 3456 1.
1445 3391 1519 3454 1:
1562 3392 1834 3469 „omitto
1880 3390 2365 3456 innumerabilis
2409 3393 2580 3460 viros
2596 3441 2611 3466 ,
2663 3412 2940 3476 quorum

560 3497 777 3587 singul
806 3547 821 3562 .
847 3545 863 3562 .
892 3542 908 3562 .
936 3544 950 3561 .
1000 3495 1198 3562 saluti
1240 3497 1393 3562 huic
1438 3498 1691 3562 civitati
1729 3497 1985 3562 fuerunt
2023 3504 2088 3562 et
2126 3503 2228 3581 qm·
2263 3507 2404 3562 eunt
2427 3497 2747 3582 proculab
2769 3505 2940 3564 aeta-

561 3609 649 3672 tis
707 3604 899 3669 huius
962 3605 1307 3680 memoria,
1372 3622 1868 3670 commemorare
1925 3622 2032 3668 eos
2097 3603 2344 3682 desin0,
2407 3625 2484 3672 ne
2529 3606 2672 3690 quis
2715 3626 2783 3671 se
2827 3613 2941 3672 aut

560 3731 824 3778 suorum
871 3708 1150 3794 aliquem
1198 3712 1716 3794 praetermissum
1763 3709 2104 3794 queratur'’
2153 3709 2230 3775 de
2282 3730 2405 3795 quo
2451 3711 2588 3776 loco
2635 3717 2742 3798 egi
2787 3711 2939 3778 XII.

560 3814 695 3883 393
712 3863 731 3900 ,
776 3815 1057 3882 nondum
1106 3817 1363 3903 cognita
1407 3815 1878 3880 Wachsmuthii
1937 3819 2267 3882 sententia.
2338 3815 2559 3904 Vulgo
2610 3819 2942 3905 corrigunt

562 3924 756 4009 „quia
799 3929 949 3987 sunt
993 3921 1167 3986 haud
1205 3920 1483 4007 procul’',
1509 3921 2073 3988 Wachsmuthium
2114 3933 2328 3989 autem
2363 3925 2720 3990 eiicientem
2745 3928 2938 3992 verba

558 4049 996 4095 commemorare
1065 4050 1159 4092 eos
1218 4029 1419 4091 desino
1478 4030 1762 4114 suspicor
1821 4028 2034 4116 legere
2097 4036 2204 4107 „et
2264 4031 2378 4114 qui
2435 4045 2588 4095 sunt
2648 4029 2936 4117 procul’',

557 4154 945 4222 quamquam
1008 4153 1089 4198 nc
1147 4133 1267 4198 hoc
1314 4133 1571 4219 quidem
1623 4134 1904 4219 (propter
1948 4153 2210 4220 sequens
2252 4137 2341 4220 ee)
2387 4137 2715 4203 satisfacit.
2787 4135 2934 4202 Uti·

558 4262 680 4329 que
726 4239 851 4306 alia
896 4239 965 4303 in
1010 4245 1271 4324 promtu
1316 4247 1499 4304 sunt:
1550 4241 1639 4304 ib.
1664 4241 1705 4304 2
1749 4241 1958 4326 „quod
2003 4264 2120 4306 non
2169 4241 2247 4306 ab
2293 4241 2374 4308 iis
2417 4253 2673 4328 partum
2720 4241 2933 4308 confir-

556 4355 935 4432 matumque
994 4343 1132 4410 sit”.
1196 4345 1337 4410 Non
1400 4354 1495 4411 est
1544 4345 1880 4413 editorum.
1931 4347 1968 4432 ξ
2017 4347 2056 4412 9
2105 4370 2223 4413 non
2269 4349 2336 4413 in
2393 4349 2602 4416 verbis
2649 4369 2920 4428 „cum-
