3150 5000
1199 323 1520 374 nonanus.
1798 399 1802 403 ι
2420 305 2555 372 215

197 491 464 572 remedio,
510 491 676 578 quod
722 496 906 560 acute
951 493 1339 580 excogitavit
1387 491 1635 556 amicus
1680 511 1864 556 meus
1913 488 2391 568 Hartmannus,
2446 495 2543 558 est

207 599 512 666 sanandus:

425 701 494 769 αἵ
535 703 604 770 κέ
647 727 750 781 μοι
796 701 872 776 ὦς
921 711 1212 782 μεμαυῖα
1260 702 1701 787 παρασταίης,
1749 709 2107 782 γλαυκῶπι.

197 808 328 876 Cum
365 831 482 877 non
526 813 797 897 protasis
842 811 998 878 haec
1043 812 1130 876 sit
1174 810 1284 876 sed
1331 812 1645 876 sententia
1689 831 1801 896 per
1847 831 1915 876 se
1954 809 2275 889 absoluta,
2320 809 2528 876 mani-

197 917 388 982 festum
450 923 546 984 est
607 918 848 985 vitium
898 915 1110 984 latere.
1178 915 1253 982 In
1299 917 1594 1002 precibus
1640 921 1856 982 autem
1902 937 2029 984 non
2074 915 2147 980 αἵ
2192 941 2263 982 κε
2309 917 2417 983 sed
2465 918 2531 981 αἱ

197 1023 294 1103 γὰρ
345 1027 716 1110 requiritur,
765 1026 981 1110 itaque
1023 1043 1149 1090 non
1195 1023 1417 1090 dubito
1463 1025 1617 1110 quin
1665 1044 1812 1089 oum
1862 1022 1977 1089 illo
2024 1024 2162 1090 viro
2213 1023 2396 1091 docto
2444 1022 2533 1090 le-

195 1130 434 1216 gendum
479 1133 604 1196 sit:

513 1237 584 1302 αἱ
630 1234 758 1318 γάρ
804 1241 875 1316 μ’
921 1231 999 1309 ὧς
1042 1243 1332 1317 μεμαυῖα
1380 1234 1814 1318 παρασταίης,
1867 1241 2225 1313 γλαυκῶπι.

719 1452 756 1536 ἓ
801 1449 865 1518 2.
936 1450 1032 1516 De
1069 1450 1325 1534 ponium·
1363 1450 1691 1533 emulari-s
1723 1449 1967 1536 formis.

259 1663 339 1730 De
377 1656 620 1731 'formis
681 1666 851 1743 ἐμεῖο
910 1671 1036 1730 σεῖο
1082 1671 1196 1729 νεῒο
1241 1662 1409 1729 nibil
1455 1667 1552 1730 est
1598 1662 1909 1740 dubium3
1961 1663 2086 1728 etsi
2129 1661 2365 1728 ultima
2409 1682 2535 1729 non

193 1770 288 1834 nisi
326 1791 444 1838 uno
487 1770 631 1836 loco
679 1771 764 1857 (Δ
818 1768 979 1856 400)
1029 1771 1323 1836 occurrit.

256 1875 570 1944 Breviores
627 1897 876 1963 quoque
937 1878 1177 1942 formae
1237 1874 1377 1954 ἐμέο
1441 1873 1541 1940 σέο
1590 1873 1676 1940 εέο
1722 1873 1888 1940 nihil
1936 1875 2173 1940 habent
2216 1873 2531 1961 notabile;

189 1983 359 2064 prima
398 1989 687 2069 superest
733 1993 785 2048 K
841 1983 972 2048 124
1015 2003 1130 2048 neo
1176 2002 1446 2067 usquam
1497 1981 1675 2048 alibi.

257 2087 455 2175 Neque
503 2091 586 2155 de
633 2090 842 2167 ἐμέθεν
891 2087 1058 2155 σέθεν
1103 2088 1258 2154 εέθεν
1304 2089 1504 2154 habeo
1553 2087 1723 2174 quod
1769 2089 2122 2158 observem.

257 2191 366 2260 Sed
421 2197 894 2262 dubitationem
947 2194 1311 2283 legitimam
1361 2201 1623 2260 movent
1668 2195 1909 2260 formae
1952 2199 2307 2260 contractae
2348 2195 2496 2271 ἐμεῦ
2520 2243 2538 2274 ,

191 2323 282 2370 μευ
297 2348 314 2378 ,
359 2307 464 2367 σεῦ
485 2353 503 2387 ,
570 2326 686 2368 rev.
773 2305 830 2368 A
895 2303 1426 2368 contractionibus
1495 2304 1663 2366 enim
1738 2301 1893 2367 adeo
1954 2302 2248 2366 abhorret
2307 2300 2536 2389 lingua

189 2403 498 2485 homerica,
569 2414 645 2474 ut
705 2409 818 2475 vix
879 2405 1083 2486 ullae,
1151 2427 1310 2492 quae
1369 2407 1633 2493 quidem
1690 2409 1883 2473 vitari
1938 2413 2259 2493 poterant,
2320 2409 2390 2472 in
2458 2429 2531 2474 ea

189 2513 286 2577 sint
338 2516 646 2581 ferendae.
719 2514 958 2601 Operae
1016 2514 1221 2602 igitur
1283 2516 1558 2599 pretium
1612 2521 1708 2579 est
1756 2514 2101 2583 advertisse
2120 2561 2136 2592 ‚
2202 2522 2533 2581 contractae

186 2616 266 2681 lae
294 2621 520 2705 somne
565 2644 790 2709 semper
826 2622 968 2707 fere
1011 2622 1265 2704 reperiri
1311 2628 1450 2685 ante
1493 2622 1747 2685 vocalem
1760 2669 1777 2697 ‚
1830 2624 1924 2687 ita
1961 2627 2034 2687 ut
2070 2620 2241 2686 ultro
2278 2642 2348 2687 se
2388 2621 2533 2689 offe-

187 2730 258 2787 rat
307 2731 580 2813 suspicio
597 2774 614 2805 ,
693 2748 819 2793 non
893 2747 1104 2793 veram
1167 2728 1330 2792 hano
1389 2748 1557 2793 esse·
1592 2730 2085 2794 contractionem
2103 2774 2119 2805 ,
2195 2728 2304 2793 sed
2371 2728 2526 2794 olim

184 2837 511 2911 pronomina
557 2833 696 2899 illis
741 2833 900 2901 locis
933 2854 1050 2917 per
1098 2834 1397 2897 elisionem
1439 2833 1637 2899 fuisse
1683 2835 2117 2918 pronunciata.

251 2935 636 3033 Colligamus
680 2939 853 3007 looos
897 2944 1188 3023 cunctos,
1234 2940 1290 3005 si
1329 2940 1516 3006 modo
1555 2938 1827 3005 Seberus
1867 2941 1954 3004 sit
1992 2938 2125 3004 dux
2163 2940 2269 3005 oui
2294 2938 2525 3006 confidi

183 3047 340 3123 possit
353 3068 370 3123 ;
413 3068 568 3112 nam
610 3048 746 3112 sine
789 3051 927 3112 eius
966 3046 1208 3111 auxilio
1249 3047 1361 3112 vix
1402 3045 1631 3130 pedem
1669 3048 1737 3110 in
1762 3044 2001 3111 talibus
2025 3045 2524 3130 quaestiunculis

183 3144 300 3214 licet
340 3172 730 3237 promovere.
1411 3144 1416 3147 ’

247 3254 492 3323 Initium
541 3256 657 3324 fiat
703 3259 783 3325 ab
831 3258 1003 3335 ἐμεῦ.

247 3360 408 3441 Quod
465 3367 539 3429 in
603 3364 766 3441 ἐμεῖ’
826 3370 1036 3450 potest
1097 3367 1332 3455 corrigi
1391 3375 1444 3430 A
1511 3364 1676 3442 541,
1744 3374 1771 3429 1
1835 3364 2006 3445 426,
2068 3375 2127 3431 Τ
2178 3364 2305 3444 62,
2352 3363 2522 3444 273,

179 3472 218 3526 'r
255 3467 402 3547 349,
467 3480 520 3537 Φ
573 3468 744 3553 398,
807 3494 839 3549 ρ
887 3470 1013 3550 43,
1074 3495 1114 3535 et
1161 3470 1310 3536 268.
1383 3471 1482 3537 Ex
1525 3474 1664 3556 ipsa
1710 3471 2021 3537 librorum
2069 3471 2257 3540 MSS.
2310 3478 2521 3538 aucto-

177 3572 328 3639 ritate
369 3576 529 3653 ἐμεῖ’
581 3576 852 3641 scribere
897 3576 1050 3643 licet
1095 3578 1345 3643 duobus
1390 3576 1583 3655 locis,
1631 3588 1690 3641 Ψ
1738 3574 1867 3643 ’789
1909 3584 1973 3643 et
2011 3578 2233 3656 0462,
2258 3584 2323 3645 et
2346 3585 2520 3644 nota-

174 3672 272 3741 bile
313 3681 678 3769 sxemplum
724 3684 987 3749 rationis
1033 3704 1362 3769 perversae
1381 3732 1397 3763 ‚
1447 3704 1572 3769 qua
1617 3684 1788 3749 haud
1834 3705 1975 3750 raro
2016 3684 2094 3751 de
2132 3688 2517 3771 quaestioni-

173 3778 263 3847 bus
311 3786 650 3853 homericis
711 3790 1069 3874 iudicatur,
1148 3791 1449 3875 praebent
1519 3789 1926 3856 'I'hiersohius
1997 3796 2061 3856 et
2130 3791 2515 3877 Larochius,

173 3890 254 4053 (ἑοὶ
305 3912 484 3959 verae
544 3894 698 3960 huie
755 3896 1104 3981 scripturae
1127 3942 1146 3973 ,
1196 3896 1432 3982 ubique
1481 3896 1911 3965 restituendae
1930 3944 1947 3976 ‚
1995 3896 2073 3963 de
2106 3878 2234 3966 ‘suo
2279 3900 2515 3965 substi-

193 4000 390 4061 nant!
477 4004 536 4063 ”.

237 4098 298 4165 ln
357 4024 511 4179 ἐῖῗ
563 4074 800 4172 mutari
868 4113 1075 4193 potest
1123 4110 1274 4186 ἐμεῦ
1327 4119 1352 4172 1
1405 4108 1578 4185 494,
1627 4120 1678 4174 Χ
1729 4107 1895 4189 236,
1944 4134 1987 4174 α
2040 4108 2202 4189 313,
2259 4111 2295 4176 δ
2344 4109 2511 4191 3¹70,

168 4224 190 4276 ρ
227 4205 339 4271 165
385 4230 458 4265 =
507 4234 550 4274 τ
600 4211 725 4276 311
776 4214 911 4295 (sed
959 4214 1058 4279 his
1104 4209 1260 4281 loeis
1308 4214 1606 4303 gemellis
1653 4237 1765 4301 pro
1812 4215 1881 4293 ἐξ
1926 4216 2115 4296 ἐμεῦ,
2162 4219 2241 4291 ὣς
2290 4216 2367 4281 ἄν
2414 4220 2508 4291 τίς

169 4330 220 4373 σε
257 4316 681 4394 συναντόμενος
728 4320 1054 4405 μακαρίζοι
1105 4328 1384 4407 praestat
1433 4319 1500 4399 ἐξ
1547 4322 1756 4401 ἐμέθεν
1777 4372 1795 4408 ,
1844 4320 1918 4397 ὥς
1959 4324 2054 4397 τίς
2095 4346 2165 4388 σε
2190 4330 2331 4405 eto„
2358 4346 2507 4392 nam

169 4412 226 4477 ἄν
267 4418 594 4510 abundat),
639 4449 680 4489 τ
728 4423 836 4491 93.
