3150 5000
554 235 687 308 358
1592 249 1912 310 Romans.

550 449 697 496 eum
757 429 868 513 qui
930 426 1143 507 τέρπεο
1204 424 1273 489 in
1319 425 1542 503 τέρπευ
1593 421 1906 488 deformet
1925 467 1943 498 ‚
1990 417 2175 484 ulcus
2221 437 2440 484 sanare
2484 413 2714 481 ulcere.
2787 413 2942 494 Qua-

474 545 481 562 '
551 541 806 620 propter
878 553 1092 598 versus
1139 539 1235 602 ,Ω
1304 527 1456 613 354,
1529 547 1724 614 quem
1795 525 2129 593 Nauokius
2197 521 2525 588 subsimili
2595 523 2944 588 coniectura

550 640 812 708 vexavit
827 687 848 724 ,
897 637 1151 704 nonnisi·
1190 639 1283 701 in·
1306 638 1578 700 transitu
1629 634 1733 699 hic
1779 633 2100 698 indicatus
2145 637 2302 696 esto.
3066 709 3067 714 ἵ

643 747 865 833 Neque
912 742 1479 830 obtemperandum
1526 741 1735 829 igitur
1780 739 2074 806 Nauckio
2121 737 2152 802 I
2201 735 2358 821 605,
2405 755 2519 821 pro
2567 735 2780 801 verbis
2823 753 2946 798 cor-

555 855 762 940 ruptis

828 957 1022 1024 oz’sxbb’
1072 957 1233 1036 ὁμῶς
1282 963 1469 1032 τιμῆς
1523 952 1734 1032 ἔσεαι,
1779 951 2054 1029 πόλεμόν
2102 973 2215 1030 περ
2260 948 2558 1016 ἀλαλκών

556 1069 871 1156 corrigere
914 1066 1205 1132 iubenti:

716 1225 725 1234 .
824 1170 1018 1239 οὐκέθ’
1068 1171 1229 1248 ὁμῶς
1275 1175 1461 1246 τιμῆς
1511 1165 1762 1248 τεύξῃ
1808 1166 2004 1238 δηΐους
2051 1189 2164 1246 περ
2211 1163 2525 1228 ἀλαλκών.

553 1280 846 1345 Praestat
892 1280 1063 1344 enim
1111 1297 1361 1342 servare
1407 1274 1747 1342 lectionem
1797 1273 2101 1338 traditam
2122 1319 2136 1347 ‚
2179 1271 2596 1357 quantumvis
2619 1269 2946 1340 vitiosam,
3066 1265 3067 1272 ’

476 1418 483 1426 ’
556 1406 749 1471 quam
798 1383 1134 1450 obtrudere
1178 1381 1461 1446 Homero
1511 1380 1783 1445 formam
1834 1399 2060 1465 parum
2112 1377 2503 1443 homericam
2547 1371 2754 1454 τεύξῃ.
2803 1371 2952 1436 For-

556 1500 722 1558 tasse
765 1497 953 1578 poeta
998 1491 1254 1575 scripsit
1271 1535 1288 1568 ‚
1340 1493 1508 1554 certe
1556 1487 1734 1553 salva
1780 1487 2207 1574 grammatica
2251 1484 2524 1549 scribere
2569 1481 2824 1568 potuit:

830 1599 937 1661 οὐκ
985 1596 1045 1659 ἔν
1091 1593 1213 1676 ὁμῇ
1260 1605 1413 1676 τιμῇ
1464 1593 1673 1667 ἔσεαι,
1726 1593 2041 1667 πτόλεμόν
2089 1615 2201 1670 περ
2249 1585 2568 1655 ἀλαλκών.

560 1705 742 1786 Quod
802 1703 1149 1770 Menradus
1213 1702 1382 1788 apud
1431 1699 1792 1767 Christium
1837 1702 2168 1786 proposuit
2211 1697 2411 1764 οὐκέτι
2461 1695 2703 1774 τιμήεις
2753 1691 2960 1770 ἔσεαι,

480 1807 487 1814 ’
556 1806 625 1878 id
671 1811 836 1876 mihi
882 1809 1140 1895 quidem
1194 1808 1541 1875 admodum
1588 1807 1894 1895 languere
1940 1806 2217 1873 videtur.

560 2037 569 2048 '
648 2045 747 2110 Ex
808 2045 1274 2130 antiquioribus
1340 2041 1506 2110 God.
1571 2041 1980 2109 Hei-mannus
2043 2045 2579 2108 commemoratus
2625 2043 2764 2105 esto
2784 2085 2802 2115 ‚
2852 2037 2960 2123 qui

559 2150 815 2237 Orphic.
885 2171 1031 2239 pag.
1083 2149 1214 2216 722
1263 2150 1445 2216 docte
1492 2155 1557 2214 et
1607 2153 1855 2234 copiose
1905 2149 1981 2215 de
2027 2147 2210 2214 hiatu
2259 2147 2624 2233 disputans,
2672 2144 2962 2210 Homero

556 2257 793 2322 formas
852 2262 1203 2323 contractas
1250 2256 1568 2334 vindicat;
1626 2255 2080 2332 „vehementer
2121 2253 2338 2320 enim”
2388 2255 2528 2338 ipsa
2576 2253 2715 2318 eius
2763 2252 2962 2315 verba

557 2363 867 2428 afferenda
913 2363 1213 2428 videntur
1264 2383 1522 2440 „secum
1569 2367 1960 2450 pugnassent
2013 2360 2241 2428 Graeci
2291 2367 2513 2445 poetae
2534 2408 2550 2437 ,
2600 2361 2657 2424 si
2716 2358 2962 2423 formas

561 2469 1094 2550 „vocabulorum
1167 2470 1262 2536 ob
1324 2469 1405 2535 id
1470 2472 1743 2555 ipsum
1808 2471 2205 2534 inventas
2269 2473 2360 2532 ut
2422 2464 2697 2533 locum
2747 2465 2966 2531 defi-

564 2579 913 2663 „cientis
958 2580 1038 2641 in
1091 2598 1339 2643 versu
1384 2574 1773 2663 syllabae
1821 2574 2298 2661 explerent,
2346 2594 2565 2639 rursus
2602 2573 2964 2653 decurtare,

560 2704 794 2770 „quam
859 2683 1308 2749 communibus
1372 2683 1597 2748 formis
1653 2684 1754 2746 uti
1816 2680 2260 2747 maluissent.”
2323 2680 2464 2747 Hoc
2510 2682 2717 2767 igitur
2760 2699 2965 2765 argu-

557 2796 775 2855 mento
839 2811 1029 2867 usus,
1078 2789 1247 2874 quod
1297 2791 1551 2853 mireris
1600 2808 1637 2853 a
1681 2786 1798 2852 tali
1846 2790 1987 2853 viro
2035 2794 2097 2853 et
2148 2783 2268 2853 hoc'
2313 2806 2437 2873 quo
2486 2788 2771 2851 vivimus
2817 2805 2966 2850 sae-

560 2895 705 2962 culo
751 2896 1016 2980 proferri
1062 2898 1343 2979 potuisse
1366 2942 1382 2973 ‚
1430 2902 1527 2960 est
1572 2896 1744 2959 enim
1796 2896 2061 2975 ἀρχαῖον
2109 2894 2212 2959 καὶ
2263 2892 2612 2965 διπολιῶδες
2662 2892 2768 2956 καὶ
2819 2915 2968 2955 τετ-

558 3005 747 3080 τίγων
810 3002 1199 3087 ἀνάμεστον,
1266 3008 1487 3087 poetae
1551 2999 1876 3066 abiudicat
1939 3000 2311 3085 Πηληῖἀ3α’,
2379 3002 2492 3083 σε’,
2557 2999 2630 3078 ξ’,
2679 2997 2965 3082 Ὀδυσῆ’,

560 3110 854 3188 εἰπέμεν,
906 3109 1150 3186 ἔμμην’,
1197 3105 1383 3192 ἐμεῖ’,
1424 3114 1523 3193 et,
1566 3106 1734 3192 quod
1771 3127 1974 3173 unum
2017 3107 2099 3173 ad
2136 3113 2418 3173 nostram
2459 3106 2962 3191 disputationem

557 3219 863 3303 pertinet,
915 3236 1042 3280 non
1086 3213 1251 3295 ἕρκε’
1299 3214 1408 3280 sed
1456 3211 1637 3295 ἔρχευ
1685 3214 2107 3279 Homericum
2156 3234 2292 3279 esse
2337 3213 2684 3279 contendit.

651 3324 751 3388 Ab
799 3320 1145 3408 Apollonio
1190 3320 1442 3386 Rhodio
1486 3319 1754 3387 meliora
1803 3320 2050 3402 edoceri
2091 3325 2371 3405 poterat3
2414 3322 2527 3404 qui
2545 3369 2564 3405 ‚
2615 3324 2962 3405 quantum·

559 3431 661 3496 vis
724 3428 1013 3494 ridiculis
1074 3428 1392 3494 erroribus
1451 3448 1521 3494 se
1575 3424 1871 3513 implicet
1915 3427 2072 3492 dum
2121 3426 2477 3493 Homerum
2531 3426 2654 3491 sibi
2701 3425 2964 3492 videtur

557 3536 806 3601 imitari
825 3581 841 3612 ‚
892 3534 1009 3600 hac
1053 3538 1223 3601 certe
1272 3536 1339 3599 in
1387 3554 1455 3599 re
1503 3554 1694 3601 usum
1749 3530 2172 3600 Homericum
2221 3538 2512 3599 accurate
2560 3533 2961 3618 observavit3

557 3662 708 3706 nam
769 3643 1108 3707 contractis
1169 3640 1391 3706 formis
1458 3661 1585 3706 non
1643 3640 1767 3704 nisi
1837 3650 2136 3724 sequente
2194 3638 2402 3706 vocali
2455 3642 2694 3719 utitur,
2743 3642 2840 3705 ita
2887 3646 2962 3705 ut
3066 3618 3067 3651 ³

559 3749 731 3814 claro
777 3754 1075 3832 appareat
1116 3768 1264 3812 eum
1308 3745 1702 3812 intellexisse
1745 3746 1899 3831 quid
1946 3746 2024 3812 de
2072 3746 2191 3813 hoc
2238 3747 2682 3813 contractionis
2729 3768 2961 3835 genere
3066 3806 3067 3835 ἶ

561 3857 647 3919 sit
716 3854 1157 3938 statuendum3
1232 3874 1283 3919 e·
1339 3876 1403 3940 g.
1470 3852 1555 3918 IV
1621 3852 1752 3919 357
1789 3860 1935 3917 ’τῶν
2000 3852 2052 3917 δ’
2099 3853 2228 3918 οὔτι
2295 3854 2780 3935 μετατρέπῃ
2827 3850 2957 3918 ’ὄπ’

559 3960 890 4041 ἀγόρευες,
936 3959 1023 4024 IV
1075 3958 1206 4025 743
1267 3960 1547 4038 ὁμόγνιος
1600 3956 1853 4024 ἔπλευ
1905 3961 2070 4039 ἐμεῖο
2099 3956 2170 4047 1).

829 4109 977 4119 ῌ--ᾕ

630 4198 679 4257 1)
716 4200 774 4246 In
818 4195 1113 4247 Callimacho
1146 4212 1245 4246 non
1278 4197 1446 4247 eadem
1480 4200 1552 4248 est
1586 4196 1860 4264 diligentia;
1896 4212 1936 4248 e.
1966 4214 2014 4263 g.
2049 4196 2232 4263 Hymn.
2271 4196 2407 4250 Dian.
2447 4198 2508 4249 31
2542 4202 2582 4255 Φ
2609 4194 2754 4261 έρευ
2788 4198 2963 4256 τέκος,

560 4281 625 4333 89
660 4278 823 4345 ’ἔσσῃ
858 4280 970 4337 καί,
1012 4280 1110 4330 112
1144 4274 1361 4341 ἔβάλευ,
1396 4283 1481 4331 ew.
