3150 5000
1141 297 1230 343 An
1277 295 1627 344 rrsunnuu.
2452 274 2578 340 187

243 462 585 548 probandum
648 467 937 547 putasse,
1003 462 1167 526 mihi
1229 481 1408 526 secus
1469 460 1756 541 videtur-3
1813 460 2091 527 latinum
2140 468 2237 528 est
2289 463 2579 541 ‚,vivere,

241 567 410 633 facere
443 568 676 654 aliquid
728 570 992 636 arbitrio
1041 567 1228 634 meo”
1266 568 1377 634 sed
1410 588 1510 634 res
1535 573 1631 633 est
1661 568 1952 646 „arbitrii
1976 568 2169 635 mei”.
2200 607 2281 617 —
2311 565 2585 652 Carmen

242 671 274 737 9
307 672 470 758 (βείω
505 676 680 763 iter')
727 680 822 741 est
869 681 1123 761 poetae,
1176 677 1310 742 sive
1357 673 1603 740 Tibulli
1652 677 1788 742 sive
1828 675 2028 753 alius,
2077 676 2157 743 ad
2204 672 2583 742 Corinthum

239 781 300 846 de
355 782 444 847 die
497 783 699 849 natali
760 781 1116 869 Sulpiciam
1169 785 1220 848 si
1245 775 1423 876 ‘haec
1471 781 1791 868 Sulpiciae
1838 784 1962 868 ipsi
2010 782 2329 848 adscribas
2348 832 2366 868 ,
2413 785 2583 850 into·

235 885 474 954 lerabilis
519 891 918 977 arrogantiae
965 894 1115 954 sunt
1159 891 1430 954 extremi
1479 906 1734 955 versus:

659 996 956 1062 omnibns
1003 994 1117 1061 ille
1165 995 1298 1060 dies
1346 996 1529 1061 nobis
1574 994 1808 1061 natalis
1854 1003 2085 1083 agatur
2102 1042 2119 1074 ‚

742 1103 854 1186 qni
901 1103 1299 1188 necopinanti
1347 1123 1514 1168 nunc
1561 1102 1683 1170 tibi
1728 1102 1889 1170 forte
1934 1103 2129 1168 venit.

233 1203 418 1292 ltaque
462 1229 522 1274 v.
574 1205 618 1272 2
657 1207 1062 1275 scribendum
1102 1229 1208 1272 mo
1253 1205 1528 1296 (puellae
1567 1206 1721 1274 licet
1757 1228 1875 1275 suo
1913 1206 2112 1274 natali
2135 1206 2379 1274 Romae
2399 1209 2579 1294 esse).

303 1388 381 1454 M.
426 1389 764 1458 Decembri
817 1389 1012 1456 1884.
1765 1387 1833 1456 Ο.
1885 1389 1981 1456 M.
2031 1389 2400 1503 Qucum.

1227 1746 1518 1758 -———

909 2025 1000 2111 An
1045 2063 1257 2112 mom
1300 2033 1536 2111 Am'ur„
1585 2061 1699 2110 111.
1749 2042 1853 2110 38.

297 2247 584 2317 Mauo&
643 2249 730 2317 N.
787 2248 854 2315 S.
919 2247 1080 2316 XII.
1142 2270 1204 2335 p.
1269 2245 1438 2326 225,
1499 2247 1717 2316 locum
1776 2237 2147 2334 corruptum
2206 2239 2283 2312 'ao
2344 2247 2412 2312 m·
2453 2248 2576 2343 pito

227 2355 426 2420 nuntiis
481 2379 556 2420 σω
614 2357 879 2421 castelli-5
925 2359 1220 2442 proximis
1279 2360 1619 2420 subventum
1667 2355 1839 2442 foret
1898 2359 2197 2439 copiarum
2250 2354 2573 2432 obsidioni,

227 2461 590 2527 occubuissent
651 2460 988 2529 emendare
1045 2459 1292 2529 tentavi
1352 2460 1682 2527 inserendo
1728 2461 1927 2527 onmia
1968 2462 2134 2527 inter
2176 2460 2465 2545 proximis
2512 2464 2577 2525 et

228 2568 554 2633 obveniunt.
623 2567 879 2633 Monuit
924 2589 1029 2632 me
1075 2588 1276 2653 nuper
1321 2588 1384 2634 v.
1434 2567 1496 2632 d.
1551 2567 1950 2633 Bnuzmm*
1968 2614 1985 2646 ,
2036 2565 2377 2657 Gymnasii
2422 2565 2576 2631 Sne-

227 2674 341 2736 mni
391 2684 709 2740 conrector
724 2723 742 2758 ‚
790 2694 900 2759 per
945 2672 1283 2759 epistolam
1331 2674 1797 2740 humanissime
1840 2675 2144 2759 scriptam
2164 2720 2182 2750 ,
2232 2692 2461 2740 nomen
2505 2674 2576 2736 in

229 2778 298 2824 '—
335 2782 388 2843 ὄσ
427 2783 642 2847 exiens
659 2831 678 2854 ‚
727 2786 948 2865 quater
992 2782 1338 2865 repetitum
1360 2828 1376 2857 ‚
1423 2768 1576 2865 quia
1614 2800 1797 2846 aures
1832 2800 1959 2845 non
1996 2779 2229 2847 leviter
2266 2777 2539 2845 offendat
2556 2826 2575 2862 ,

229 2876 412 2951 Tacito
469 2889 740 2951 minime
799 2886 1266 2953 obtrudendum
1330 2906 1485 2953 esse.
1570 2886 1745 2953 Vera
1803 2908 1937 2953 esse
1990 2905 2151 2972 quae
2194 2887 2429 2953 obiecit
2474 2887 2577 2952 vir

228 2983 596 3057 doctissimus
657 2991 843 3058 facile
890 3012 1181 3080 agnosco.
1253 2990 1436 3068 Quod
1481 3000 1697 3059 tamen
1712 3041 1727 3072 ‚
1783 2992 2147 3059 dubitanter
2195 3012 2343 3058 sane
2360 3038 2377 3069 ‚
2426 3011 2575 3059 con-

226 3092 348 3160 iecit
385 3100 648 3177 nuntiis,
695 3104 1027 3185 tamquam
1075 3099 1577 3187 dittographiam
1618 3100 2129 3185 praecedentium
2167 3121 2277 3166 vv.
2316 3099 2386 3163 ni
2424 3104 2537 3164 cito
2558 3145 2575 3177 ,

227 3204 680 3290 expungendum
729 3223 864 3271 esse
907 3224 1033 3270 non
1079 3206 1291 3294 magis
1337 3206 1502 3272 mihi
1548 3204 1759 3291 placet
1802 3226 1995 3292 quam
2042 3207 2209 3291 quod
2254 3207 2390 3291 ipse
2427 3225 2575 3291 pro-

227 3304 348 3371 tuli.
427 3310 830 3377 Probabilius
889 3312 1186 3378 existimo
1247 3311 1542 3378 Tacitum
1608 3314 1933 3398 scripsisse
2002 3336 2075 3377 ao
2137 3318 2207 3376 m·
2276 3316 2437 3377 ocius
2504 3333 2579 3375 σω

227 3415 455 3478 ωειεῑιὺ
487 3417 782 3499 proximis
826 3442 874 3484 ε.
913 3418 980 3505 f.
1035 3456 1114 3468 -
1161 3417 1291 3485 Vv.
1341 3425 1409 3483 ni
1453 3420 1605 3497 cito,
1653 3427 1984 3505 tamquam
2032 3418 2389 3507 glossema,
2440 3436 2575 3483 ma-

229 3516 455 3601 gistello
493 3529 680 3588 erunt
721 3522 1056 3590 reddenda.
1103 3523 1200 3591 Ex
1241 3508 1284 3593 ὖ
1324 3526 1486 3591 ocius
1525 3524 1701 3593 facili
1740 3528 1997 3611 negotio
2036 3530 2254 3609 πῦοόἰο,
2298 3523 2541 3589 nunciis
2555 3570 2572 3602 ,

229 3624 430 3690 nuntiis
472 3630 618 3694 oriri
660 3632 890 3715 potuit.

2101 3736 2163 3803 J.
2208 3735 2269 3803 J.
2320 3732 2394 3803 Ο.
