3150 5000
520 188 607 259 '74
1578 206 1819 261 mosao.

512 372 699 441 Alias
744 376 1187 455 correctiones,
1236 395 1470 462 paucas
1516 396 1765 463 quoque
1782 424 1801 461 ‚
1857 378 2176 444 inveneris
2223 378 2358 443 sive
2405 376 2484 441 ab
2533 375 2653 441 hoc
2698 372 2904 440 libra-

510 482 608 547 rio
628 484 649 557 ,’
706 484 837 547 sive
899 483 977 548 ab
1044 484 1177 549 eius
1238 481 1559 550 decessore
1620 484 1836 549 factas.
1909 482 2306 551 Huiusmodi
2365 487 2461 549 est
2505 482 2561 548 Ι.
2612 478 2696 548 4’7
2715 530 2736 561 ,
2791 479 2906 547 ubi

509 608 679 653 nunc
739 593 909 653 recte
968 589 1300 655 scribitur:
1371 591 1475 672 „in
1538 588 1740 656 libero
1803 595 2020 655 autem
2081 588 2318 675 populo
2383 594 2458 655 ut
2521 588 2763 665 Rhodi,
2834 592 2911 652 ut

512 694 761 759 Athenio
804 714 993 761 nemo
1041 700 1139 759 est
1186 694 1496 761 civium”.
1568 694 1694 761 Sed
1744 692 1795 761 G
1842 695 2067 761 habet:
2123 700 2239 773 „ut
2284 693 2522 760 Rhodii
2567 700 2646 759 ut
2691 692 2910 759 Athe-

510 799 811 867 nienses”.
844 829 853 840 ·
881 799 1211 867 Nimirum
1269 803 1516 868 invenit
1578 800 1810 867 Rhodii
1869 822 1906 868 e
1971 799 2143 868 mala
2207 803 2590 868 correctione
2635 805 2910 883 natum3

511 904 663 971 huic
723 907 1229 974 accommodavit
1289 906 1562 973 alterum
1627 912 1694 973 et
1754 907 2006 973 Athenis
2052 910 2119 972 in
2170 907 2552 974 Athenienses
2593 905 2908 971 mutavit.

510 1008 737 1077 Altera
784 1033 1009 1078 manus
1055 1013 1291 1078 vitium
1338 1032 1415 1078 ex
1460 1020 1640 1099 parte
1687 1014 1972 1080 sustulit.
2037 1012 2226 1080 Falsa
2249 1014 2572 1091 ,correctio
2617 1016 2716 1078 est
2763 1030 2910 1076 ma-

511 1138 633 1183 nus
678 1117 941 1201 alterius
988 1119 1328 1197 „imitemur
1371 1139 1524 1208 ergo
1569 1120 1886 1186 Aratum”
1939 1140 2052 1206 pro
2113 1119 2520 1199 „imitabor'’,
2571 1119 2629 1187 Ι.
2679 1116 2804 1197 56;
2857 1115 2910 1181 L

516 1221 602 1289 52
650 1220 701 1289 O
746 1226 999 1311 scripsit
1062 1226 1270 1302 „inter
1323 1223 1698 1291 firmitatem
1759 1226 2013 1311 unius”,
2081 1231 2258 1292 ratus
2321 1228 2386 1290 in
2435 1246 2585 1293 vera
2627 1224 2914 1290 lectione

515 1331 723 1409 „inter
764 1329 1241 1397 infirmitatem”
1283 1334 1553 1417 repetito
1601 1338 1665 1395 in
1711 1339 2016 1417 erratum⁴
2043 1353 2178 1397 esse
2195 1380 2212 1411 ‚
2265 1350 2532 1417 eamque
2573 1332 2910 1396 correctio·

512 1458 661 1503 nem
706 1457 969 1523 pravam
1019 1436 1081 1504 c¹
1128 1437 1405 1521 reliquit.
1480 1436 1678 1525 Saepe
1735 1444 1950 1505 autem
1999 1436 2208 1505 deleta
2251 1444 2366 1504 aut
2413 1437 2630 1503 addita
2675 1454 2720 1501 n
2765 1438 2907 1500 sin-

512 1542 759 1632 gularis
817 1548 881 1609 et
941 1543 1211 1629 pluralis
1260 1546 1431 1610 vices
1492 1565 1640 1610 suas
1702 1551 2230 1631 permutaverunt
2247 1565 2264 1623 3
2331 1544 2407 1609 cf.
2458 1543 2510 1608 1.
2564 1540 2648 1607 16
2697 1542 2914 1625 dispu-

514 1658 672 1729 tent,
723 1649 807 1715 18
854 1658 1036 1729 esset,
1080 1649 1166 1716 30
1206 1657 1364 1729 erat,
1416 1649 1503 1714 48
1550 1652 1877 1729 extitisset,
1929 1652 2008 1716 11.
2055 1652 2096 1716 4
2137 1650 2463 1733 incolebat,
2497 1646 2535 1715 ¹7
2566 1649 2758 1735 (ullae
2784 1646 2906 1733 ree)

322 1780 349 1815 ο
502 1765 923 1843 perverterunt
969 1777 1082 1842 pro
1127 1756 1417 1839 pervertit
1466 1758 1800 1823 audaciore
1846 1760 2229 1824 correctione
2245 1804 2261 1836 ‚
2333 1754 2419 1820 62
2467 1763 2633 1821 esset.
2691 1754 2913 1819 Pauca

514 1860 670 1928 haec
715 1868 898 1940 sunt,
946 1865 1004 1927 si
1048 1863 1448 1929 conferantur
1492 1882 1643 1929 cum
1690 1864 2148 1930 recentioribus
2192 1862 2397 1929 libris.

607 1965 881 2034 Omnino
942 1967 1271 2034 fatendum
1332 1974 1428 2034 est
1447 2015 1464 2045 ,
1528 1969 2053 2055 depravationum
2123 1989 2360 2057 genera
2410 1970 2477 2033 in
2524 1966 2645 2032 hoc
2690 1966 2912 2033 codice

516 2094 643 2141 non
700 2073 831 2141 late
888 2077 1223 2160 serpsisse3
1269 2095 1395 2140 non
1442 2082 1593 2140 sunt
1643 2075 1850 2142 multa
1901 2097 1977 2141 ex
2027 2075 2454 2146 similitudine
2499 2072 2904 2147 litterarum,

514 2200 641 2246 non
688 2180 896 2246 multa
940 2201 975 2246 e
1020 2183 1357 2265 postremis
1394 2180 1850 2247 vocabulorum
1891 2184 2389 2268 propinquorum
2430 2178 2699 2266 syllabis
2738 2180 2912 2243 inter

517 2306 585 2352 se
630 2284 1001 2351 assimilatis
1046 2286 1439 2371 depravata„
1469 2307 1671 2372 pauca
1717 2288 2050 2354 oscitantia
2094 2278 2338 2352 librarii
2385 2284 2709 2353 vocabulis
2755 2304 2903 2369 per-

518 2393 789 2458 mutatis
836 2393 1140 2477 (voluntas
1158 2438 1175 2469 ,
1222 2394 1491 2475 voluptas
1537 2391 1586 2457 I.
1639 2391 1714 2470 3,
1765 2417 1936 2475 quam
1985 2402 2267 2479 quantum
2315 2390 2403 2459 28
2421 2440 2440 2470 ,
2480 2392 2672 2472 iqitur
2708 2389 2910 2475 inquit

520 2497 608 2564 60
626 2546 643 2577 ,
707 2506 935 2565 tractus
994 2506 1285 2564 tractatus
1347 2498 1429 2565 Π.
1495 2500 1614 2586 ll,
1678 2501 1968 2585 inperitus
2030 2503 2366 2584 inpeditus
2412 2498 2486 2564 V.
2541 2498 2610 2586 5)
2631 2545 2647 2575 ,
2713 2496 2908 2583 paulo

518 2603 704 2692 plura
762 2625 1053 2691 perverso
1102 2605 1321 2672 ordine
1384 2605 1746 2672 litterarum
1803 2615 1867 2672 et
1922 2608 2260 2673 verborum
2307 2613 2619 2692 corrupta.
2691 2607 2906 2690 Atque

519 2710 640 2777 hoc
683 2719 1079 2796 protremum
1127 2733 1331 2799 genus
1378 2715 1784 2798 potissimum
1834 2716 1901 2779 in
1946 2732 2024 2779 as
2069 2712 2362 2799 publica,
2420 2711 2664 2797 reliqua
2708 2714 2776 2777 in
2825 2713 2908 2775 iis

520 2837 769 2906 quoque
816 2816 1245 2904 palimpsestis
1291 2819 1876 2905 deprehenduntur,
1918 2821 1995 2885 de
2035 2822 2268 2905 quibus
2304 2839 2496 2904 snpra
2519 2820 2904 2903 expositum.

611 2923 837 2990 Restat
896 2927 1380 3010 antiquissimus
1440 2926 1892 3013 palimpsestus
1941 2924 2384 3010 verrinarum,
2439 2924 2514 2989 de
2554 2943 2679 3009 quo
2725 2929 2906 3008 post,

426 3075 436 3082 -
522 3031 577 3096 si
639 3032 847 3094 otium
905 3031 1062 3108 erit,
1110 3051 1456 3116 exponam;
1504 3034 1727 3116 utique
1774 3034 2012 3117 paucis.
2086 3031 2252 3097 Nam
2303 3031 2380 3096 de
2429 3049 2501 3096 so
2547 3031 2794 3114 copiose
2845 3033 2908 3094 et

524 3134 865 3223 diligenter
925 3135 1090 3200 dixit
1135 3135 1247 3202 Dr.
1295 3135 1536 3202 Meusel
1589 3136 1666 3202 de
1713 3135 2032 3204 Ciceronis
2081 3136 2490 3202 Veri-inarum
2537 3135 2868 3200 codicibus
2888 3179 2904 3211 ‚

524 3240 721 3309 schol.
769 3247 1241 3328 programmate
1285 3240 1676 3308 Berolinensi
1720 3262 1778 3310 a.
1831 3241 2026 3308 1876.

1973 3518 2045 3590 Ο.
2093 3520 2187 3590 Μ.
2235 3518 2727 3588 FRANCKEN.
