3150 5000
1215 309 1615 360 maonowus.
2519 295 2601 361 41

325 471 428 539 VI.
482 473 608 540 119
655 473 761 541 καὶ
809 476 942 557 γὰρ
987 473 1325 558 ἄσφαλτον
1360 474 1464 540 καὶ
1507 473 1675 548 ἅλας
1714 477 1818 542 καὶ
1860 475 2064 543 ἔλαιον
2100 477 2604 558 ἀρύσσονται

240 577 303 655 ἐξ
355 583 542 646 αὑτοῦ
609 584 719 670 (so.
783 588 892 647 τοῦ
952 579 1250 668 φρέατος)
1298 580 1498 664 τρόπῳ
1545 581 1750 664 τοιῷδε
1778 603 1793 621 ·
1846 583 2295 650 οὶντλέεται
2344 584 2457 663 μὲν
2506 608 2611 660 κη·-

239 688 450 768 λωνηίῳ
499 689 631 754 κτὲ.
703 687 908 755 Solito
955 689 1170 754 minus
1217 688 1374 754 felix
1418 689 1544 754 fuit
1590 685 1869 756 Cobetus
1914 689 2165 757 Mnem.
2202 689 2333 756 XII
2366 711 2427 776 p.
2476 690 2607 755 168

239 796 536 861 coniciens
583 797 613 860 ὅ
630 819 660 876 ρ
679 795 712 861 ύ
733 819 772 860 σ
791 820 1074 864 σονται
1090 843 1108 874 ,
1155 817 1307 862 nam
1354 815 1558 880 neque
1606 818 1641 862 e
1686 801 1879 882 puteo
1924 798 2275 883 quidquam
2318 797 2612 865 effoditur

237 901 479 986 (puteus
525 905 664 988 ipse
708 902 1014 989 foditur),
1061 923 1268 988 neque
1311 923 1438 968 non
1485 907 1744 988 apparet
1792 925 1827 969 e
1868 906 2155 989 sequenti
2176 903 2614 991 ‘descriptione

239 1005 306 1070 de
365 1009 694 1073 hauriendo
741 1029 1093 1076 sermonem
1143 1010 1356 1076 fuisse.
1429 1007 1667 1075 Omnes
1714 1015 1931 1075 autem
1980 1013 2269 1076 veritatis
2314 1031 2613 1078 numeros

237 1115 412 1182 habet
473 1114 790 1182 Diudorffi
851 1115 1212 1182 emendatio
1270 1117 1387 1197 ἀφ
1409 1115 1813 1181 ύσσονται.
1894 1115 2316 1202 supernatare
2362 1115 2612 1205 asphal-

240 1226 367 1286 tum
412 1226 478 1289 et
523 1221 743 1288 oleum
789 1228 1015 1288 notum
1063 1227 1178 1288 est.

317 1435 424 1504 VI.
482 1435 639 1503 134.
705 1437 813 1508 Ἐς
861 1436 974 1514 μὲν
1020 1437 1092 1512 331
1141 1440 1393 1502 τοσοῦτο
1439 1441 1546 1502 τοῦ
1594 1435 1785 1514 λόγου
1832 1438 1883 1501 οἱ
1930 1435 2164 1508 πάντες
2188 1434 2490 1511 Ἕλληνες
2518 1435 2617 1502 λέ-

239 1567 436 1621 γουσι,
489 1545 564 1608 τὸ
617 1542 668 1607 δ’
717 1542 988 1608 ἐντεῦθεν
1039 1542 1102 1609 δὲ
1150 1543 1328 1609 αὐτοὶ
1380 1541 1593 1625 Πάριοι
1641 1543 1927 1622 γενέσθαι
1974 1540 2083 1610 ὦδε
2139 1543 2470 1632 [λέγουσι]
2519 1542 2618 1609 Ne

239 1651 382 1717 forte
441 1655 594 1738 post
654 1648 888 1722 πάντες
935 1654 1121 1734 putes
1169 1650 1476 1717 excidisse
1519 1650 1730 1716 ταῦτα
1779 1651 1858 1716 cf.
1907 1649 1975 1716 H
2032 1648 2158 1715 142
2203 1651 2344 1715 init.
2416 1648 2617 1717 Aliud

237 1757 402 1822 scioli
442 1755 968 1843 supplementum
1011 1776 1507 1823 commemorare
1545 1757 1801 1845 neglexi
1843 1778 2033 1843 supra
2071 1778 2205 1843 cap.
2240 1757 2405 1822 125:
2446 1755 2616 1830 ἐνδὺς

239 1865 438 1930 κιθῶνα
487 1865 704 1942 μέγαν
748 1864 852 1928 καὶ
895 1863 1120 1928 κόλπον
1160 1863 1390 1928 πολλὸν
1431 1862 1931 1942 καταλιπόμενος
1977 1865 2116 1948 [τοῦ
2161 1863 2445 1949 κιθῶνος]
2492 1861 2616 1930 Sed

239 1969 460 2035 talibus
511 1971 774 2056 ineptiis
821 1969 901 2036 ad
950 1969 1121 2036 hunc
1167 1990 1366 2054 usque
1414 1970 1586 2035 diem
1629 1975 1870 2036 scatent
1926 1972 2234 2037 editiones
2284 1969 2615 2037 Herodoti.

319 2181 422 2250 VI.
489 2180 625 2248 134
693 2181 1086 2262 ὑπερθορόντα
1133 2181 1197 2248 δὲ
1244 2181 1394 2248 ἰέναι
1445 2183 1546 2247 ἐπὶ
1600 2183 1667 2248 τὸ
1717 2182 1992 2264 μέγαρον
2042 2184 2239 2268 [ὁτιδὴ
2288 2183 2618 2258 ποιήσοντα

242 2288 416 2376 ἐντός]
444 2338 461 2369 ,
527 2287 658 2354 εἴτε
720 2287 1042 2362 κινήσοντά.
1103 2313 1164 2354 τι
1226 2296 1344 2354 τῶν
1407 2289 1707 2366 ἀκινήτων
1752 2289 1879 2356 εἴτε
1926 2290 2244 2363 ὁτιδήποτε
2292 2286 2620 2370 πρήξοντα.

241 2393 534 2463 Deleatur
578 2399 796 2483 inepta
843 2394 1292 2482 dittographia.

319 2608 433 2677 VI.
488 2610 623 2676 135
670 2610 758 2675 τὰ
804 2610 866 2683 ἒς
915 2610 1130 2690 ἔρσενα
1177 2609 1416 2690 γόνον
1453 2610 1689 2693 ἄρρητα
1730 2611 1831 2690 ἱρὰ
1871 2612 2235 2693 ἐκφήνασαν
2273 2607 2614 2691 Μιλτιάδῃ.

245 2715 430 2783 Valde
496 2717 664 2783 mihi
727 2721 1098 2802 suspectum
1145 2722 1242 2783 est
1286 2715 1462 2795 γόνον
1478 2765 1494 2796 ,
1543 2720 1696 2804 quia
1743 2715 2005 2786 Graecis
2050 2740 2224 2783 eea-ue
2266 2736 2395 2782 non
2440 2714 2615 2795 γόνος

243 2823 441 2899 audit,
507 2822 619 2889 sed
682 2821 916 2901 γένος
939 2869 957 2902 ,
1021 2830 1088 2888 et
1152 2822 1328 2901 ἔρσην
1390 2823 1567 2902 γόνος
1629 2823 1955 2890 Herodoto
2001 2845 2136 2890 esse
2182 2823 2345 2890 solet
2390 2824 2618 2887 achotes

245 2934 486 2994 meula
551 2935 622 2995 et
677 2930 974 3014 usurpari
1034 2930 1104 2993 in
1167 2930 1444 2995 formula
1507 2927 1706 3003 ἄπαις
1769 2928 1997 3010 ἔρσενος
2058 2929 2263 3009 γόνου.
2358 2928 2619 3015 Optime

245 3033 486 3101 haberet
532 3036 618 3101 τὰ
667 3036 729 3106 ἐς
778 3032 1074 3114 ἔρσενα
1119 3036 1210 3121 (v.
1259 3035 1533 3124 ἔρσενας)
1579 3035 1813 3117 ἄρρητα
1854 3035 1977 3118 ἱροὶ.

326 3248 436 3315 VI.
483 3247 614 3316 137
657 3249 864 3314 ἐπείτε
907 3248 1036 3329 γὰρ
1075 3247 1222 3313 ἰδεῖν
1259 3249 1399 3324 τοὺς
1442 3250 1791 3325 Ἀθηναίους
1830 3254 1941 3323 τὴν
1980 3249 2213 3331 χώρην,
2261 3251 2395 3325 τήν
2435 3248 2619 3330 σφί-

245 3376 313 3417 σι
368 3356 700 3421 αὐτοῖσι
767 3355 883 3419 ὑπὸ
936 3356 1040 3421 τὸν
1101 3352 1414 3433 ’Ὑμησσὸν
1461 3357 1677 3421 ἐοῦσαν
1742 3354 1953 3421 ἔδοσαν
1999 3358 2241 3435 οἰκῆσαι
2290 3357 2619 3443 (ἐνοικῆσαι

247 3458 474 3547 Naber)
523 3500 606 3511 --
661 3460 1119 3540 ἐξεργασμένην
1166 3457 1233 3527 εὖ
1283 3499 1348 3509 -
1399 3463 1629 3540 λαβεῖν
1674 3462 1891 3545 φθόνον
1936 3464 2067 3529 κτὲ.
2140 3463 2289 3529 Non
2328 3464 2483 3529 satis
2523 3467 2620 3527 est

249 3584 380 3630 cum
437 3564 770 3633 Dindorflo
828 3565 1036 3633 delere
1099 3568 1337 3632 αὐτοῖσι
1362 3616 1378 3645 ,
1442 3568 1553 3634 sed
1619 3589 1765 3634 cum
1814 3588 2162 3655 pronomen
2206 3572 2448 3652 spectet
2492 3587 2617 3633 non

249 3672 404 3757 ipsos
460 3673 880 3739 Athenienses
897 3720 915 3757 ,
979 3671 1087 3739 sed
1151 3670 1454 3761 Pelasgos
1472 3723 1490 3757 ,
1547 3675 1886 3740 manifesto
1934 3675 2085 3741 ferri
2128 3675 2355 3759 nequit
2397 3693 2621 3757 prono-

249 3798 382 3843 men
439 3779 854 3864 reflexivum,
918 3787 984 3846 et
1039 3779 1469 3865 reponendum
1518 3780 1655 3854 τήν
1706 3787 1850 3862 σφι
1904 3779 2019 3845 ὑπὸ
2068 3782 2199 3845 κτὲ.
2254 3778 2462 3844 deleto
2508 3784 2622 3844 aut

249 3888 624 3967 pronominis
671 3884 1018 3971 personalis
1066 3884 1449 3973 glossemate
1494 3887 1764 3959 αὐτοῖσι,
1807 3891 1919 3952 aut
1955 3887 2123 3972 quod
2159 3885 2350 3975 longe
2388 3885 2618 3952 malim

251 3994 379 4066 τήν
432 4004 578 4075 σφι
640 3991 871 4056 αὐτοὶ
927 4028 1008 4041 -—
1060 3990 1292 4058 ἔδοσαν.
1364 3992 1450 4057 Et
1516 3993 1698 4059 αὐτοί
1741 3995 1875 4058 iam
1920 3996 2247 4080 proposuit
2292 3992 2616 4057 Reiskius.

331 4202 444 4271 VI.
495 4204 656 4283 138,
709 4204 770 4271 3.
818 4204 1139 4278 Μαθόντες
1182 4205 1246 4270 δὲ
1285 4210 1501 4271 ταῦτα
1542 4207 1595 4271 οἱ
1642 4206 1960 4285 Πελασγοὶ
2004 4208 2270 4273 ἑαυτοῖσι
2321 4204 2616 4282 λόγους

257 4308 529 4377 laevem.
601 4312 907 4378 Perrarus
978 4317 1073 4377 est
1145 4316 1210 4377 et
1277 4314 1487 4377 nescio
1563 4333 1643 4378 sn
1703 4314 1974 4379 vitiosus
2034 4316 2101 4378 in
2161 4314 2283 4379 hac
2344 4310 2620 4377 formula

257 4434 538 4484 numerus
589 4416 864 4505 pluralis
919 4439 1032 4505 pro
1095 4417 1408 4506 singulari
1471 4417 1659 4498 λόγον
1679 4466 1697 4497 ,
1762 4422 1873 4504 qui
1934 4424 2193 4507 apparet
2252 4418 2283 4485 I
2346 4418 2449 4485 33.
2503 4415 2610 4483 97.
