3150 5000
583 270 720 338 408
1610 288 1930 339 nonnus.

575 464 652 521 ut
711 477 836 521 non
889 458 1110 521 mirari
1157 458 1267 521 vix
1312 458 1515 541 possis
1532 503 1548 532 ,
1600 456 1753 521 talia
1800 476 1948 521 cum
1996 457 2443 534 recitarentur,
2490 456 2645 520 totis
2692 455 2937 520 theatris

575 564 768 629 fuisse
815 566 1136 629 neminem
1185 564 1296 649 qui
1336 562 1783 628 soloecismum
1824 562 2221 649 exploderet‚
2268 568 2333 629 et
2372 564 2596 627 auritis
2618 562 2942 627 Athenien-

573 670 752 735 sibus
811 672 1077 758 gravius
1143 672 1476 755 peccatum
1541 670 1756 734 visum
1806 668 1999 735 fuisse
2046 672 2101 734 si
2151 670 2525 735 histrionem
2572 670 2639 733 in
2686 667 2942 733 vocabu-

572 775 782 842 lorum
830 777 1277 843 commissione
1324 774 1589 860 spiritus
1637 772 1963 860 deficeret,
2002 780 2077 840 ut
2102 775 2458 863 Hegelochi
2503 773 2648 840 felis
2690 778 2945 839 testatur
3079 806 3080 821 i

572 882 996 960 immortalis,
1061 902 1253 968 quam
1315 883 1370 945 si
1431 903 1558 945 eum
1619 881 1855 949 diceret
1902 902 2049 947 cum
2098 905 2193 946 eos
2239 880 2345 947 vel
2392 904 2491 947 eas
2535 885 2699 948 esset
2745 880 2944 944 dicen-

573 990 750 1056 dum.
801 988 995 1055 Modo
1041 991 1211 1054 enim
1261 1010 1345 1053 νιν
1391 985 1747 1074 significare
1795 989 1982 1054 debet
2030 987 2199 1053 αὐτ-οξ
2249 986 2467 1074 (Soph.
2511 986 2743 1053 Electr.
2786 982 2944 1065 436,

575 1095 771 1181 624),
819 1096 1010 1162 modo
1059 1093 1225 1161 αὐτώ
1274 1092 1453 1179 (Eur.
1501 1092 1677 1159 Med.
1734 1093 1969 1181 1312),
2021 1094 2209 1160 modo
2248 1095 2469 1166 αὐτούς
2511 1092 2944 1179 (Eur.Phoen.

576 1200 790 1280 1168,
861 1200 1088 1287 Suppl.
1164 1197 1332 1277 758,
1406 1196 1570 1277 762,
1649 1199 1856 1278 1140,
1933 1200 2195 1267 Hercul.
2260 1200 2379 1266 sur.
2450 1196 2661 1277 1182,
2724 1195 2944 1265 Helen.

576 1309 790 1393 1541,
853 1308 997 1394 Iph.
1060 1304 1251 1373 Taur.
1315 1304 1485 1392 256,
1551 1304 1720 1384 330,
1780 1304 1948 1383 334,
2003 1306 2235 1393 1191),
2286 1307 2474 1373 modo
2523 1306 2726 1376 aziz-dc
2772 1304 2941 1391 (Eur.
3081 1332 3082 1389 3

571 1416 800 1483 Bacch.
849 1414 1032 1502 813).

663 1521 994 1589 Contrario
1041 1522 1201 1588 vitio
1227 1518 1280 1607 ¹)
1330 1526 1482 1601 σφιν
1529 1525 1595 1586 et
1633 1520 1924 1602 σφέτερος
1962 1521 2037 1585 de
2074 1544 2192 1585 uno
2214 1520 2445 1586 homine
2466 1520 2753 1585 adhibita
2774 1522 2942 1583 inve-

569 1630 708 1695 nire
766 1628 919 1695 licet
980 1627 1148 1713 apud
1201 1626 1591 1709 Pindarum,
1639 1648 1692 1693 e.
1718 1648 1785 1715 g.
1836 1625 2097 1714 Olymp.
2151 1627 2270 1713 13,
2319 1625 2426 1693 86.
2498 1626 2711 1693 Semel
2754 1628 2939 1691 etiam

569 1738 636 1801 in
683 1734 1046 1814 Hesiodeis,
1096 1732 1265 1817 quod
1307 1734 1560 1799 mireris
1579 1780 1597 1810 ‚
1643 1732 1883 1822 legitur
1928 1733 2221 1815 σφέτερος
2269 1733 2349 1800 ad
2398 1756 2579 1797 unum
2622 1734 2933 1799 hominem

568 1840 964 1907 referendum
1031 1839 1246 1925 (sensu
1291 1861 1436 1903 sum
1483 1839 1702 1924 ipsius)
1721 1890 1739 1924 ,
1803 1860 2032 1927 nempe
2092 1843 2160 1905 in
2221 1838 2415 1906 Scuto
2476 1838 2665 1905 Herc.
2717 1836 2823 1914 9ος
2872 1842 2931 1901 et

567 1950 856 2033 saepius,
902 1945 1068 2031 quod
1117 1944 1323 2012 multo
1371 1946 1588 2010 minus
1627 1945 1953 2023 mirabile,
2000 1945 2183 2032 apud.
2210 1945 2702 2030 Alexandrinos,
2726 1961 2933 2027 nempe

575 2055 996 2119 Gammae-hum
1043 2052 1288 2139 Hymn.
1339 2050 1526 2116 Dian.
1575 2049 1745 2129 229,
1798 2054 1997 2137 Apoll.
2050 2053 2245 2117 Rhod.
2282 2052 2357 2117 ἸΙ
2398 2049 2608 2128 1041,
2656 2050 2763 2115 ΠΙ
2788 2046 2939 2123 622,

569 2161 737 2239 643,
788 2157 954 2234 817,
1007 2156 1092 2224 IV
1125 2156 1333 2236 1493;
1387 2158 1679 2223 Theocrit.
1734 2156 1853 2235 12,
1908 2157 1986 2237 4;
2030 2157 2154 2243 22,
2198 2157 2365 2238 2093
2408 2156 2531 2235 24,
2560 2156 2679 2235 59;
2723 2154 2941 2222 Mueck.

566 2267 646 2353 2,
696 2266 817 2351 26,
873 2263 1039 2347 159;
1089 2264 1164 2341 4,
1219 2263 1341 2348 12,
1389 2262 1508 2337 21,
1566 2263 1672 2329 53.
1747 2264 1915 2345 Quin
1977 2266 2169 2331 etiam
2229 2276 2368 2330 tuus
2412 2262 2737 2330 misellum
2786 2260 2941 2327 illud

566 2374 857 2457 σφέτερος
905 2369 1264 2459 significare
1310 2370 1497 2435 debet
1537 2370 1859 2437 Theocrit.
1899 2368 2017 2449 22,
2051 2370 2166 2448 67,
2200 2378 2264 2437 et
2289 2379 2475 2437 vester
2501 2368 2713 2456 Apoll.
2742 2366 2939 2434 Rhod.

455 2486 462 2503 ¹
563 2481 664 2548 lv
715 2477 925 2557 1327;
989 2478 1206 2564 quidni
1271 2479 1467 2544 etiam
1532 2478 1611 2544 de
1666 2479 1868 2563 prima
1935 2498 2197 2565 persona
2262 2473 2676 2545 adhibeatur?
2748 2475 2943 2543 Sensu
3085 2504 3086 2580 i

562 2612 720 2654 meus
767 2594 1144 2673 usurpatum
1191 2588 1512 2652 invenitur
1559 2586 1795 2652 Theoer.
1836 2586 1955 2663 25,
2003 2585 2167 2664 163,
2211 2594 2277 2653 et
2310 2608 2494 2653 sensu
2535 2593 2730 2650 noster
2778 2583 2941 2670 apud
3084 2663 3086 2670 Ι

560 2696 940 2780 Apollonium
1003 2693 1200 2758 Rhod.
1251 2691 1347 2758 IV
1400 2690 1598 2757 1354.
1669 2692 1857 2759 Addo
1920 2693 2014 2765 ἑός
2080 2693 2157 2758 de
2202 2695 2461 2759 secunda
2508 2711 2775 2777 persona
2820 2689 2941 2756 dic·
3085 2685 3086 2694 ’

561 2808 705 2868 tum
752 2796 1274 2890 (igitur=·rsdae,·)
1323 2798 1493 2884 apud
1549 2799 1910 2863 Theocritum
1962 2799 2081 2877 10,
2133 2797 2210 2878 2;
2266 2797 2388 2884 17,
2439 2796 2560 2877 50;
2612 2797 2735 2876 22,
2795 2795 2941 2874 173,

559 2914 624 2974 et
683 2904 745 2980 ὅς
811 2907 888 2974 (18
937 2907 1140 2990 prima
1202 2924 1466 2990 persona
1532 2904 1635 2988 (=
1674 2905 1819 2984 ἐμός
1868 2911 1932 2972 et
1983 2905 2295 2993 ἡμέτερος)
2346 2906 2513 2992 apud
2561 2906 2943 2988 Apollonium

560 3014 861 3079 Rhodium
909 3011 995 3080 IV
1051 3009 1222 3076 1036
1272 3017 1337 3078 et
1384 3012 1652 3097 saepius.

648 3120 900 3185 Dixeris
963 3120 1095 3183 iam
1161 3119 1316 3184 satis
1365 3123 1579 3202 patere
1600 3167 1617 3202 ,
1671 3118 1837 3184 nihil
1885 3125 2019 3185 tam
2066 3120 2383 3186 soloecum
2432 3141 2563 3186 esse
2606 3122 2675 3185 in
2721 3141 2946 3210 prono-

557 3229 811 3290 minum
869 3246 1022 3298 usu,
1091 3227 1268 3309 quin·
1306 3244 1443 3289 sero
1506 3225 1641 3289 nati
1688 3227 2046 3291 imitatores
2097 3225 2231 3292 stili
2280 3229 2443 3312 epici
2489 3227 2557 3292 id
2600 3225 2945 3312 aliquando

555 3330 949 3396 admiserint.
1041 3329 1126 3395 Et
1207 3335 1422 3394 tamen
1503 3333 1801 3418 graviora
1882 3334 2077 3398 etiam
2150 3339 2406 3418 peccata
2473 3333 2734 3420 proferri
2806 3355 2947 3420 pos·

555 3443 704 3501 sunt
771 3457 964 3522 quam
1034 3440 1184 3501 sunt
1243 3455 1317 3501 ea
1384 3456 1546 3520 quae
1618 3437 2060 3503 indicavimus.
2130 3437 2395 3504 Prorsus
2458 3441 2625 3504 enim
2672 3439 2945 3507 mirifice

553 3541 770 3608 dativo
838 3543 890 3606 οἱ
963 3543 1198 3608 abusus
1269 3547 1364 3607 est
1433 3547 1619 3628 poeta
1689 3541 2110 3628 Orphicorum
2130 3565 2147 3623 ;
2235 3545 2388 3611 haec
2460 3543 2687 3612 vocula
2746 3547 2942 3614 modo

551 3649 667 3726 iis,
730 3649 918 3715 modo
979 3649 1148 3714 nobis
1211 3647 1382 3714 valet
1445 3649 1615 3734 apud
1679 3671 1863 3728 eum,
1926 3651 2119 3717 modo
2189 3654 2324 3717 sine
2392 3650 2526 3718 ullo
2589 3673 2778 3719 sensu
2826 3676 2939 3741 po-

550 3756 726 3818 nitur
811 3756 888 3820 ad
973 3756 1357 3841 explendum
1451 3762 1769 3841 metrum,
1865 3763 1939 3821 ut
2011 3757 2505 3846 diligentissime
2574 3765 2939 3845 expositum

549 3867 648 3924 est
709 3881 746 3926 a
805 3859 886 3927 G.
948 3861 1316 3928 Hermanno
1372 3859 1631 3948 Orphic.
1686 3883 1751 3948 p.
1803 3860 1934 3928 793
1982 3883 2111 3949 sqq.
2138 3913 2155 3946 ‚
2218 3866 2400 3931 cuius
2460 3866 2689 3932 scrinia
2732 3868 2939 3934 nolim

549 3966 848 4051 expilare.

640 4069 902 4138 Caetera
948 4094 1097 4139 vero
1143 4081 1372 4139 cuncta
1417 4081 1677 4160 superat
1714 4075 1948 4142 abusus
1990 4097 2113 4162 quo
2156 4077 2540 4143 vocabulum
2564 4078 2933 4160 σφωίτερος,

597 4341 673 4406 ,1)
686 4341 957 4474 2⁴lgersque
1007 4344 1100 4394 huc
1151 4344 1442 4410 pertinentia
1497 4345 1706 4396 indicata
1756 4347 1981 4398 habemus
2032 4350 2157 4414 apud
2210 4349 2435 4400 Wolfium
2485 4349 2535 4400 in
2578 4349 2938 4416 Prolegomenis

543 4437 652 4488 12⁸8·
788 4462 801 4473 ·
