3150 5000
587 252 722 318 246
901 219 906 230 ⁸
1233 326 1255 344 ,
1614 268 1949 320 innume

668 435 773 504 10.
841 431 947 507 16.
1019 432 1368 521 Postquam
1438 445 1765 502 narratum
1832 441 1929 502 est
1988 433 2438 502 Constantium
2504 433 2763 502 Traiani
2806 435 2944 501 Foro

572 549 904 629 conspecto
966 562 1223 632 omnem
1271 563 1451 626 spem
1503 543 1805 608 abiecisse
1850 541 2221 609 huiusmodi
2270 547 2613 629 quicquam
2664 543 2944 616 conandi,

574 650 685 730 sed
731 657 948 717 tamen
993 648 1250 715 Traiani
1297 670 1534 735 equum
1588 651 1657 713 in
1702 647 1915 714 medio
1957 653 2121 715 atrio
2154 648 2437 715 locatum
2466 671 2532 716 se
2554 652 2943 714 imitaturum

575 757 810 822 dixisse
829 805 846 835 ,
916 757 1070 822 hsec
1140 757 1434 841 deinceps
1494 753 1834 842 leguntur:
1904 758 2052 832 „cui
2104 756 2191 842 [i.
2219 777 2274 821 e.
2324 753 2729 839 Constantio]
2775 775 2947 840 prope

571 863 826 930 adstans
885 861 1122 950 regalis
1167 861 1512 927 Hormisds
1560 908 1577 925 .
1604 907 1621 924 .
1652 908 1669 925 .
1718 860 2042 946 respondit
2088 867 2276 926 astu
2332 861 2564 949 gentili
2616 868 2805 939 „ante
2852 908 2866 923 .
2894 905 2943 922 ..

571 970 918 1054 imperator
983 967 1311 1034 stabulum
1378 965 1508 1032 tale
1573 966 1759 1032 condi
1820 968 2069 1044 iubeto,
2134 969 2191 1032 si
2260 967 2473 1034 usles:
2522 987 2725 1052 equus
2772 987 2945 1051 quem
3079 1033 3080 1046 2

573 1075 880 1141 fabricare
949 1075 1264 1158 disponis,
1327 1075 1420 1137 ite
1483 1072 1613 1137 late
1660 1073 1956 1138 succedet
2000 1080 2075 1137 ut
2122 1073 2243 1138 iste
2289 1095 2481 1159 quem
2534 1073 2869 1139 uidemus’·
2894 1071 2947 1154 ”,
3079 1093 3080 1152 4

565 1179 619 1244 'i.
645 1201 700 1247 e.
748 1186 824 1245 tu
867 1182 1152 1265 primum
1204 1178 1439 1244 Forum
1487 1175 1785 1262 aedifica,
1836 1185 1909 1242 ut
1954 1199 2155 1264 equus
2196 1200 2387 1264 quem
2426 1179 2715 1249 facturus
2738 1186 2947 1244 estam
3079 1187 3080 1202 ¹

572 1287 716 1353 laxe
778 1286 1134 1352 stabuletur
1186 1306 1378 1370 quam
1430 1283 1707 1350 Traiani.
1782 1284 1922 1350 Etsi
1972 1307 2107 1351 u.u.
2158 1287 2328 1364 „late
2374 1283 2715 1352 succedst”
2763 1287 2947 1348 inter-

480 1461 486 1474 ,
571 1394 990 1478 pretationem
1064 1389 1460 1458 tolerabilem
1532 1393 1645 1456 uix
1716 1391 2055 1457 admittere
2122 1392 2455 1468 uidentur,
2522 1398 2738 1456 temen
2800 1386 2949 1454 nihil

569 1503 916 1576 succurrit,
965 1498 1132 1585 quod
1177 1499 1564 1564 substituere
1609 1499 1899 1567 audeam.
1952 1497 2077 1565 Sed
2116 1520 2240 1566 non
2279 1500 2468 1566 uideo
2494 1519 2619 1584 quo
2643 1501 2785 1565 iure
2808 1497 2949 1561 haec

573 1612 716 1672 astu
761 1625 1059 1691 responsa
1105 1605 1414 1671 dicantur.
1463 1603 1813 1690 Respondit
1858 1604 2207 1671 Hormisda
2252 1607 2468 1690 potius
2514 1611 2703 1670 acute
2753 1609 2817 1668 et
2864 1623 2948 1667 ar·

569 1718 759 1800 gute,
827 1731 1031 1796 neque
1099 1710 1320 1776 dubito
1387 1712 1543 1796 quin
1617 1709 1775 1774 olim
1848 1731 1971 1776 non
2042 1716 2230 1776 astu
2301 1713 2615 1796 scriptum
2680 1712 2804 1792 sit,
2850 1705 2948 1772 sed

570 1821 939 1905 argutis.
1009 1815 1161 1881 Vst.
1209 1819 1382 1881 enim
1430 1816 1625 1881 habet
1666 1822 2007 1903 agusta.
2060 1819 2336 1904 Argutis
2381 1819 2547 1904 sing.
2596 1837 2781 1882 num.
2828 1817 2945 1878 ism

573 1923 741 2010 apud
784 1922 1073 1991 Gellium
1121 1924 1469 1990 inuenitur.

663 2144 769 2210 10.
823 2143 926 2210 18.
1005 2143 1358 2226 „Helenae‚
1431 2141 1666 2209 Iuliani
1732 2146 1992 2230 coniugi
2052 2143 2478 2210 insidiabatur
2525 2140 2803 2209 Eusebia
2850 2192 2867 2208 .
2892 2188 2905 2203 .
2931 2186 2945 2200 .

569 2255 1054 2338 quaesitumque
1111 2270 1428 2314 uenenum
1481 2251 1693 2315 bibere
1738 2271 1849 2334 per
1894 2251 2185 2315 fraudem
2230 2249 2463 2315 inlexit
2508 2261 2587 2315 ut
2630 2253 2942 2336 quotiens·-

569 2378 843 2443 cumque
889 2357 1307 2442 concepisset,
1355 2358 1785 2420 immaturum
1833 2357 2214 2422 abiceret
2264 2355 2589 2440 partum.”

659 2462 869 2529 Immo
937 2481 1088 2529 uero
1150 2461 1583 2550 abigeret,
1630 2461 1799 2547 quod
1848 2462 2121 2529 uerbum
2170 2462 2247 2529 de
2292 2461 2587 2529 abortum
2636 2451 2940 2528 cientibus

575 2568 882 2636 sollemne
927 2574 1042 2634 est.

661 2790 766 2856 12.
819 2790 879 2857 1.
953 2787 1509 2868 „Chnodomarius
1579 2794 1645 2857 et
1717 2788 2119 2876 Vestralpus,
2185 2788 2377 2857 Vrius
2439 2792 2595 2875 quin
2644 2793 2843 2857 etism
2888 2790 2943 2851 et

566 2897 892 2963 Vrsicinus
964 2944 978 2960 .
1007 2944 1068 2960 ..
1142 2898 1210 2961 in
1285 2917 1488 2961 unum
1559 2896 1782 2962 robore
1844 2896 2086 2962 uirium
2150 2918 2411 2983 suerum
2469 2900 2647 2964 omni
2693 2894 2944 2963 collecto

566 3003 896 3069 consedere
940 3022 1130 3088 prope
1180 3002 1404 3068 urbem
1454 3002 2026 3090 Argentoratum.”

657 3107 996 3191 Gelenius,
1045 3104 1155 3194 qui
1204 3111 1298 3173 ita
1337 3111 1585 3193 primus
1626 3112 1915 3174 omnium
1958 3108 2171 3175 locum
2210 3113 2577 3195 constituit,
2614 3103 2812 3175 nimis
2848 3094 2942 3169 hic

564 3217 893 3281 recessisse
941 3212 1197 3278 uidetur
1243 3235 1280 3279 s
1325 3214 1474 3279 libri
1522 3213 1814 3280 Vaticani
1863 3216 2159 3302 uestigiis
2179 3263 2195 3293 ,
2238 3218 2305 3281 in
2346 3236 2469 3301 quo
2511 3236 2661 3281 cum
2699 3214 2941 3302 legatur

567 3319 872 3399 „collecto
921 3316 1162 3387 belli.
1211 3317 1502 3406 Gumq;
1551 3318 1953 3397 foedere”‚
1998 3320 2400 3387 scribendum
2427 3327 2584 3407 puto
2612 3322 2723 3399 „in
2750 3334 2935 3385 unum

563 3430 788 3495 robore
833 3428 1074 3504 uirium
1115 3446 1378 3493 suarum
1416 3430 1595 3493 omni
1617 3426 1884 3495 collecto
1932 3427 2416 3495 bellicarum
2467 3415 2934 3494 consedere-'⁹

654 3630 728 3695 In
775 3635 1063 3717 proxime
1111 3631 1522 3715 sequentibus
1577 3636 1905 3715 „extrema
1951 3637 2350 3698 metuentem
2400 3630 2737 3699 Gaesarem
2782 3628 2933 3696 arbi-

564 3741 716 3803 trati
790 3740 1216 3803 retrocessisse
1285 3758 1432 3803 cum
1503 3737 1617 3803 ille
1678 3742 1821 3802 tum
1884 3740 2078 3803 etism
2150 3736 2515 3824 perficiendi
2558 3733 2930 3803 munimenti

564 3843 804 3910 studio
866 3845 1521 3931 stringeretur”,
1588 3843 2034 3931 corrigendum
2100 3850 2197 3910 est
2242 3846 2929 3932 distringeretur.

562 3950 956 4037 Praepositio
1002 3949 1338 4036 repetenda
1383 3956 1478 4018 est
1524 3972 1602 4017 ex
1649 3949 1881 4017 ultima
1928 3950 2356 4036 praecedentis
2403 3970 2541 4017 uoc.
2584 3948 2852 4037 syllaba.

655 4154 892 4223 Eadem
952 4175 1050 4220 res
1097 4161 1195 4220 est
1247 4154 1351 4220 12.
1407 4154 1526 4221 11:
1584 4176 1784 4240 „quae
1830 4157 1889 4220 si
1935 4153 2181 4221 dederit
2230 4156 2566 4241 quisquam
2612 4148 2927 4220 commode

562 4282 743 4349 posse
804 4261 1140 4345 transiri,
1202 4263 1638 4329 ruentibus
1691 4261 1977 4327 hostium
2023 4263 2428 4327 examinibus
2473 4312 2487 4326 .
2516 4310 2532 4326 .
2562 4309 2578 4327 .
2627 4260 2783 4347 quid
2826 4272 2921 4322 nos

485 4420 500 4429 .
562 4364 899 4455 agimus?”
953 4404 1034 4416 —-
1091 4365 1214 4432 Vbi
1259 4368 1667 4435 scribendum
1714 4366 2271 4433 inruentibus.
