3150 5000
475 215 563 282 46
1542 231 1782 280 cronno.

565 397 710 464 Non
753 401 1010 464 tantum
1059 397 1247 478 maqie
1289 397 1402 463 sed
1447 397 1647 462 etiam
1692 395 2137 476 mayn'stratibus
2176 396 2467 481 spurium
2508 413 2643 460 essa
2681 392 2865 461 vide·

476 509 618 570 tur:
677 505 746 568 in
805 504 1100 591 margine
1159 504 1470 588 scriptum
1533 508 1669 568 erat
1722 501 2167 582 maai-stratibus
2214 500 2546 587 (mandant
2590 501 2873 585 imperia

475 631 563 676 sc.
609 609 1118 697 magistratibus)
1169 608 1337 693 quod
1381 612 1749 674 truncatum
1798 609 1867 673 in
1914 611 2099 688 maqie
2137 613 2249 674 aut
2286 607 2669 689 magrino-atus
2711 606 2871 672 duo·

479 717 599 782 bus
660 715 818 781 locis
875 718 1186 782 insertum
1253 720 1386 791 est3
1445 715 1833 796 may-'atratus
1895 714 2167 798 impedit
2214 716 2349 779 sine
2396 712 2681 779 utilitate
2728 733 2871 778 sen-

477 825 769 888 tentiam.
841 822 1047 904 Mayis
1105 825 1238 887 iam
1297 821 1376 887 ab
1433 819 1576 886 aliis
1626 821 1902 886 eiectum
1952 826 2066 886 est.
2138 819 2392 885 Similia
2440 821 2868 904 corruptionis

478 927 770 1014 exempla
827 933 977 994 sunt
1037 947 1228 1013 supra
1287 928 1324 1011 ξ
1371 926 1498 994 25:
1563 928 1751 1004 „oum
1798 926 1967 1010 quod
2013 949 2141 990 em
2193 925 2571 1010 disputando
2618 924 2873 992 docuis-

477 1034 638 1100 set''.
681 1035 718 1118 ἓ
771 1033 850 1099 31
902 1050 1370 1100 mvaSson’ns
1415 1049 1721 1099 mrmoms
1764 1035 1809 1097 i.
1836 1053 1890 1098 e.
1946 1032 2187 1111 „invidi
2236 1031 2550 1118 Scipionis
2595 1030 2869 1108 initiis’',

477 1141 592 1206 ubi
636 1140 890 1205 litterae
933 1157 1016 1206 on
1063 1143 1132 1204 in
1178 1143 1470 1228 margine
1515 1141 1787 1224 scriptae
1836 1137 2041 1206 alieno
2078 1137 2216 1205 loco
2256 1138 2427 1222 (post
2463 1155 2622 1204 mm
2640 1184 2658 1215 ‚
2700 1157 2865 1212 non,

401 1301 406 1305 .
478 1245 593 1311 nbi
653 1244 966 1312 debebant
985 1291 1001 1322 ‚
1065 1251 1206 1331 post
1267 1245 1454 1332 som)
1515 1247 1787 1310 insertae
1842 1249 2011 1310 sunt.
2083 1243 2160 1310 In
2207 1243 2620 1330 palimpsesto
2670 1242 2873 1310 Scau-

475 1353 692 1417 rianae
745 1351 782 1435 5
844 1350 931 1415 34
992 1359 1211 1416 certum
1272 1353 1504 1418 vitiose
1565 1351 1813 1416 duobus
1866 1349 2025 1415 locis
2083 1352 2367 1435 positum
2390 1400 2407 1428 ,
2476 1349 2555 1416 cf.
2619 1349 2871 1418 Mnem.

477 1457 560 1523 N.
585 1455 651 1522 S.
702 1455 814 1522 xl.
863 1479 928 1543 p.
979 1455 1132 1522 381.
1202 1457 1820 1541 Frequentissimum
1866 1454 1987 1520 hoc
2032 1455 2339 1524 mendum
2386 1461 2483 1522 est
2522 1457 2593 1522 in
2629 1455 2875 1522 Vindo-

477 1563 741 1629 bonensi
801 1561 976 1628 Livii
1031 1562 1284 1628 decadis
1345 1563 1640 1648 quintae:
1704 1560 1885 1628 XLI.
1954 1559 2064 1628 25.
2126 1559 2170 1626 8
2238 1562 2619 1641 „sustinenti
2679 1583 2779 1628 ree
2835 1583 2876 1629 a

479 1687 627 1755 pop.
685 1666 874 1734 Rom.
938 1673 1153 1756 gestas
1204 1691 1300 1734 ree
1353 1668 1679 1734 scribere.’'
1747 1667 1838 1734 Ib.
1888 1665 2001 1734 26.
2054 1671 2099 1732 4
2152 1669 2303 1751 „ubi
2350 1673 2687 1736 evaserunt
2724 1691 2874 1752 pos-

479 1781 612 1840 cent
669 1784 742 1837 ut
797 1779 976 1840 extra
1029 1773 1312 1858 vallum,
1383 1782 1449 1839 ut
1501 1774 1773 1860 pandere
1819 1775 2023 1840 aciem
2077 1777 2143 1838 et
2168 1763 2531 1859 exaequari
2570 1774 2873 1840 cornibus

483 1880 772 1946 hostium
830 1880 1063 1965 quibus
1123 1881 1625 1946 circumibantur
1680 1887 1915 1964 poscent
1975 1877 2103 1946 ita”
2164 1881 2278 1946 ubi
2328 1887 2571 1963 possent
2628 1887 2698 1944 ut
2769 1881 2875 1946 bis

489 1988 731 2072 posita,
777 1988 986 2071 priore
1031 1984 1170 2052 loco
1217 2006 1562 2070 perperam.
1637 1985 1847 2050 XLII.
1900 1985 2005 2054 12.
2056 1983 2099 2050 8
2152 2005 2342 2064 „eum
2384 2020 2467 2034 —·-
2494 2003 2601 2051 eos
2644 1985 2873 2052 dome-

488 2093 678 2157 sticos
723 2095 1062 2176 apparatus
1108 2089 1258 2156 belli
1304 2091 1535 2157 habere
1581 2113 1699 2155 non
1744 2096 1819 2155 ut
1861 2093 2137 2156 externis
2174 2114 2293 2156 non
2332 2090 2583 2178 egeat.’'
2628 2090 2876 2156 XLIII.

489 2196 592 2263 12.
662 2195 702 2260 9
769 2195 1186 2274 „Macedonia
1245 2199 1530 2263 maxime
1586 2211 1735 2262 curii
1790 2197 2149 2282 praebebat.
2237 2197 2315 2262 In
2384 2196 2650 2264 classem
2724 2221 2876 2263 cura

487 2301 674 2368 misse
719 2303 876 2368 socii
928 2352 942 2368 .
979 2351 992 2368 .
1046 2303 1236 2370 scribi
1282 2302 1508 2369 iussi.”
1576 2302 1786 2369 XLIL
1834 2301 1942 2368 26.
2000 2303 2033 2368 1
2080 2306 2333 2392 „magis
2372 2324 2407 2370 e
2448 2324 2514 2368 re
2559 2324 2623 2390 p.
2650 2305 2875 2372 visum

489 2415 624 2475 erat
671 2409 982 2494 conprimi
1029 2431 1099 2472 ac
1143 2408 1347 2474 sedari
1393 2415 1792 2494 exasperatos
1829 2433 1901 2474 ae
1938 2408 2252 2497 Ligures”
2297 2409 2413 2476 ubi
2452 2411 2688 2476 frustra
2726 2417 2876 2478 ante

485 2516 762 2583 alterum
827 2539 898 2581 ac
958 2516 1470 2605 (interpolatum)
1533 2516 1915 2606 Madvigius
1983 2536 2215 2583 nomen
2281 2520 2499 2606 gentis
2562 2519 2876 2584 excidisse

483 2628 690 2710 putat.
741 2620 876 2691 Oic.
923 2623 1002 2690 de
1047 2621 1190 2689 Fin.
1239 2644 1300 2689 v.
1352 2621 1435 2687 21
1487 2623 1568 2710 (c.
1612 2619 1682 2708 8)
1722 2624 1793 2687 in
1830 2622 1963 2688 Erf.
2010 2630 2330 2708 „quattuor
2370 2623 2658 2691 defensae
2699 2634 2879 2709 quat-

489 2727 683 2794 tuor.’'
752 2726 854 2796 Of.
902 2732 1096 2794 etiam
1145 2728 1365 2797 Madv.
1411 2728 1682 2795 Emend.
1730 2728 1877 2796 Liv.
1932 2729 1949 2767 ¹
2003 2750 2063 2815 p.
2118 2728 2265 2795 492.

581 2939 688 3005 50.
742 2936 918 3018 „Cur
961 2942 1132 3007 enim
1182 2960 1399 3029 regem
1449 2938 1801 3026 appellem,
1850 2937 2027 3008 Iovis
2072 2942 2309 3027 optimi
2344 2943 2627 3019 nomine,
2668 2941 2881 3009 homi-

485 3067 633 3113 nem
672 3046 1041 3112 dominandi
1083 3046 1390 3132 cupidum
1429 3052 1542 3113 aut
1584 3048 1871 3133 [imperii
1912 3046 2289 3134 singularis]
2321 3047 2557 3133 populo
2580 3067 2879 3134 oppresso

485 3152 920 3220 dominantem
938 3199 956 3230 ,
1009 3172 1134 3217 non
1196 3158 1545 3238 tyrannum
1603 3149 1858 3238 potius?
1947 3152 2109 3219 ‘Pam
2172 3154 2343 3219 enim
2410 3174 2545 3219 esse
2589 3153 2875 3221 clemens

483 3265 795 3347 tyrannus
842 3280 1034 3345 quam
1083 3280 1190 3323 rea·
1231 3260 1636 3343 importunus
1680 3257 1947 3346 potest”.

572 3367 708 3432 Rex
755 3387 882 3432 non
937 3372 1034 3432 est
1077 3364 1526 3432 abiiciendum.
1601 3363 1873 3451 Omnes,
1926 3367 2165 3451 inquit,
2220 3369 2604 3452 imperantes
2650 3372 2873 3454 tyran·

479 3493 594 3539 nos
654 3472 963 3559 appellari
1024 3474 1355 3556 convenit,
1417 3492 1568 3537 nam
1627 3472 1795 3558 quod
1843 3474 1936 3538 ita
1984 3472 2133 3538 boni
2176 3474 2563 3559 imperantes
2610 3478 2875 3560 tyranni

481 3577 806 3655 dicantur,
868 3598 994 3645 non
1055 3578 1346 3664 prohibet
1407 3598 1531 3663 quo
1599 3581 1814 3645 minus
1878 3598 1983 3645 eos
2044 3578 2164 3645 hoc
2226 3582 2483 3645 nomine
2547 3578 2876 3666 dicamus,

481 3686 765 3750 existunt
823 3686 1024 3769 (sunt)
1085 3686 1258 3751 enim
1317 3688 1453 3748 tam
1515 3684 1860 3751 clementes
1932 3686 2188 3771 tyranni
2254 3705 2451 3770 quam
2512 3686 2872 3769 importuni

482 3810 701 3878 reges3
767 3796 840 3855 ut
898 3811 1044 3874 rex,
1106 3791 1403 3875 quamvis
1465 3790 1710 3863 malus.
1774 3812 1887 3856 rex
1944 3796 2159 3856 tamen
2206 3791 2478 3869 dicitur,
2528 3793 2619 3857 sic
2669 3791 2876 3858 bonus

483 3898 794 3982 tyrannus
853 3900 1070 3961 tamen
1116 3901 1424 3982 tyrannus
1469 3894 1739 3961 dicatur.
1813 3895 2033 3982 Vulgo
2080 3903 2336 3962 auctore
2384 3896 2718 3984 Madvigio
2768 3920 2877 3962 rea.-

483 4000 826 4067 inducitur.
898 4000 1148 4083 Imperii
1198 4000 1527 4081 simulari-r
1571 4006 1717 4085 post
1763 4001 2111 4067 dominandi
2152 4002 2320 4067 nihil
2365 4004 2520 4069 novi
2564 4002 2761 4069 infert
2805 4008 2875 4069 et

483 4108 625 4193 ipso
684 4106 854 4186 loco,
918 4128 1107 4193 quem
1171 4112 1344 4172 tenet
1363 4154 1382 4191 ,
1442 4113 1809 4192 suspectum
1872 4113 1987 4173 est.
2060 4106 2195 4173 Sub
2244 4106 2437 4173 finem
2485 4110 2874 4197 paragraphi

487 4216 643 4300 „qui
689 4217 862 4281 enim
906 4214 1228 4279 iudicatur
1272 4215 1396 4278 iste
1433 4215 1719 4298 optimus
1733 4209 1803 4277 ‘P'
1846 4232 2139 4298 expressa
2175 4214 2476 4281 videntur
2514 4236 2550 4282 e
2589 4213 2871 4283 Graeco:

485 4322 571 4403 τῷ
634 4319 761 4400 γὰρ
824 4321 1086 4400 κρίνεται
1147 4319 1176 4384 ὅ
1241 4316 1486 4402 ἄριστος
1537 4320 1790 4397 ἐκεῖνος;
1856 4318 2124 4403 optimus
2166 4318 2279 4386 ille
2296 4368 2313 4397 ,
2360 4340 2553 4405 quem
2603 4319 2866 4407 volunt,
