3150 5000
527 251 657 317 432
1505 271 1931 321 mmmmm,

520 435 901 519 Haupt-sache
946 433 1253 499 ersebeinc.
1303 432 1541 500 Verum
1597 434 1764 520 quod
1801 436 1870 498 in
1911 435 2266 512 ποιουμένου
2306 433 2630 522 displicet,
2672 434 2888 500 itidem

519 541 685 605 mihi
732 539 1023 631 displicet
1067 542 1133 604 in
1182 539 1569 618 ποιουμένας.
1649 541 1756 604 Bis
1801 541 1932 605 eine
1970 543 2196 606 benere
2238 541 2424 627 Hilfe
2456 541 2762 628 qesunden
2798 541 2891 624 ist,

518 648 770 728 beym'iqe
813 647 910 709 ich
954 646 1106 709 mich
1153 647 1257 710 mit
1304 647 1411 710 der
1460 646 1809 728 Erklc'irunq
1853 647 2193 742 des‘Sckoc.
2245 645 2464 724 δίωξιν,
2515 635 2751 730 φυγήν.
2799 645 2887 710 Ad

518 755 745 820 incitas
788 754 1079 820 redactus
1127 755 1223 819 est
1270 748 1632 819 Classenius
1678 757 1743 818 et
1787 755 2042 820 cuinam
2090 752 2494 839 persuadebit
2537 754 2704 840 quod
2743 754 2889 818 serio

519 860 743 925 scribit
808 859 1144 947 vulgatam
1215 857 1601 945 significare:
1672 865 1758 924 eie
1815 863 2087 925 waradien
2152 860 2407 942 soyleick
2473 860 2574 924 die
2617 865 2894 924 ‹ius-serm

518 967 658 1032 Eile
717 989 795 1030 an
860 966 983 1051 (um
1042 989 1153 1030 von
1214 965 1394 1030 ibnen
1454 967 1610 1032 nack
1657 988 1867 1030 aussen
1914 963 2509 1052 vorbeizukommen)?
2557 965 2894 1032 Videamus

516 1071 830 1157 numquid
907 1069 1061 1136 felix
1133 1071 1289 1138 hora
1360 1069 1543 1137 nobis
1615 1073 1993 1159 suppeditet.
2094 1072 2394 1138 Primum
2463 1072 2894 1158 improbamus

518 1177 871 1256 ποιουμένου
918 1175 1023 1244 vel
1071 1176 1437 1255 ποιουμένας
1484 1199 1600 1244 nec
1641 1185 1980 1266 tangemus
2023 1182 2496 1247 nominativum
2524 1178 2894 1257 ποιούμενοι·

516 1289 731 1371 itaque
796 1287 1102 1352 vitiosum
1166 1290 1261 1350 est
1309 1282 1531 1362 δίωξιν,
1581 1306 1730 1351 nam
1779 1285 1845 1349 in
1897 1287 2082 1350 altum
2127 1285 2292 1355 evehi
2309 1335 2326 1366 ,
2377 1287 2545 1372 quod
2593 1285 2898 1353 sententia

515 1391 800 1479 flagitat,
869 1411 993 1456 non
1067 1390 1300 1457 dicitur
1360 1411 1508 1456 sane
1567 1390 1764 1467 δίωξιν
1826 1393 2157 1470 ποιεῖσθαι,
2230 1393 2398 1480 quod
2461 1391 2652 1460 solito
2714 1391 2896 1458 modo

512 1503 857 1584 usurpatur
902 1495 1014 1562 111.
1071 1493 1177 1560 33.
1228 1495 1451 1564 Latere
1498 1497 1804 1564 contendo
1853 1501 2006 1564 artis
2045 1497 2465 1575 vocabulum,
2512 1498 2707 1564 sicuti
2749 1498 2898 1564 alibi

515 1604 919 1692 Thucydides
977 1604 1319 1681 οξποσιμοῦν
1364 1606 1715 1691 usurpavit.
1790 1604 2108 1680 Quoniam
2156 1603 2322 1691 apud
2369 1607 2585 1692 ipsum
2635 1607 2896 1689 scripto-

512 1734 647 1779 rem
697 1710 825 1778 tale
871 1709 1253 1776 vocabulum
1303 1710 1469 1796 quod
1516 1713 1902 1796 requirimus
1923 1762 1940 1797 ,
1988 1733 2110 1778 non
2158 1715 2504 1798 invenitur,
2555 1731 2898 1800 pergamus

510 1817 724 1906 legere
769 1817 1209 1901 Xenophontis
1255 1815 1609 1882 Hellenica.
1673 1815 1913 1883 Statim
1964 1819 2041 1884 ab
2089 1819 2275 1883 initio
2326 1817 2608 1906 legimus
2657 1813 2897 1884 contra-

516 1927 685 1989 rium
750 1926 887 1989 eius
950 1925 1040 1988 rei
1104 1943 1294 2007 quam
1356 1922 1545 1988 modo
1593 1922 1762 2008 apud
1810 1922 2250 2010 Thucydidem
2300 1924 2685 2004 habuimus;
2738 1943 2900 1989 nunc

514 2032 686 2097 enim
748 2029 1231 2094 Lacedaemonii
1278 2029 1501 2117 fugam
1548 2035 1899 2115 capessunt.
1973 2031 2116 2096 Non
2163 2031 2476 2115 gravabor
2522 2031 2742 2097 locum
2791 2030 2894 2096 de-

514 2136 818 2204 scribere:
886 2135 1145 2217 Δωριεὺς
1207 2135 1234 2200 ὃ
1295 2135 1606 2214 Διαγόρου
1653 2135 1720 2199 ἐκ
1768 2136 1966 2201 Ῥόδου
2017 2138 2076 2208 ἐς
2127 2139 2585 2212 Ἑλλήσποντον
2631 2135 2897 2201 εἰσέπλει

513 2241 852 2324 ἀρχομένου
900 2247 1233 2326 χειμῶνος,
1282 2239 1572 2322 τέτταρσι
1623 2241 1725 2306 καὶ
1775 2239 1922 2306 δέκα
1972 2242 2182 2306 ναυσὶν
2231 2239 2372 2322 ἅμα
2425 2241 2658 2326 ἡμέρῃ·
2729 2265 2896 2309 κατι-

517 2351 626 2416 δὼν
687 2350 749 2414 δὲ
812 2348 839 2412 ὃ
901 2355 1045 2442 τῶν,
1079 2347 1406 2422 Ἀθηναίων
1472 2347 1882 2428 ἡμεροσκόπος
1931 2348 2196 2425 ἐσήμηνε
2246 2357 2372 2420 τοῖς
2421 2358 2805 2430 ςρατήγοῖς,
2847 2348 2896 2412 οἱ

516 2459 565 2523 δ’
618 2456 1011 2536 ἀνηγάγοντο
1056 2453 1156 2520 ἐπ’
1206 2456 1392 2521 αὐτὸν
1440 2453 1624 2521 εἴκοσι
1673 2456 1914 2533 ναυσίν,
1965 2447 2043 2527 ἃς
2091 2457 2119 2522 ὖ
2171 2455 2434 2537 Δωριεὺς
2484 2459 2708 2538 Φυγὼν
2757 2456 2891 2536 πρὸς

515 2566 623 2641 τὴν
694 2572 813 2643 γῆν
880 2560 1229 2643 ἀνεβίβαζε
1296 2562 1415 2635 τοὶς
1488 2562 1706 2627 ἑαυτοῦ
1777 2564 2065 2646 τριήρεις,
2139 2564 2214 2636 ὦς
2281 2562 2556 2641 ἤνοιγε
2620 2564 2760 2645 περὶ
2823 2562 2888 2627 τὸ

513 2673 809 2738 Ῥοίτειον.
894 2668 1061 2749 Quid
1130 2669 1249 2735 hoc
1318 2667 1639 2756 significat
1707 2667 2015 2747 azvoe‘ysw?
2084 2671 2362 2756 Apparet
2437 2690 2582 2736 vere
2658 2669 2888 2737 vidisse

514 2776 1007 2845 Schneiderum:
1080 2796 1113 2839 e
1179 2773 1337 2840 locis
1406 2774 1782 2840 arctioribus
1845 2775 2106 2841 evadere
2163 2778 2228 2839 iu
2291 2776 2632 2861 spatiosius
2699 2794 2888 2841 mare.

514 2880 855 2969 Componit
914 2882 1109 2947 etiam
1171 2879 1385 2947 locum
1446 2882 1654 2946 nescio
1713 2884 1892 2946 cuius
1950 2879 2208 2969 Anglici
2268 2883 2634 2966 scriptoris:
2685 2884 2774 2945 As
2821 2899 2895 2942 we

514 2989 751 3076 opened
798 2988 895 3051 the
931 2987 1099 3072 ραζβ,
1145 3010 1227 3051 we
1274 3010 1393 3051 saw
1437 3010 1590 3051 some
1633 2988 1963 3052 cultivated
1999 2994 2171 3070 spots.
2249 2986 2311 3053 Ν
2315 3007 2394 3052 on
2439 2990 2654 3052 minus
2705 2987 2890 3051 diser-

513 3102 620 3162 tus
676 3095 851 3161 locus
915 3098 1009 3158 est
1063 3092 1228 3159 Hell.
1276 3092 1327 3158 Ι.
1380 3091 1440 3159 5.
1496 3092 1610 3159 13:
1666 3095 1717 3158 οἱ
1765 3094 2070 3169 Ἀθηναῖοι
2122 3093 2190 3157 ἐκ
2236 3097 2342 3158 τοῦ
2392 3095 2616 3159 Νοτίου
2670 3096 2892 3159 καθελ-

516 3202 815 3271 κύσαντες
857 3201 973 3272 req
1015 3198 1238 3270 λοιπὰς
1275 3200 1558 3280 τριήρεις,
1604 3199 1964 3281 ἀνήχθησαν
2001 3202 2077 3271 ὦς
2121 3196 2337 3272 ἕκαστος
2372 3196 2614 3275 ἤνοιξεν.
2669 3199 2893 3266 Itidem

512 3308 689 3374 Hell.
756 3306 806 3372 1.
872 3304 935 3371 6.
1000 3304 1121 3370 21:
1186 3310 1302 3369 τῶν
1357 3304 1418 3370 δὲ
1485 3306 1911 3385 ἐφορμούντων
1957 3307 2032 3375 ὣς
2083 3302 2290 3373 ἕκαςοι
2341 3305 2576 3384 ἤνοιγον
2593 3358 2612 3389 ,
2661 3306 2784 3379 τοὶς
2829 3329 2892 3371 τε

512 3406 795 3495 ἀγκύραο
854 3410 1307 3483 ἀποκόπτοντες
1358 3410 1459 3475 καὶ
1512 3410 1874 3491 ἐγειρόμενοι
1921 3411 2206 3489 ἐβοήθουν
2255 3410 2749 3492 τεταραγμένοι,
2801 3435 2894 3475 τυ-

513 3518 735 3600 χόντες
798 3518 858 3581 ἕν
918 3526 996 3599 τῇ
1058 3526 1144 3599 γῇ
1208 3518 1740 3596 ἀριςοποιούμενοι.
1790 3516 1928 3582 Iam
1975 3516 2150 3583 vides
2199 3516 2466 3595 ἀνοίγειν
2514 3538 2618 3584 eos
2665 3520 2780 3602 qui
2823 3537 2892 3582 ex

513 3623 929 3710 Hellesponto
992 3624 1299 3710 navigant
1362 3624 1429 3687 in
1493 3642 1668 3688 mare
1730 3626 2054 3711 Aegaeum
2078 3670 2094 3700 ‚
2159 3644 2238 3689 ex
2299 3625 2616 3711 angustiis
2678 3626 2747 3688 in
2795 3642 2894 3709 pa·

514 3737 757 3798 tentem
816 3729 1049 3796 locum.
1124 3729 1290 3809 Quid
1336 3730 1541 3815 igitur
1589 3728 1757 3815 apud
1805 3728 2245 3817 Thucydidem
2295 3731 2702 3796 scribendum
2751 3730 2893 3797 est?

516 3838 788 3925 Opinor:
852 3838 961 3912 τὴν
1018 3832 1241 3912 ἄνοιξιν
1290 3834 1460 3908 εὐθὺς
1511 3832 1850 3913 ποιούμενοι
1902 3841 1968 3901 et
2011 3837 2279 3900 incurrit
2325 3838 2392 3900 in
2439 3835 2656 3902 oculos
2706 3855 2892 3923 quam

514 3944 690 4012 facili
729 3962 915 4028 opera
954 3940 1255 4006 confundi
1290 3943 1533 4026 possint
1573 3948 1875 4009 ΔΙΩΞΙΣ
1917 3946 1979 4007 et
2004 3948 2376 4011 ΑΝΟΙΞΙΣ.
2427 3944 2560 4019 Τὴν
2599 3940 2892 4019 ἄνοιξιν

516 4052 686 4125 εὐθὺς
747 4046 1086 4124 ποιούμενοι
1152 4048 1217 4112 οὐ
1278 4046 1573 4128 φθάνουσι
1641 4045 1911 4121 woicam:
1974 4054 2267 4134 exspecto
2329 4048 2484 4135 quid
2542 4046 2656 4116 alii
2701 4049 2779 4115 de
2821 4066 2890 4113 ea

516 4159 894 4226 correctione
940 4156 1419 4240 pronunciaturi
1470 4154 1615 4220 sint.

719 4274 1363 4355 Amstelodami,

608 4386 667 4452 d.
721 4384 805 4449 10
852 4406 943 4451 m.
991 4380 1246 4449 Octobr.
1299 4381 1493 4448 1885.

1502 4499 1890 4511 --....-..
