3150 5000
1191 261 1621 350 rnucrnmss.
2476 241 2606 308 419

215 425 517 494 οὐκέτι.
594 423 748 512 Cap.
824 423 909 492 38
980 433 1260 515 praestat
1329 427 1635 501 ταύτης
1698 423 1754 492 δ’
1817 427 2048 508 ἡμέρας
2110 447 2303 514 quam
2365 435 2506 503 τῆς
2555 425 2609 491 δ’

216 534 471 612 ἡμέρας.
537 529 691 619 Gap.
743 531 866 600 42:
917 538 999 618 τῷ
1048 534 1437 616 wammam
1485 535 1562 606 ὥς
1609 533 1679 599 ἐκ
1729 541 1931 599 κακῶν
1975 535 2143 614 ῥώμη
2193 558 2286 606 τις
2334 532 2610 616 ἐγεγέ-

214 663 437 726 νητο,
505 641 739 706 arridet
800 641 1268 721 ἐπεγένετο.
1342 639 1629 706 Adducit
1691 640 1772 706 ad
1839 643 2092 707 moenia
2148 641 2607 708 Demosthenes

208 747 547 813 machinas
610 769 665 813 c.
716 745 836 827 433
904 748 1163 832 deinde,
1227 749 1304 819 ὥς
1354 747 1405 811 δ’
1454 749 1622 828 αὐτῷ
1675 746 2146 828 προσαγαγόντι
2193 745 2606 812 κατεκαύ-

214 856 465 928 θησαν
514 855 629 919 ὑπὸ
664 861 784 919 τῶν
824 855 1105 921 ἐναντίων
1145 853 1271 920 ἀπὸ
1313 859 1420 919 τοῦ
1462 855 1711 937 τείχους
1752 853 2144 933 ἀμυνομένων
2183 855 2252 920 αἱ
2292 852 2605 934 μηχαναί,

214 959 371 1039 πετὲ,
433 960 540 1025 bic
600 963 800 1026 miror
860 961 1028 1048 quod
1074 963 1143 1027 in
1190 969 1324 1027 tam
1376 966 1670 1028 accurata
1717 961 2136 1048 descriptione
2181 960 2250 1026 id
2297 963 2605 1025 omissum

144 1059 151 1072 '
214 1071 311 1132 est
329 1115 349 1150 ‚
410 1066 578 1150 quod
618 1066 724 1134 vel
772 1071 1054 1134 maxime
1100 1069 1261 1134 scire
1308 1070 1571 1134 interest
1589 1116 1608 1151 ,
1656 1067 1972 1152 quomodo
2018 1068 2350 1134 machinae
2395 1067 2608 1132 incen-

216 1174 321 1239 dio
372 1170 618 1239 deletae
664 1176 832 1258 sint,
880 1195 995 1240 nec
1040 1173 1227 1240 facile
1244 1221 1261 1253 ,
1310 1177 1365 1240 si
1413 1179 1629 1241 ortum
1666 1179 1830 1240 esset
1868 1174 2234 1240 incendium
2253 1221 2270 1252 ‚
2310 1175 2608 1239 continuo

220 1278 569 1345 addidisset
628 1281 935 1366 scriptor:
984 1279 1087 1345 καὶ
1136 1289 1213 1362 τῇ
1261 1278 1429 1363 ἄλλῃ
1475 1287 1702 1364 epm-tq}
1750 1291 2055 1362 πολλαχῇ
2102 1279 2606 1361 προσβάλλοντες

218 1383 618 1466 ἀπεκρούοντο
640 1434 657 1465 ,
706 1406 858 1453 nam
904 1388 1124 1474 ipsum
1167 1387 1535 1453 incendium
1583 1387 1806 1453 fuisset
1853 1388 2348 1454 Atheniensibus
2407 1390 2610 1473 impe-

220 1491 507 1558 dimento
527 1542 545 1576 ‚
617 1493 960 1578 quominus
1030 1493 1110 1559 ad
1171 1513 1389 1559 muros
1451 1493 1852 1579 accederent3
1917 1494 2067 1560 hinc
2129 1493 2293 1558 mihi
2339 1494 2608 1560 subnata

218 1597 497 1684 suspicio
568 1603 701 1684 est,
773 1619 906 1665 esse
966 1598 1351 1686 legendum:
1416 1614 1787 1668 κατεκω).
1809 1597 1842 1663 ύ
1865 1599 2133 1675 θησαν.
2180 1596 2350 1665 ·Hoc
2411 1600 2610 1666 variis

221 1704 429 1770 modis
502 1702 638 1770 fieri
707 1705 953 1788 potuit,
1027 1705 1136 1771 sed
1195 1727 1380 1793 saepe
1441 1705 1620 1771 dictu
1683 1725 1877 1792 quam
1938 1705 2110 1773 factu
2173 1705 2424 1772 facilius
2483 1703 2608 1771 fuit

218 1812 443 1898 ignem
490 1811 794 1877 coniicere
839 1813 909 1876 in
953 1811 1240 1878 hostium
1288 1832 1509 1898 opera,
1559 1811 1639 1877 cf.
1687 1809 1794 1877 IV.
1848 1810 2000 1876 100.

306 1958 467 2049 Gap.
534 1961 620 2030 4¹7
690 1962 1148 2030 Demosthenes
1218 1969 1440 2030 auctor
1508 1969 1634 2042 est,
1716 1969 1790 2028 ut
1862 1964 2278 2030 Athenienses
2341 1963 2607 2030 domum

220 2069 491 2155 abeant,
554 2066 664 2141 ἕως
723 2067 811 2133 ἔτι
872 2069 943 2134 τὸ
1006 2069 1288 2150 πέλαγος
1351 2065 1468 2136 οἶόν
1528 2095 1600 2136 τε
1668 2072 2059 2149 περαιοῦσθαι
2113 2069 2376 2148 acaia-05
2425 2094 2608 2151 ςρα-

221 2175 641 2254 τεύματος
704 2184 845 2249 ταῖς
903 2179 1056 2255 γοῦν
1120 2175 1521 2249 §mamam
1570 2176 1748 2241 ναυσὶ
1798 2189 2064 2255 κρατεῖν.
2136 2175 2264 2241 Hic
2311 2175 2465 2261 quid
2515 2181 2612 2242 est

221 2285 324 2347 τοῦ
410 2279 879 2362 §paredum-oc?
947 2281 1185 2348 Parum
1246 2281 1616 2368 proficimus
1675 2281 1984 2350 Classenii
2045 2281 2483 2348 adnotatione:
2546 2304 2612 2346 eo

224 2391 401 2472 lange
451 2412 510 2453 σε
554 2388 799 2470 mb'qlich
845 2396 1003 2453 werre
1019 2440 1037 2474 ,
1086 2390 1434 2472 weniqstem
1479 2391 1588 2453 mit
1625 2389 1740 2455 den
1777 2389 2376 2471 neuanqekommenen
2414 2388 2613 2476 Schis-

208 2497 333 2581 fem
382 2497 546 2562 ihren
596 2496 1085 2561 Gesammtheeres
1131 2495 1324 2583 (menn
1370 2497 1521 2560 auch
1566 2497 1698 2584 auf
1732 2496 1831 2561 die
1873 2496 2120 2577 iibri-qen
2169 2495 2371 2561 Tacite
2426 2494 2614 2579 weniy

223 2626 293 2668 zu
338 2606 597 2670 rechma
639 2604 747 2698 eet)
791 2604 905 2668 den
954 2604 1088 2685 Βίῳ
1130 2626 1207 2668 zu
1245 2603 1571 2686 qewinnen.
1622 2602 1753 2668 Hic
1798 2608 1968 2669 recte
2012 2602 2513 2670 Herwerdenus:
2556 2605 2614 2671 si

225 2712 565 2797 genetivus
634 2712 980 2796 partitivus
1052 2715 1185 2787 est,
1248 2708 1417 2777 male
1474 2709 1792 2789 abundat;
1859 2708 2087 2775 deinde
2147 2729 2272 2776 non
2317 2712 2611 2796 ineptum

226 2815 353 2883 fore
403 2817 630 2883 scribit
675 2820 784 2880 τοῦ
833 2818 1096 2896 πορθμοῦ
1115 2864 1132 2895 ,
1185 2816 1353 2902 quod
1399 2821 1567 2881 certe
1612 2815 1805 2903 longe
1849 2814 2082 2881 melius
2123 2835 2314 2901 quam
2357 2816 2613 2897 περαιώ-

228 2946 429 2999 ματος
479 2922 585 2989 vel
633 2924 1127 3003 θεραπεύματος,
1184 2944 1343 3009 quae
1392 2922 1788 2989 coniecturae
1825 2942 2054 3008 parum
2099 2920 2314 2988 felices
2349 2922 2612 2989 Reiskio

228 3035 289 3094 et
350 3028 691 3117 Madvig-io
743 3029 1072 3095 debentur.
1134 3029 1269 3095 Nec
1315 3041 1531 3096 tamen
1579 3027 1836 3095 difficile
1882 3034 1978 3093 est
2022 3049 2248 3095 verum
2288 3032 2574 3097 invenire
2588 3050 2608 3111 ς

230 3136 529 3203 emenda:
603 3142 706 3202 τοῦ
772 3136 1137 3215 ςόματος
1210 3146 1352 3209 ταῖς
1422 3141 1574 3214 γοῦν
1638 3135 2038 3209 ἔπελθούσαις
2103 3137 2278 3203 ναυσὶ
2342 3145 2611 3220 κρατεῖν.

228 3240 468 3309 Eodem
530 3242 719 3309 modo
766 3242 837 3308 τὸ
885 3248 991 3309 τοῦ
1040 3242 1283 3320 λιμένος
1332 3242 1501 3321 :aaa
1547 3242 1929 3328 simpliciter
1975 3240 2142 3319 ςόμα
2192 3242 2438 3309 dictum
2485 3244 2612 3309 fuit

232 3366 281 3410 c.
346 3346 459 3413 23.
530 3348 713 3415 Unde
776 3350 861 3414 sit
921 3357 1146 3416 natum
1197 3352 1435 3414 vitium
1456 3396 1473 3427 ‚
1520 3350 1677 3414 satis
1724 3364 1950 3414 notum
1998 3369 2132 3415 esse
2178 3349 2466 3417 arbitror.
2531 3349 2613 3415 In

230 3453 308 3517 iis
367 3475 531 3542 quae
592 3458 894 3522 continuo
956 3460 1308 3543 sequuntur
1351 3454 1642 3521 iteranda
1689 3454 1942 3520 videtur
1987 3457 2406 3542 praepositio:
2455 3458 2613 3538 ὦφε·

234 3563 562 3640 λιμῶτερον
624 3562 743 3643 ἔφη
811 3557 962 3628 εἶναι
1026 3562 1171 3645 πρὸς
1229 3563 1367 3635 τοὺς
1432 3562 1493 3627 ἐν
1555 3568 1632 3643 τῇ
1679 3563 1854 3646 χώρᾳ
1899 3566 2070 3643 σφῶν
2119 3560 2611 3643 ἔπιτειχίζοντας

234 3668 331 3731 τὸν
376 3669 649 3746 πόλεμον
697 3671 993 3734 ποιεῖσθαι
1045 3669 1080 3744 ἢ
1127 3668 1375 3755 (πρὸς)
1423 3668 1848 3748 Συρακοσίους.

320 3819 517 3885 Initio
551 3822 781 3906 capitis
819 3819 903 3885 49
942 3819 1409 3886 Herwerdenus
1448 3820 1672 3884 Mnem.
1715 3818 1838 3883 XII
1869 3817 1995 3886 176
2037 3818 2228 3904 paule
2252 3819 2640 3911 longiorem,

234 3924 808 4012 interpolationem,
848 3929 1081 4012 quippe
1120 3947 1245 4011 qua
1285 3925 1451 4017 nihil
1481 3928 1634 3991 novi
1673 3927 2066 4003 continetur,
2092 3928 2160 3990 in
2185 3928 2608 4013 suspicionem

234 4036 519 4120 vocavit3
568 4032 676 4097 sed
724 4034 887 4097 mihi
932 4032 1215 4097 nondum
1257 4034 1337 4097 ab
1380 4034 1556 4097 omni
1593 4038 1774 4117 parte
1808 4032 2121 4118 persuasit
2157 4038 2224 4099 et
2265 4034 2612 4119 praestabit

240 4137 493 4205 fortasse
540 4145 685 4205 ante
724 4144 967 4205 tentare
1004 4154 1179 4203 num'
1204 4144 1497 4224 corrupta
1533 4138 1728 4204 verba
1768 4138 2100 4203 emendare
2137 4142 2339 4224 possis
2361 4187 2376 4218 ‚
2419 4158 2610 4224 quam

242 4242 317 4307 ad
354 4246 653 4312 ultimam
690 4248 998 4311 rationem
1039 4265 1339 4311 recurras.
1389 4245 1686 4310 Primum
1728 4244 1896 4329 quod
1932 4244 2076 4311 leve
2113 4252 2239 4324 est,
2283 4246 2612 4312 inserenda

246 4351 488 4417 videtur
557 4354 970 4439 praepositio:
1048 4352 1206 4417 πολὺ
1271 4352 1339 4417 τὸ
1403 4351 1777 4432 βουλόμενον
1840 4352 2023 4438 (ἐπὶ)
2082 4360 2206 4425 τοῖς
2268 4353 2610 4428 Ἀθηναίοις
