3150 5000
562 215 694 283 424
1528 235 1954 288 rnucrnrnna.

560 403 670 470 sed
716 406 1081 490 corruptum
1132 409 1229 470 est
1276 403 1604 484 δορατίοις,
1653 427 1777 472 non
1826 405 2123 472 σκεύεσιν.
2171 405 2616 474 Poterimusne
2655 407 2946 472 invenire

558 509 953 597 probabilem
997 511 1385 578 medicinam
1407 514 1438 576 Ρ
1487 511 1863 579 Videamus.
1911 513 2290 580 Cuiusmodi
2335 513 2456 580 hoc
2493 534 2734 602 agmen
2784 509 2946 578 fuit?

560 617 869 706 Legimus
929 618 1049 684 hoc
1110 640 1164 683 c.
1216 615 1338 684 ¹75:
1400 615 1463 683 οἵ
1501 644 1571 683 τε
1617 618 1802 685 ἄλλοι
1850 619 2062 700 ἔφερον
2109 619 2336 692 πάντες
2389 615 2503 686 ὅτι
2551 646 2647 694 τις
2699 621 2950 685 ἐδύνατο

559 726 888 806 χρήσιμον,
940 724 1042 788 καὶ
1099 724 1149 789 οἱ
1198 724 1453 790 ὁπλῖται
1502 725 1608 790 καὶ
1656 729 1708 792 οἱ
1757 729 1950 802 ἱππῆς
2001 726 2171 809 παρὰ
2221 727 2290 792 τὸ
2337 727 2533 800 εἰωθὸς
2569 727 2657 793 τὰ
2696 725 2951 808 σφέτερ’

564 833 763 896 αὐτῶν
812 831 982 894 σιτία
1031 831 1130 896 ἐπὶ
1180 839 1304 903 τοῖς
1345 827 1590 910 ὅπλοις,
1631 836 1681 899 οἱ
1723 833 1838 911 μὲν
1871 835 2100 918 ἀπορία
2137 833 2502 918 ἀκολούθων,
2537 837 2594 900 οἱ
2618 835 2674 901 δ’
2703 835 2948 916 α’πιςία.

562 939 773 1024 Atque
837 939 943 1004 hic
990 926 1322 1005 commode
1371 940 1810 1027 Xenophontis
1855 943 2144 1008 recordor
2187 943 2252 1006 in
2296 939 2532 1028 Cyrop.
2578 941 2662 1006 11.
2715 940 2786 1006 3.
2839 941 2952 1004 14:

566 1047 743 1122 ἡμεῖς
810 1044 875 1110 δέ
921 1069 1001 1122 γε
1050 1047 1110 1109 ἐν
1155 1045 1463 1124 μεγαλοις
1510 1047 1774 1128 φορτίοις
1824 1047 1929 1112 καὶ
1979 1045 2258 1128 βαδίζειν
2305 1047 2410 1112 καὶ
2458 1047 2708 1128 τρέχειν
2761 1049 2952 1124 ἠναγ-

567 1149 915 1230 καζόμεθα·
964 1147 1079 1219 ὥτε
1126 1157 1229 1216 νῦν
1276 1144 1412 1230 ἐμοὶ
1459 1151 1650 1217 δοκεῖν
1698 1155 1766 1218 τὸ
1807 1160 1922 1218 τῶν
1964 1150 2167 1218 ὅπλων
2205 1153 2463 1237 φόρημα
2500 1163 2752 1232 πτεροῖς
2795 1156 2956 1231 μᾶλ-

568 1272 675 1323 λον
732 1255 989 1323 ἑοικέναι
1055 1261 1088 1333 ἢ
1156 1258 1404 1339 φορτίῳ.
1476 1258 1618 1326 Hoc
1666 1262 1881 1346 ipsum
1930 1267 2060 1330 est:
2105 1261 2245 1341 περί
2289 1285 2360 1325 τε
2405 1269 2530 1334 τοῖς
2579 1261 2952 1342 φορτίοις

569 1363 673 1428 καὶ
740 1363 1015 1428 σκεύεσιν
1078 1365 1129 1428 οἱ
1191 1365 1303 1442 μὲν
1363 1365 1542 1438 εὐθὺς
1606 1365 2040 1453 διεφθείροντο,
2091 1368 2221 1434 κτὲ.
2293 1367 2693 1454 Thucydidis
2741 1366 2954 1432 locum

568 1471 690 1537 Dio
730 1468 987 1536 Cassius
1026 1471 1200 1537 haud
1240 1472 1437 1539 semel
1474 1475 1772 1541 imitatus
1813 1479 1909 1540 est
1945 1480 2010 1540 et
2049 1495 2271 1560 operae
2305 1477 2586 1560 pretium
2625 1478 2728 1540 est
2753 1473 2956 1540 consi-

568 1577 782 1643 derare
828 1575 1145 1642 XXXVI.
1199 1576 1315 1644 49:
1379 1579 1439 1642 ἐν
1487 1583 1697 1661 ταύτῷ
1744 1589 1870 1652 τοῖς
1920 1605 1989 1645 τε
2037 1577 2242 1654 ἵπποις
2294 1580 2400 1646 καὶ
2449 1587 2590 1652 ταῖς
2640 1579 2952 1658 καμήλοις

567 1683 674 1747 καὶ
739 1681 1156 1758 παντοδαποῖς
1220 1680 1390 1750 οὖσι
1458 1687 1561 1751 καὶ
1623 1689 1673 1752 οἱ
1721 1685 1930 1767 ἄνδρες
1980 1683 2084 1752 καὶ
2137 1687 2205 1752 αἱ
2253 1693 2546 1766 γυναῖκες
2595 1683 2956 1766 οἰναςρεφδ-

566 1811 767 1868 μενοι·
816 1789 923 1855 hic
966 1788 1407 1877 Thucydidem
1453 1794 1680 1878 respici
1729 1798 2020 1879 apparet,
2067 1815 2217 1860 nam
2266 1813 2417 1858 mox
2456 1793 2793 1878 sequitur:
2837 1795 2956 1855 κάκ

567 1895 781 1961 τούτου
830 1899 969 1980 ῥᾷον
1017 1893 1131 1962 ἅτε
1182 1897 1284 1962 καὶ
1334 1899 1632 1973 αλλήλοις
1682 1898 2142 1981 ἐμπλαζόμενοι
2192 1899 2551 1981 ἐφθείροντο.
2623 1895 2756 1964 Sed
2807 1895 2956 1983 quid

567 2009 663 2068 est
710 2003 1125 2075 παντοδαποῖς
1177 1999 1393 2069 οὖσιῗ
1440 2003 1661 2071 Scribe
1699 2005 2058 2072 uncialibus
2093 2005 2298 2071 literis
2335 2011 2955 2070 ΠΛΝΤΟΔΛΠΟΙ-

569 2119 831 2175 ΣΟΤΣΙ
875 2116 939 2175 et
979 2112 1282 2176 emicabit
1322 2133 1473 2178 vera
1506 2111 1698 2179 lectio
1722 2119 2778 2188 ΠΑΝΤΟΔΛΠΟΙΣΣΚΕΤΕΣΙ,
2812 2111 2878 2176 h.
2903 2129 2953 2172 e.

571 2216 985 2291 παντοδαποῖς
1032 2241 1169 2282 σκε
1191 2216 1383 2284 ύεσι.
1431 2218 1712 2284 Verbum
1759 2239 1884 2285 non
1926 2218 2174 2284 addam.

660 2420 959 2486 Nondum
1008 2420 1127 2486 hoc
1172 2418 1571 2507 Thucydidis
1619 2425 1810 2507 caput
1855 2419 2180 2486 dimittere
2228 2438 2504 2506 possum.
2560 2415 2650 2484 o?
2687 2442 2764 2484 τε
2822 2428 2948 2482 Πε-

568 2529 1087 2603 λοποννήσιοι
1127 2526 1638 2605 ἐπικαταβάντες
1679 2528 1821 2601 τοὺς
1859 2528 1918 2593 ἐν
1957 2528 2040 2609 τῷ
2077 2526 2340 2609 ποταμῷ
2378 2525 2628 2603 μα’λιςα
2655 2524 2950 2607 ἔσφαζον.

567 2634 821 2701 Dixeris
890 2654 1014 2700 non
1083 2630 1567 2718 Peloponnesios
1629 2634 1736 2699 sed
1797 2632 2224 2721 Syracusanos
2284 2634 2402 2699 hoc
2464 2633 2690 2698 fecisse
2733 2634 2948 2715 itaque

566 2740 995 2827 reponendum
1048 2760 1180 2806 esse
1225 2736 1288 2804 οῖ
1322 2765 1393 2804 τε
1444 2740 1964 2819 Συρακόσιοι.
2016 2740 2418 2825 Quamquam
2465 2744 2616 2805 sunt
2653 2741 2774 2825 qui
2820 2734 2948 2803 vu]-

569 2854 790 2938 gatam
852 2850 1231 2933 scripturam
1294 2868 1591 2913 excusare
1654 2846 1889 2925 velint,
1957 2850 2098 2912 tuto
2143 2850 2360 2913 tamen
2406 2844 2946 2933 Syracusanorum

571 2975 801 3021 nomen
861 2956 1079 3038 reponi
1142 2955 1410 3037 poterit,
1473 2974 1622 3018 nam
1682 2956 1792 3037 qui
1838 2952 2027 3019 modo
2074 2952 2346 3018 attendit
2391 2954 2683 3017 animum
2703 2998 2722 3029 ,
2774 2968 2946 3033 saepe

572 3060 815 3126 videbit
868 3059 1108 3127 multos
1167 3058 1468 3124 mortales
1530 3064 1595 3123 et
1656 3060 1811 3123 dum
1877 3058 2161 3124 scribunt
2207 3062 2272 3124 et
2316 3061 2480 3124 inter
2525 3057 2944 3143 loquendum,

570 3170 780 3235 nescio
829 3186 952 3251 quo
1001 3167 1343 3231 memoriae
1384 3165 1544 3232 vitio
1591 3166 1850 3230 nomina
1889 3166 2142 3250 propria
2179 3164 2560 3230 confundere
2600 3170 2665 3228 et
2703 3161 2940 3227 Titium

572 3272 923 3359 appellare,
972 3293 1161 3357 quem
1202 3272 1553 3338 rectissime
1595 3270 1924 3338 Maevium
1971 3292 2105 3337 esse
2142 3276 2395 3337 norunt.
2443 3270 2512 3334 In
2553 3268 2944 3356 Thucydidis

571 3379 755 3445 libris
801 3379 1060 3449 confusa
1106 3386 1255 3443 sunt
1302 3378 1788 3443 Atheniensium
1829 3384 1891 3443 et
1930 3377 2374 3443 Thebanorum
2416 3378 2676 3442 nomina
2715 3374 2826 3440 VI.
2864 3370 2939 3437 95

574 3492 638 3552 et
685 3485 812 3550 alia
856 3485 1149 3571 exempla
1196 3486 1340 3551 dedi
1370 3477 1465 3549 ¹ad
1515 3484 1813 3571 Longum
1865 3482 2087 3550 Mnem,
2137 3483 2304 3549 XVI.
2357 3481 2489 3547 215
2539 3482 2718 3547 etad
2761 3480 2942 3545 Iulia-

572 3612 728 3658 num
782 3591 1004 3655 Mnem.
1052 3591 1277 3657 XXII.
1328 3589 1480 3658 403.
1528 3591 1714 3656 Nunc
1761 3596 1978 3657 autem
2022 3596 2346 3677 praeterea
2391 3587 2631 3674 aliquid
2672 3586 2938 3659 accedit,

573 3700 739 3787 quod
797 3699 1113 3764 incertum
1177 3719 1301 3783 qua
1361 3699 1437 3763 de
1484 3718 1671 3764 causa
1717 3699 1840 3763 viri
1887 3698 2057 3763 docti
2103 3696 2348 3763 elevare
2395 3700 2733 3763 conantur:
2787 3694 2936 3759 Lon-

572 3807 764 3895 ginus
828 3826 879 3872 c.
945 3804 1029 3869 38
1094 3804 1310 3871 locum
1372 3803 1665 3871 laudavit
1727 3809 2020 3889 recteque
2080 3804 2280 3891 legit:
2353 3802 2414 3868 οἵ
2459 3826 2530 3866 τε
2594 3802 2936 3880 Συρακόσιοι

574 3909 1107 3989 ἐπικαταβάντες.
1179 3911 1307 3977 Hic
1370 3911 1552 3977 credo
1618 3911 2118 3977 Herwerdenum
2182 3912 2248 3975 in
2311 3908 2503 3997 longo
2573 3928 2762 3994 opere
2827 3926 2934 3973 non

574 4018 915 4086 attendisse
978 4020 1263 4084 animum
1286 4067 1301 4096 ,
1366 4039 1515 4084 nam
1579 4020 1849 4083 minime
1912 4019 2134 4084 dubito
2197 4018 2350 4102 quin
2391 4037 2538 4082 eum
2587 4036 2756 4080 nuno
2801 4033 2934 4100 poe-

573 4130 774 4193 niteat
820 4126 1140 4211 scripsisse
1188 4124 1352 4210 quod
1402 4126 1742 4211 scripserit.

666 4344 737 4409 In
786 4350 1008 4411 octavo
1054 4342 1217 4409 libro
1266 4345 1481 4409 statim
1533 4344 1612 4408 ab
1660 4342 1847 4408 initio
1896 4342 2060 4407 mihi
2107 4363 2254 4407 cum
2305 4338 2625 4407 Classenio
2671 4362 2772 4407 res
2817 4344 2928 4413 est,
