3150 5000
549 279 683 346 362
902 239 909 249 '
1585 301 1906 350 nonanus.

542 466 692 552 (τεῦ)
761 462 1146 530 diudicanda
1219 467 1484 530 omissos
1552 487 1590 531 a
1660 487 1766 531 me
1837 487 1972 531 esse
2041 487 2262 531 versus
2331 471 2608 550 quatuor
2681 467 2732 550 (1
2783 463 2920 542 377,

543 581 597 638 ‘r
647 569 802 656 464,
853 581 925 636 Ω.
970 568 1124 670 293.
1175 567 1334 656 311)
1378 609 1458 620 -
1497 575 1637 658 ipse
1675 575 1845 640 enim
1885 571 2300 638 simillimum
2341 570 2624 640 Christii
2669 595 2923 640 errorem

542 685 944 756 nomvem‚
998 679 1067 742 in
1112 678 1333 744 eadem
1382 679 1590 745 forma
1635 681 2085 746 commissum.

634 881 824 950 Nunc
869 903 1018 948 vero
1064 903 1425 968 percurram
1476 884 1614 949 eius
1659 883 1900 949 librum
1921 933 1940 968 ,
1991 889 2066 948 ut
2115 883 2420 949 nonnulla
2465 884 2742 949 indicem
2788 905 2934 970 quae

546 991 762 1056 minus
807 997 977 1056 recte
1024 981 1102 1055 ab
1150 1011 1223 1056 eo
1274 991 1606 1076 disputata
1652 1011 1786 1057 esse
1835 990 1999 1056 mihi
2044 990 2363 1057 videntur.

640 1092 733 1161 De
793 1095 1014 1161 formis
1062 1117 1253 1181 supra
1299 1117 1335 1161 a
1383 1117 1488 1162 me
1536 1099 1827 1162 tractatis
1873 1118 2034 1181 quae
2079 1096 2380 1182 protulit,
2431 1117 2505 1163 ea
2554 1119 2706 1163 cum
2752 1097 2938 1183 perle-

546 1223 766 1292 gerem
831 1223 956 1268 non
1014 1205 1231 1268 inveni
1294 1203 1461 1289 quod
1510 1207 1673 1269 meis
1719 1203 2016 1269 adderem
2043 1253 2058 1277 ,
2109 1204 2218 1268 sed
2265 1203 2570 1289 pleraque
2623 1206 2939 1270 verissime

549 1310 628 1375 ab
697 1329 771 1374 eo
832 1308 1156 1375 diudicata
1217 1329 1353 1376 esse
1410 1310 1571 1378 vidi.
1641 1309 2063 1375 Manifestum
2113 1331 2386 1376 errorem
2439 1333 2648 1377 unum
2697 1319 2934 1378 tantum

549 1415 951 1500 deprehendi.
998 1415 1075 1481 In
1124 1414 1245 1482 fine
1292 1418 1462 1482 enim
1510 1418 1786 1504 paginae
1837 1415 1961 1483 151
2012 1416 2169 1484 haec
2220 1417 2483 1483 scribit:

648 1523 878 1611 „im-{2
940 1532 994 1586 Τ
1043 1521 1173 1588 201
1225 1529 1291 1588 et
1340 1521 1495 1601 432,
1546 1525 1601 1588 si
1645 1518 2131 1609 verbum=quod
2178 1524 2539 1609 insequitur
2587 1523 2940 1602 δειδίξεσθαι

558 1629 850 1714 „proprie
914 1629 1298 1708 δεειδίξεσθαι
1371 1629 1775 1694 scribendum
1841 1631 1963 1695 erit
1982 1678 1997 1708 ‚
2059 1633 2486 1696 necessarium
2551 1631 2840 1708 videtum
2889 1639 2947 1695 at

558 1735 969 1821 ,‚digamma,
1034 1743 1108 1800 ut
1155 1737 1310 1802 alibi
1354 1739 1424 1801 in
1471 1736 1654 1806 δεινός
1705 1737 1869 1803 δεῖσε
1917 1737 2114 1802 δείδια
2160 1738 2422 1802 δείδοικα
2475 1741 2568 1803 sio
2615 1741 2684 1802 in
2737 1737 2946 1801 δειδίσ-

559 1864 792 1920 ,,σ-ομαιι
853 1842 1104 1907 restitui
1166 1864 1288 1908 non
1336 1849 1544 1929 potest
1595 1851 1647 1908 Σ
1703 1841 1852 1919 164,
1903 1846 2012 1928 qui
2060 1863 2282 1909 versus
2328 1843 2551 1929 procul
2597 1844 2800 1909 dubio
2848 1864 2948 1906 ve-

558 1949 834 2027 „tustior
878 1955 973 2014 est
1022 1970 1215 2034 quam
1264 1961 1316 2014 T
1367 1933 1521 2024 201}
1572 1950 1829 2016 videtur
1874 1956 2078 2015 aetate
2126 1951 2496 2016 antecedere
2545 1959 2598 2014 ‘r
2650 1948 2846 2014 432.”

648 2054 828 2120 Haec
874 2076 1019 2120 cum
1068 2056 1345 2142 leg-erem
1369 2103 1385 2135 ‚
1435 2059 1590 2122 satis
1640 2056 1857 2122 mirari
1905 2077 2030 2122 non
2078 2059 2260 2142 potui
2307 2057 2476 2142 quod
2524 2058 2625 2122 vir
2665 2057 2949 2122 eruditus

556 2167 690 2227 tam
736 2159 1001 2226 mirifice
1049 2162 1480 2228 diversissima
1526 2184 1809 2248 quaeque
1855 2166 1921 2227 in
1971 2185 2171 2228 unum
2219 2165 2534 2228 coniceret
2581 2169 2648 2228 et
2715 2171 2950 2249 pertur-

556 2269 753 2333 baret.
827 2267 984 2333 Mox
1034 2289 1177 2334 vero
1225 2269 1589 2335 recordatus
1637 2291 1817 2352 sum,
1869 2290 1971 2334 me
2020 2270 2097 2334 de
2147 2271 2366 2334 eadem
2417 2271 2536 2334 hac
2585 2272 2792 2353 stirpe
2837 2287 2950 2332 non

554 2378 650 2441 ita
711 2376 823 2441 diu
886 2381 1031 2442 ante
1089 2375 1321 2462 legisse
1379 2375 1596 2441 simile
1659 2377 1815 2460 quid
1836 2424 1852 2454 ,
1903 2383 1966 2445 et
2011 2374 2290 2441 evolutis
2338 2375 2608 2440 Christii
2656 2373 2952 2460 Prolego·

557 2483 761 2547 menis
808 2481 974 2561 vidi,
1023 2481 1407 2567 discipulum
1458 2505 1494 2548 a
1544 2485 1851 2571 magistro
1899 2484 1966 2547 in
2007 2503 2278 2548 errorem
2320 2482 2550 2547 abduci
2591 2502 2659 2548 se
2701 2501 2952 2567 passum

556 2589 772 2655 fuisse.
827 2588 965 2671 Quo
1012 2592 1219 2676 magis
1268 2610 1381 2673 pro
1430 2589 1609 2655 virili
1657 2590 2069 2655 obnitendum
2117 2610 2374 2665 censeo,
2421 2610 2498 2653 ne
2537 2588 2634 2653 bis
2674 2587 2954 2673 prolatus

557 2717 730 2764 error
767 2699 1220 2773 inveterescat,
1244 2698 1743 2781 percrebrescat,
1767 2699 2212 2761 auctoritatem
2240 2694 2522 2780 aliquam
2547 2702 2921 2779 assequatur
2935 2712 2948 2767 ;

555 2802 723 2869 nihil
771 2804 940 2868 enim
988 2802 1145 2869 lolio
1192 2805 1505 2869 vivacius.

650 2904 971 2975 Christius
1030 2910 1253 2996 igitur,
1318 2930 1394 2975 ex
1442 2930 1564 2993 quo
1614 2908 1998 2975 Menradum
2048 2908 2318 2993 pendere
2367 2909 2785 2973 manifestum
2835 2912 2951 2981 est,

558 3013 917 3101 Prolegom.
957 3035 1101 3101 pag.
1153 3013 1281 3079 167
1326 3014 1592 3081 lectores
1633 3023 1818 3101 rogat
1850 3022 1922 3080 ut
1947 3022 2322 3080 excusatum
2349 3034 2416 3079 se
2441 3013 2716 3079 habeant
2751 3014 2950 3099 „quod

556 3142 762 3207 neque
820 3120 1040 3193 δεειλός
1088 3123 1360 3187 scribere
1408 3143 1599 3187 ausus
1647 3126 1766 3206 sit,
1819 3142 2021 3203 neque
2070 3121 2289 3185 δνείδιαι
2339 3121 2626 3185 δεείδοικα
2679 3122 2882 3185 δεείδω
2909 3118 2953 3202 1)

563 3227 1010 3306 ῃδεειδίσσομαι
1078 3228 1432 3305 δεειδήμων,
1495 3249 1577 3292 ne
1631 3231 1800 3293 iusto
1848 3227 2059 3313 plures
2106 3225 2275 3291 locos
2319 3226 2666 3291 violentius
2714 3234 2952 3291 tentare

563 3332 992 3421 „cogereturl’
1042 3371 1127 3381 —
1174 3334 1487 3419 Equidem
1550 3355 1674 3399 non
1737 3334 2165 3399 excusandum
2224 3334 2332 3397 sed
2383 3352 2774 3419 magnopere
2821 3332 2953 3396 lau-

557 3439 837 3507 dandum
908 3439 1068 3505 duco
1138 3441 1441 3505 editorem
1462 3491 1479 3523 ,
1553 3441 1721 3525 quod
1783 3461 1906 3505 non
1971 3437 2317 3504 violentius
2386 3440 2726 3504 tentaverit
2789 3437 2952 3503 locos

560 3546 924 3611 sanissimos
987 3568 1110 3631 quo
1174 3547 1499 3612 inveheret
1561 3546 1873 3611 vocabula
1934 3566 2094 3630 quae
2153 3544 2334 3610 nulla
2397 3546 2564 3609 vidit
2626 3552 2802 3609 aetas
2851 3550 2954 3609 aut

562 3654 777 3720 videre
835 3655 1066 3738 potuit.
1139 3657 1194 3717 A
1256 3656 1453 3738 stirpe
1514 3653 1594 3717 Bm
1649 3688 1686 3701 -
1737 3651 1850 3715 Bm
1901 3688 1938 3701 -
1988 3652 2137 3734 Broc,
2203 3672 2392 3735 quam
2459 3650 2786 3735 dig-ammo
2835 3669 2953 3713 non

562 3761 839 3826 caruisse
884 3758 1073 3824 hodie
1122 3764 1365 3825 constat
1410 3780 1486 3824 ex
1538 3760 1905 3825 certissimis
1953 3756 2207 3821 indiciis
2249 3765 2314 3820 et
2352 3760 2632 3840 ipsorum
2669 3756 2949 3839 lapidum

561 3865 980 3941 testimoniis,
1047 3866 1151 3949 (ab
1201 3867 1338 3950 ipso
1386 3860 1665 3931 Christio
1714 3864 1957 3950 proleg.
2009 3884 2068 3947 p.
2127 3860 2251 3926 109
2303 3869 2366 3927 et
2429 3860 2554 3925 167
2595 3862 2950 3944 indicatis),

559 3972 877 4037 ducuntur
940 3971 1256 4037 adiectiva
1318 3969 1539 4044 δεειλός
1592 3978 1656 4035 et
1710 3970 1918 4040 δεεινός
1939 4018 1957 4053 ,
2010 3989 2172 4053 quae
2221 3970 2541 4053 possintne
2591 3968 2847 4031 restitui
2893 3967 2954 4029 in

555 4208 651 4243 non
684 4208 712 4241 e
742 4191 967 4242 carminis
1000 4192 1154 4242 aetate
1186 4206 1425 4241 excusasse
1438 4188 1488 4249 ,”
1525 4192 1682 4247 errat;
1720 4188 1842 4238 nihil
1878 4186 1976 4236 dixi
2017 4187 2135 4247 nisi,
2167 4188 2292 4252 quod
2321 4188 2400 4236 vix
2429 4190 2590 4252 potest
2619 4184 2810 4251 negari,
2831 4183 2954 4246 legi

555 4274 693 4324 illam
735 4274 940 4323 formam
986 4290 1147 4323 versus
1192 4275 1363 4332 initio,
1396 4273 1476 4321 sed
1514 4275 1694 4321 recte
1728 4270 1815 4320 illo
1850 4271 1952 4319 loco
1989 4270 2082 4335 legi
2117 4286 2268 4334 neque
2305 4273 2420 4335 puto
2458 4284 2611 4333 neque
2643 4268 2808 4325 innui,
2847 4282 2954 4327 um-

564 4358 732 4419 νοίμην
765 4358 865 4419 γὰρ
899 4354 973 4405 uu.

634 4442 686 4505 1)
720 4440 863 4504 Quod
896 4443 1173 4505 portentum
1206 4439 1365 4487 fovere
1398 4452 1541 4500 quam
1575 4452 1685 4485 cum
1721 4435 1899 4485 Cobeto
1938 4439 1986 4483 et
2023 4434 2248 4483 Nauckio
2277 4448 2536 4499 procurare
2569 4434 2764 4481 mavult.
