3150 5000
1157 322 1403 374 Pomm
1449 322 1700 374 emm.
2537 302 2612 368 51

337 519 368 560 ε
416 493 545 560 130
636 491 741 573 τὸν
786 492 899 571 μὲν
946 492 1102 570 lyam
1148 490 1399 557 ἐσάωσα
1448 490 1629 571 περὶ
1677 485 1916 570 τρόπιος
1966 488 2252 567 βεβῶτα.

334 602 529 671 Recte
574 602 665 667 sio
709 599 1031 687 legeretur
1051 646 1068 678 ‚
1115 600 1172 664 si
1218 618 1425 664 sermo
1473 602 1638 663 esset
1683 596 1762 661 de
1808 596 2005 674 trabe,
2055 600 2131 660 ut
2173 616 2236 660 v.
2283 590 2434 660 371.
2500 590 2625 658 Sed

244 708 347 774 hio
389 708 813 774 necessarium
864 712 961 771 est
1007 704 1158 770 ἐπι.
1234 704 1334 771 of.
1386 730 1415 769 ε
1466 702 1619 769 115.
1688 726 1739 779 μ
1787 701 1940 767 425.
1994 701 2146 765 444.
2194 725 2236 766 τ
2275 682 2436 767 278.
2499 697 2628 763 Hic
2703 754 2730 770 ..

242 835 486 902 quoqne
535 819 609 881 ut
655 824 713 879 A
762 811 848 879 62
898 816 964 878 et
1007 813 1057 891 β
1106 809 1239 875 434
1284 809 1622 898 legitimus
1666 808 1885 875 hiatus
1930 806 2333 875 oblitteratas
2377 811 2493 873 est.

329 1056 359 1096 ε
407 1029 541 1097 226

512 1138 641 1203 ἐλθ
661 1135 694 1202 ό
706 1164 735 1203 ν
754 1162 793 1202 τ
810 1162 839 1201 ε
858 1160 887 1209 ς
934 1137 991 1203 δ’
1038 1134 1082 1201 ά
1100 1160 1130 1217 ρ
1148 1160 1191 1201 α
1236 1136 1403 1215 τώγε
1446 1137 1632 1215 μυχῷ
1681 1132 1899 1207 σπέεος
1943 1138 2295 1215 γλαφυροῖο

512 1244 845 1331 τερπέσθην
894 1242 1189 1325 Φιλότητι
1240 1244 1385 1324 παρ’
1436 1244 1765 1318 άλλῆλοισι
1813 1265 1864 1319 μ
1883 1237 1912 1304 έ
1929 1264 1960 1305 ν
1977 1263 2004 1305 ο
2018 1266 2048 1304 ν
2065 1264 2106 1305 τ
2121 1264 2173 1307 ε.

330 1350 439 1417 Sic
501 1372 614 1436 pro
675 1350 957 1429 μένοντες
1024 1354 1192 1416 reote
1246 1368 1392 1435 pars
1436 1347 1754 1415 oodieum.
1825 1345 1965 1426 Quo
2009 1350 2262 1431 recepto
2307 1345 2628 1433 corrigen-

242 1458 397 1523 dum
445 1459 759 1543 suspicor:

514 1566 943 1641 εὐνηθέντε
988 1566 1066 1631 δὲ
1111 1567 1278 1644 τώγε
1326 1564 1455 1631 κτὲ.

328 1778 373 1863 ζ
412 1778 549 1845 240

239 1909 266 1950 ο
286 1886 321 1950 ὖ
370 1911 423 1952 π
437 1885 480 1951 ά
503 1910 535 1951 ν
548 1909 590 1950 τ
605 1910 649 1950 ω
666 1909 695 1950 ν
744 1884 957 1960 ἀέκητι
1010 1885 1151 1951 θεῶν
1164 1922 1228 1933 —-
1258 1885 1595 1961 Φαιήκεσσ’
1641 1879 1817 1950 δ’δ’-
1832 1882 2240 1963 ἐπιμίσγεται
2288 1884 2630 1951 ἀντιθέοισι.

326 1990 555 2079 Itaque
599 1991 984 2078 quibusdam
1024 1988 1291 2057 invitis?
1337 1990 1437 2057 'Pu
1474 1995 1624 2079 lege
1671 1989 1993 2063 πάντως
2042 1992 2177 2056 οὐκ
2218 1996 2284 2057 et
2305 1992 2386 2057 cf.
2415 1998 2472 2057 Θ
2498 1990 2632 2057 450

240 2121 280 2162 τ
326 2097 437 2165 91.
486 2122 523 2163 υ
574 2097 678 2165 18.

328 2324 387 2380 Α
440 2312 573 2383 1¹78
624 2312 819 2380 οἴκαδ’
866 2314 965 2381 ἰὼν
1012 2315 1122 2381 σὺν
1168 2313 1343 2390 νηυσί
1387 2339 1475 2380 τε
1524 2323 1668 2397 σῇς
1713 2312 1818 2379 καὶ
1865 2314 2022 2379 σοῖσ’
2069 2314 2330 2393 ἑτάροισι

621 2418 1075 2502 Μυρμιδόνεσσι
1125 2418 1386 2486 ἄνασσε.

332 2525 669 2594 Nauokius
712 2537 968 2615 propter
1011 2529 1284 2594 formam
1330 2548 1451 2595 non
1500 2525 1912 2594 Homericam
1961 2548 2074 2616 pro
2120 2525 2258 2611 σῇσι
2308 2532 2628 2618 eoi-rigen-

243 2633 399 2701 dum
446 2635 809 2720 suspicatur
854 2636 951 2710 νηί
996 2659 1067 2700 τε
1114 2643 1191 2717 σῇ
1216 2683 1233 2713 ,
1296 2635 1405 2701 sed
1452 2633 1738 2700 Achilles
1783 2637 1854 2699 in
1894 2637 2170 2720 patriam
2211 2635 2460 2703 rediens
2505 2657 2632 2704 non

246 2747 379 2808 erat
427 2741 510 2808 ad
558 2739 815 2808 Troiam
865 2741 1206 2809 relicturus
1252 2741 1529 2827 reliquas
1573 2741 2208 2829 undequinquaginta
2251 2761 2465 2809 naves.
2530 2739 2630 2810 cf.

243 2846 296 2912 1.
347 2845 481 2914 359
529 2869 664 2935 sqq.

332 2953 475 3036 Qua
522 2975 589 3020 re
636 2953 960 3021 intellecta
977 3002 995 3032 ‚
1044 2961 1119 3020 ut
1164 2956 1449 3040 suspicor
1465 3002 1483 3033 ,
1538 2973 1664 3022 van
1711 2952 2025 3020 Leeuwen
2070 2956 2308 3021 rectius
2349 2957 2634 3043 reposuit

246 3063 417 3136 νηυσί
460 3085 531 3126 τε
580 3063 751 3143 ‘resae'
799 3061 883 3126 ἰδὲ
930 3067 1084 3127 σοῒσ’
1134 3059 1417 3141 ἑτάροισι.
2507 3145 2510 3148 ᾗ

333 3166 521 3234 Nihil
568 3173 783 3234 autem
831 3167 1105 3254 impedit
1150 3169 1491 3253 quominus
1530 3166 1688 3234 alios
1727 3167 2031 3253 quosdam
2076 3168 2248 3236 locos
2287 3171 2633 3237 tractemus

248 3273 573 3340 similibus
618 3275 799 3340 vitiis
843 3274 1200 3340 laborantes
1220 3323 1238 3358 ‚
1287 3294 1445 3359 quos
1490 3295 1528 3340 a
1575 3273 1867 3340 Nauokio
1915 3279 1980 3340 et
2028 3272 2308 3344 Christio
2357 3281 2469 3342 aut
2507 3296 2633 3343 non

250 3385 523 3447 tentatos
567 3380 754 3448 video
803 3386 915 3447 aut
958 3381 1052 3447 ita
1096 3385 1173 3447 ut
1216 3381 1385 3446 mihi
1432 3380 1694 3466 quidem
1737 3400 1864 3447 non
1909 3384 2354 3467 persuaserint.

338 3607 384 3664 B
434 3594 567 3662 136
626 3595 694 3662 αἱ
744 3595 819 3662 δὲ.
854 3619 970 3662 που
1019 3597 1316 3678 ἧμετεραί
1353 3598 1412 3660 τ’
1463 3593 1686 3678 ἄλοχοι
1734 3596 1839 3662 καὶ
1889 3597 2081 3673 νήπια
2125 3594 2316 3662 τέκνα

624 3699 827 3769 εἵατ’
876 3703 985 3768 ἐν)
1033 3701 1433 3786 μεγάροις
1480 3702 1946 3782 ποτιδέγμεναι.

338 3805 554 3876 Christ
598 3811 928 3896 proposuit
975 3808 1302 3891 μεγάροισι
1349 3809 1752 3888 δεδεγμέναι,
1797 3810 1907 3876 sed
1951 3830 2066 3895 pro
2109 3808 2440 3895 aptissimo
2478 3810 2540 3875 h.
2585 3809 2626 3876 l.

251 3917 583 4002 participio
644 3916 1003 4002 quindecim
1064 3916 1220 3984 locis
1262 3915 1429 3983 lecto
1472 3937 1598 3984 non
1645 3919 1856 3982 ausim
1899 3918 2106 3982 rarius
2155 3921 2218 3982 et
2266 3918 2480 3982 minus
2525 3936 2634 4002 ap·

253 4026 392 4088 tum
432 4021 799 4102 δεδεγμέναι
840 4022 1225 4089 substituere
1246 4072 1261 4099 ,
1304 4045 1451 4089 cum
1494 4026 1864 4109 praesertim
1891 4023 2057 4088 nihil
2080 4028 2256 4089 vetat
2277 4025 2632 4108 transponi:

626 4132 704 4195 ἐν
750 4128 1185 4212 μεγάροισ’
1235 4127 1478 4194 ἕαται
1528 4129 1997 4209 ποτιδέγμεναι.

352 4351 399 4410 Γ
452 4343 580 4412 ¹779

456 4449 652 4528 ξείνια
702 4455 760 4517 τ’
809 4450 877 4520 εὖ
925 4452 1415 4536 παρέθηκεν,
1464 4448 1612 4518 ἅτε
1658 4449 1960 4531 ξείνοις
2008 4451 2178 4529 θέμις
2221 4451 2404 4518 ἐστίν.
